4658 5856
234 346 297 411 503
1095 339 1310 409 Psnnnus
1334 342 1379 408 L..
2160 342 2223 408 504

235 536 301 603 Ubi
323 547 433 602 autem
457 533 622 617 pollicitus
645 544 695 598 est
712 531 803 596 Deus
826 552 861 595 sc
884 529 971 595 votis
993 529 1114 595 nostris
1135 529 1205 595 fore
1343 531 1392 594 16.
1415 530 1520 611 Impia
1541 536 1642 596 cutem
1663 531 1746 597 dicit
1767 529 1865 608 Deus,
1892 530 1976 611 Quid
1992 529 2048 595 tibi
2068 529 2110 593 ad
2131 551 2222 594 enar·

235 623 424 707 propitium,
456 620 600 686 vicissim
623 640 642 683 a
664 617 757 682 nobie
786 615 1021 700 gratitudinem
1051 615 1204 697 postulat.
1255 617 1392 682 rendum
1420 620 1538 681 statuto
1565 637 1643 696 osea,
1673 622 1708 680 ut
1728 637 1838 683 aomos
1864 617 1973 698 scedas
2000 635 2103 681 mom
2129 636 2224 696 super

234 708 340 774 Porro
362 708 418 773 ubi
441 706 592 770 audimus
621 702 861 768 invocationem
891 701 983 784 quasi
1012 702 1135 784 primas
1158 711 1205 766 te·
1256 701 1350 767 lobiis
1367 702 1455 767 tuis?
1481 701 1531 766 17.
1548 701 1592 766 Et
1609 707 1644 766 tu
1660 703 1754 768 odisti
1770 703 1995 781 correctionem,
2018 705 2044 766 et
2059 701 2223 782 proiecisti

235 815 312 860 nere
342 795 384 858 in.
407 792 470 857 Dei
500 791 605 867 cultu,
639 790 666 853 si
696 789 844 869 cupimus
873 800 1019 854 nostram
1050 787 1205 869 pietatem
1255 787 1346 851 uerbo
1367 808 1436 852 meo
1453 793 1525 868 post
1545 793 1582 852 te.
1629 788 1677 853 18.
1703 786 1741 851 Si
1762 788 1870 854 cidens
1889 787 2001 870 farcen,
2025 806 2132 853 curres
2151 807 2223 850 oum

235 901 314 946 vero
332 880 558 962 experimento
578 874 699 952 testari,
718 873 805 938 hunc
819 875 888 938 Dec
903 873 1060 937 honorem
1079 892 1206 937 summo
1255 893 1298 947 ce,
1321 877 1348 939 et
1368 893 1439 939 erun
1460 873 1610 939 maten
1626 875 1731 955 portio
1751 879 1816 938 tou.
1862 873 1912 938 19.
1938 872 1980 939 Oe
2001 878 2089 937 tuam
2110 874 2223 938 emitis

235 965 342 1032 studio
364 966 530 1047 integrum
554 971 587 1024 et
605 960 767 1025 illibatum
787 959 913 1023 deferre
931 958 1095 1024 convenit.
1130 956 1205 1037 Quo
1256 959 1298 1023 od
1319 959 1447 1035 molam,
1477 959 1638 1042 aliaque
1666 965 1722 1024 tuo
1749 960 1840 1024 nectit
1864 959 1976 1026 dolum.
2021 959 2073 1024 20.
2096 957 2223 1022 Sedebit

235 1052 361 1116 foedior
388 1070 425 1115 ac
454 1047 559 1130 magis
588 1043 787 1110 detestabilis
817 1044 880 1110 tuit
910 1044 1095 1126 corruptela
1123 1062 1206 1124 quae
1255 1048 1360 1109 contro
1390 1045 1525 1127 fratrem
1557 1051 1662 1128 tuom,
1696 1045 1832 1126 loqueris
1859 1051 1965 1112 contro
1995 1045 2081 1126 filios
2109 1045 2224 1108 neutris

235 1137 345 1202 adhuc
368 1134 465 1200 hodie
488 1143 657 1217 grassatur
679 1131 712 1194 in
736 1139 868 1214 papatu,
891 1129 1025 1213 angelos
1047 1138 1080 1194 et
1103 1127 1206 1193 homi·
1256 1132 1337 1208 tuoe,
1358 1135 1472 1196 siolum
1489 1130 1653 1212 probrum.

236 1244 294 1288 nes
328 1232 474 1287 mertuos
507 1223 628 1282 temere
662 1216 734 1280 Deo
767 1216 911 1280 miscere.
967 1215 1138 1281 Excusant
1170 1236 1205 1279 se

237 1327 391 1391 quaerere
424 1314 579 1389 patrones
618 1323 755 1385 quorum
792 1300 942 1384 precibus
976 1299 1063 1383 apud
1097 1301 1205 1365 Deum
1343 1301 1393 1365 16.
1423 1301 1544 1385 (Impio
1573 1301 1702 1385 cutem.)
1753 1300 1851 1368 Nunc
1881 1301 2026 1385 apertius
2055 1300 2225 1365 invehitur

235 1395 400 1459 inventur.
437 1388 503 1456 Sed
526 1388 631 1471 prime
654 1387 734 1453 satis
757 1396 892 1464 constat,
916 1385 993 1467 quia
1015 1407 1079 1451 nen
1103 1405 1204 1469 agno·
1256 1387 1289 1450 ic
1315 1388 1439 1453 fucatos
1461 1386 1526 1450 Dei
1556 1388 1712 1464 cultores,
1742 1408 1879 1470 quorum
1910 1396 1979 1452 teta
2009 1388 2124 1471 religio
2153 1394 2225 1449 crat

235 1479 339 1545 scitur
361 1476 513 1542 Christus
543 1472 711 1550 mediator,
740 1473 774 1536 in
799 1472 870 1537 eius
898 1472 1003 1545 lecum
1034 1471 1205 1555 subrogari
1256 1473 1477 1538 caeremonias
1498 1472 1637 1538 obiicere
1659 1471 1742 1556 Deo,
1771 1494 1808 1539 ac
1831 1473 1859 1538 si
1882 1473 2008 1538 fumum
2031 1473 2133 1539 oculis
2154 1473 2225 1536 eius

235 1564 289 1647 qui
312 1563 442 1647 patroni
465 1572 632 1626 vocantur.
676 1558 805 1623 Deinde
820 1558 950 1639 ‚formae
973 1556 1125 1639 precandi
1148 1578 1204 1639 pa·
1256 1556 1502 1643 adspergercnt,
1524 1567 1562 1622 ut
1579 1560 1700 1624 scimus
1719 1558 1879 1624 mundum
1898 1559 2037 1623 libenter
2054 1557 2117 1622 sub
2134 1557 2226 1622 falsis

233 1649 299 1714 lam
330 1649 530 1714 convincunt
559 1643 685 1709 nullum
710 1644 772 1708 Dei
802 1657 835 1708 et
864 1641 1038 1708 cuiuslibet
1066 1642 1206 1709 sanctuli
1257 1645 1382 1709 umbris
1404 1643 1601 1709 delitescere.
1633 1644 1698 1709 Hic
1716 1664 1794 1727 ergo
1816 1644 2124 1727 pronuntiatDeus,
2142 1641 2225 1706 nihil

234 1734 348 1801 haberi
378 1733 570 1810 discrimen,
599 1730 752 1813 quoniam
782 1729 871 1794 nullo
901 1728 1048 1793 adhibito
1078 1727 1205 1794 delectu
1258 1728 1344 1812 apud
1375 1750 1412 1794 sc
1439 1730 1594 1812 proficere
1625 1730 1680 1812 qui
1708 1731 1838 1812 impuro
1867 1729 1957 1795 cordi
1985 1740 2019 1794 et
2048 1730 2225 1796 sceleratae

233 1820 430 1887 tantundem
462 1841 481 1883 a
509 1815 663 1894 Claudio,
694 1825 853 1897 quantum
883 1814 996 1879 aDec
1025 1813 1205 1897 postulant:
1259 1818 1346 1881 ritae
1369 1817 1590 1882 caeremonias
1608 1815 1800 1881 obtendunt.
1824 1816 1929 1882 Haec
1946 1817 2120 1896 sententia,
2143 1835 2225 1896 quae

234 1919 267 1971 et
301 1904 497 1972 dominicam
537 1902 715 1967 oraticnem
755 1900 795 1965 ad
830 1907 972 1965 statuam
1007 1899 1207 1966 catharinae
1259 1901 1359 1984 recipi
1382 1901 1538 1967 debuerat
1558 1902 1724 1975 communi
1746 1902 1891 1967 omnium
1912 1922 2082 1978 censensu,
2113 1921 2224 1983 aeger·

234 1991 369 2075 perinde
392 1987 548 2055 effutiunt
571 2007 608 2051 ac
631 1987 659 2053 si
677 1988 747 2051 Deo
769 1985 999 2069 supplicarent.
1038 1985 1107 2051 Nec
1130 2005 1207 2050 vere
1259 1988 1340 2052 rime
1359 1997 1392 2052 et
1409 1985 1506 2053 valdo
1528 1987 1652 2069 iniquis
1675 1985 1807 2052 auribus
1830 1985 1916 2070 apud
1935 1988 2073 2053 Iudaeos
2095 1995 2226 2068 accepta

258 2079 384 2161 apiatas
409 2096 467 2140 suc
495 2072 615 2138 iudicio
645 2079 791 2136 mortuos
820 2069 1000 2137 invocando
1029 2071 1206 2154 quidquam
1260 2073 1328 2138 luit.
1366 2073 1439 2139 Uno
1461 2070 1590 2156 quidem
1614 2071 1711 2137 verbo
1733 2073 1876 2137 latentur
1896 2093 2019 2152 omnes,
2044 2070 2144 2155 pollui
2162 2069 2225 2135 Dei

234 2101 300 2227 liei
331 2161 446 2227 honori
480 2157 653 2242 derogant,
688 2159 763 2240 quia
793 2157 920 2222 nullum
953 2163 1107 2222 statuunt
1138 2156 1208 2222 eius
1259 2158 1384 2224 cultum
1414 2158 1478 2223 nisi
1507 2158 1633 2224 sincere
1654 2177 1686 2223 ec
1709 2180 1752 2223 ex
1773 2159 1881 2223 animo
1910 2159 2051 2224 colatur:
2082 2155 2225 2240 profanis

235 2248 358 2315 cultum
390 2247 425 2312 in
448 2244 609 2329 precibus.
655 2242 711 2309 Sic
732 2243 820 2307 enim
850 2240 1039 2308 balbutiunt
1067 2240 1106 2308 de
1131 2241 1207 2308 adc-
1259 2243 1359 2309 etiam
1380 2245 1484 2326 poetis
1505 2252 1635 2310 extorta
1656 2243 1721 2308 fuit
1742 2243 1821 2310 haec
1842 2243 2018 2311 confessio:
2049 2256 2082 2307 et
2104 2244 2226 2308 scimus

234 2337 362 2400 ratione
379 2332 505 2406 latriae,
523 2340 560 2395 ut
573 2327 657 2393 nihil
674 2328 872 2394 invocationi
891 2327 1012 2393 faciant
1029 2327 1207 2394 residuum.
1259 2330 1415 2395 scelestos
1437 2351 1457 2395 a
1478 2329 1646 2396 sacrificiis
1668 2341 1701 2394 et
1724 2330 1921 2414 templorum
1943 2330 2097 2413 ingressu
2126 2328 2225 2391 fuisse

234 2420 338 2502 Atqui
362 2418 391 2485 si
412 2415 512 2501 proba
535 2413 750 2496 expendimus
778 2413 956 2498 prophetae
979 2415 1087 2492 verba,
1117 2412 1206 2479 colli·
1259 2416 1452 2498 prohibitos.
1496 2414 1632 2480 Interim
1657 2414 1910 2499 quodomnium
1933 2412 2225 2481 cordibusinscul·

233 2527 311 2589 gere
334 2516 520 2586 promptum
544 2500 608 2563 crit
629 2499 802 2582 collapsam
826 2520 896 2565 esse
919 2506 1018 2566 totam
1042 2500 1206 2582 pietatem,
1259 2509 1353 2584 ptum
1385 2510 1472 2581 erat,
1512 2502 1650 2566 suffocat
1683 2500 1883 2584 hypocrisis,
1920 2500 2063 2584 adeoque
2095 2499 2225 2583 penitus

234 2592 297 2656 nisi
326 2592 497 2654 invocetur
526 2585 615 2650 solus
647 2586 747 2650 Deus.
792 2582 903 2667 Siquis
932 2587 1076 2669 papistas
1105 2594 1207 2669 reget,
1259 2586 1420 2663 obliterat,
1443 2596 1480 2651 ut
1498 2585 1640 2651 audeant
1657 2586 1871 2670 impurissimi
1888 2586 2008 2669 quique
2025 2607 2061 2653 se
2080 2586 2226 2669 ingerere

233 2697 276 2740 an
304 2675 434 2741 licuerit
464 2672 646 2737 sacrificare
675 2669 861 2735 hominibus
891 2671 1044 2736 mortuis:
1078 2671 1208 2736 fortiter
1259 2671 1526 2754 inconspectum
1548 2671 1628 2749 Dei,
1659 2672 1751 2754 quasi
1779 2671 1907 2738 frivolis
1936 2673 2033 2755 nugis
2061 2691 2139 2736 cum
2167 2667 2225 2735 sibi

234 2761 414 2844 negabunt,
446 2769 479 2823 et
501 2777 596 2821 vere:
628 2765 723 2838 atqua
752 2754 847 2819 hodie
878 2756 968 2820 celas
998 2777 1070 2822 esse
1092 2777 1206 2821 cence-
1261 2757 1448 2823 devinctum
1479 2766 1638 2822 tenerent.
1683 2757 1800 2840 Itaque
1828 2778 1895 2824 nen
1922 2759 1994 2823 sinc
2020 2776 2150 2824 summa
2172 2776 2226 2819 ne-

235 2848 333 2924 dunt',
368 2842 564 2909 sacrificium
595 2841 711 2905 offerre
734 2841 834 2905 Petro
857 2841 908 2907 vel
932 2842 1050 2922 Paulo,
1083 2842 1160 2924 quia
1189 2863 1208 2906 a
1261 2843 1411 2909 cessitate
1430 2843 1525 2907 toties
1543 2841 1721 2908 doctrinam
1744 2843 1831 2910 hanc
1847 2843 2014 2909 inculcant
2031 2842 2225 2927 prophetae:

235 2942 302 2996 tam
336 2951 447 2996 crasso
476 2927 647 3011 sacrilegio
681 2925 835 2991 abhorret
868 2928 1050 2992 communis
1082 2948 1207 2993 sensus.
1260 2950 1325 3011 quc
1347 2928 1452 3012 magis
1473 2929 1622 2993 laborant
1644 2928 1736 3011 impii
1757 2928 1793 2993 in
1816 2928 2000 2995 simulanda
2029 2930 2161 3013 pietate,
2190 2947 2226 2991 ee

234 3017 338 3100 Atqui
368 3017 459 3081 Deus
488 3013 728 3078 invocationem
762 3012 812 3078 sui
843 3013 987 3077 nominis
1020 3013 1206 3096 praeferens
1260 3015 1396 3098 gravius
1428 3013 1490 3078 sibi
1524 3034 1687 3079 accersere
1725 3013 1880 3081 iudicium
1923 3013 2042 3079 talibus
2081 3012 2226 3079 fallaciis.

234 3103 386 3169 omnibus
414 3100 596 3174 sacrificiis,
627 3119 737 3163 annon
764 3097 876 3180 'palam
907 3097 1108 3165 demonstrat
1138 3120 1203 3165 non
1261 3099 1334 3165 Imc
1358 3110 1520 3182 utcunque
1543 3099 1661 3166 clamet
1682 3101 1819 3183 spiritus
1841 3100 1905 3166 Dei
1927 3100 2136 3184 sacrilegium
2159 3117 2227 3164 csse

233 3207 329 3272 posse
351 3187 473 3268 absque
495 3204 623 3251 summe
646 3183 771 3268 piaculo
797 3184 946 3250 invocari
968 3193 1115 3250 mortuos
1144 3185 1201 3250 ho-
1262 3186 1403 3251 nominis
1423 3184 1487 3249 Dei
1510 3186 1658 3263 abusum,
1679 3187 1751 3253 sine
1773 3207 1853 3252 vera
1875 3186 1941 3252 fide
1963 3196 1995 3251 et
2017 3185 2227 3269 poenitentia,

232 3272 362 3340 mines?
401 3271 497 3341 Unde
527 3270 688 3353 sequitur,
721 3269 865 3354 papistas
901 3271 1049 3353 quamvis
1082 3270 1201 3337 millies
1261 3280 1433 3336 externam
1456 3271 1586 3354 pietatis
1608 3272 1748 3355 speciem
1778 3272 1959 3351 ostendere,
1989 3271 2135 3355 Papistis
2164 3269 2227 3334 dia

234 3381 341 3443 genua
362 3360 497 3424 flectant
518 3377 627 3421 coram
649 3354 730 3435 Dec,
753 3356 962 3438 praecipuum
993 3365 1104 3420 tamen
1132 3356 1201 3441 glo·
1260 3356 1383 3422 bolicus
1402 3356 1455 3422 hic
1473 3377 1564 3422 error
1583 3358 1690 3422 excuti
1709 3379 1773 3422 non
1793 3370 1907 3441 potest,
1930 3359 2080 3423 sufficere
2098 3354 2227 3422 finalem

233 3446 303 3510 riae
324 3464 402 3509 suae
424 3451 524 3526 caput
541 3442 571 3505 ei
589 3441 722 3523 cripere,
746 3440 824 3505 dum
842 3453 918 3506 vcta
936 3461 995 3505 sua
1013 3442 1054 3507 ad
1072 3449 1203 3508 sanctes
1262 3443 1479 3507 intentionem
1501 3441 1551 3528 (ut
1573 3442 1764 3527 lequuntur)
1788 3456 1825 3508 ut
1847 3442 2006 3509 evanidas
2028 3461 2135 3526 nugae
2156 3439 2228 3504 Dec

234 3538 441 3596 convertunt.
487 3525 583 3607 Quod
606 3537 717 3591 autem
740 3548 894 3609 expressa
915 3527 952 3590 fit
974 3528 1096 3592 mentio
1118 3527 1200 3592 alfii·
1262 3529 1419 3611 placeant.
1453 3529 1617 3593 Fatentur
1639 3528 1770 3611 quidem
1789 3550 1853 3594 non
1873 3529 1991 3594 mereri
2009 3528 2050 3594 de
2068 3526 2229 3609 condigno

233 3617 358 3692 ctionis,
382 3637 445 3679 non
469 3633 586 3696 parum
609 3610 715 3676 solatii
737 3613 833 3677 affert
853 3612 992 3677 infirmis
1014 3633 1051 3678 ac
1067 3613 1202 3695 trepidis
1261 3615 1325 3679 nisi
1347 3613 1403 3697 qui
1425 3615 1560 3679 suntin
1583 3624 1671 3680 statu
1693 3615 1835 3698 gratiae:
1865 3614 1922 3680 sed
1954 3615 2034 3680 hacc
2062 3611 2229 3696 persuasio

233 3700 409 3767 mentibus.
448 3698 535 3764 Nam
557 3696 692 3763 simulac
710 3697 842 3781 signum
864 3696 990 3782 gratiae
1011 3719 1089 3763 suae
1111 3698 1203 3763 Deus
1262 3700 1348 3781 apud
1372 3720 1425 3764 ees
1448 3699 1591 3778 obtinet,
1622 3700 1733 3766 valere
1761 3698 1802 3765 ad
1831 3700 2113 3783 praeparationem
2142 3694 2230 3761 nuda

233 3786 396 3867 subducit,
420 3785 546 3867 obrepit
568 3782 726 3848 dubitatio
745 3803 917 3849 ausuram
940 3783 1105 3866 suscipere
1123 3783 1203 3849 velit
1262 3785 1394 3867 pietatis
1419 3785 1589 3864 exercitia,
1619 3786 1768 3868 quamvis
1798 3785 1882 3855 absit
1910 3783 2017 3853 cordis
2044 3783 2229 3868 integritas.

234 3873 350 3939 salutis
368 3884 509 3948 nostras,
527 3869 593 3933 imo
612 3866 795 3935 diffidentia
811 3889 870 3935 nos
885 3867 1049 3934 sollicitat.
1079 3867 1204 3934 Contra
1262 3871 1315 3935 Ita
1336 3871 1364 3936 si
1387 3871 1566 3937 monachus
1588 3871 1629 3936 ab
1650 3873 1778 3956 impuro
1799 3872 1880 3940 lecto
1903 3892 2053 3956 surgens,
2074 3890 2112 3936 cs
2133 3887 2230 3933 sunm

233 3980 311 4022 vcro
330 3958 422 4024 Deus
444 3957 541 4022 rebus
562 3954 709 4021 adversis
732 3956 825 4037 quasi
847 3954 990 4021 stimulis
1012 3976 1069 4020 nes
1087 3955 1203 4039 pungit
1262 3955 1424 4041 pollutum
1446 3968 1479 4021 et
1495 3956 1654 4024 foetidum
1673 3957 1825 4024 obtrudat
1843 3959 1924 4035 Dec,
1947 3971 1981 4024 ct
1997 3953 2143 4042 psalmos
2160 3953 2231 4019 sina
2270 4022 2273 4026 ,

235 4042 276 4106 ad
305 4064 340 4109 se
372 4040 592 4126 quaerendum
626 4051 658 4105 ct
690 4040 916 4107 invocandum.
969 4041 1043 4107 Hoc
1075 4061 1203 4123 queque
1262 4042 1331 4108 ulle
1346 4041 1451 4108 cerdis
1466 4043 1585 4110 affectu
1604 4042 1765 4109 cantillst:
1787 4042 1902 4125 siquis
1920 4044 1971 4108 val
1989 4051 2159 4120 scortator,
2177 4036 2232 4104 rel

236 4127 409 4210 diligenter
441 4127 620 4192 notandum
653 4136 717 4204 est,
750 4136 830 4192 tune
862 4146 974 4209 preces
1003 4133 1132 4191 nostras
1162 4125 1203 4190 ad
1263 4128 1422 4211 periurus,
1453 4128 1506 4192 vel
1530 4128 1651 4213 rapinis
1674 4126 1811 4208 deditus,
1839 4128 1957 4205 missis,
1986 4127 2111 4193 votivis
2136 4145 2230 4209 perc·

234 4212 384 4296 regulam
410 4212 511 4296 probe
540 4210 654 4276 orandi
684 4212 830 4287 fermari,
865 4210 919 4276 ubi
949 4232 1008 4277 nos
1032 4221 1203 4295 praecepto
1262 4212 1513 4299 grinationibus,
1543 4224 1576 4278 et
1597 4212 1757 4279 similibus
1786 4214 1884 4298 nugis
1911 4213 2034 4279 scelera
2055 4233 2117 4278 sua
2144 4209 2229 4276 redi·

234 4319 294 4364 suc
317 4298 432 4362 invitat
451 4298 551 4374 Deus,
574 4310 608 4363 et
625 4296 735 4362 addita
757 4297 969 4380 promissione
991 4297 1030 4362 ad
1049 4298 1202 4364 fiduciam
1263 4310 1349 4365 mat:
1383 4299 1503 4364 nolunt
1535 4299 1663 4364 irritum
1697 4319 1766 4365 esse
1800 4299 1954 4365 laborem.
2005 4299 2059 4364 Ex
2091 4296 2230 4363 adverso

234 4382 432 4469 impetrandi
466 4384 599 4447 animat.
655 4381 751 4463 Quod
784 4384 890 4449 locum
925 4382 1011 4447 hune
1045 4382 1084 4449 de
1118 4386 1203 4450 votis
1264 4394 1372 4450 antem
1403 4384 1556 4449 reclamet
1578 4384 1680 4462 Deus,
1711 4406 1775 4449 nen
1804 4385 1901 4451 mcdc
1930 4404 2064 4468 operam
2093 4380 2227 4466 perdere

234 4469 411 4536 reddendis
434 4468 582 4552 papistas
604 4467 645 4531 ad
667 4467 831 4549 quaelibet
853 4475 929 4535 vcta
951 4468 1098 4547 trahunt,
1131 4469 1202 4550 qui·
1263 4471 1318 4553 qui
1348 4478 1488 4536 externa
1515 4470 1645 4552 pictatis
1669 4469 1765 4553 signa
1784 4493 1804 4535 a
1824 4471 1889 4538 fide
1911 4480 1945 4537 et
1967 4470 2095 4537 sincero
2125 4465 2227 4533 cordis

234 4555 295 4622 bus
313 4565 435 4622 temere
453 4565 486 4619 ct
504 4554 573 4619 sine
597 4551 723 4617 delectu
746 4555 941 4637 permittunt
963 4554 1025 4619 sibi
1043 4576 1117 4619 cum
1131 4555 1203 4619 Dec
1263 4556 1382 4622 affectu
1413 4556 1622 4638 disiungunt,
1655 4555 1712 4622 sed
1740 4558 1900 4641 sacrilegii
1929 4577 2003 4623 reos
2032 4576 2119 4635 esse,
2153 4552 2226 4636 quia

234 4640 359 4721 ludere,
388 4641 485 4705 nimis
508 4639 678 4720 pueriliter
701 4639 877 4722 ineptiunt.
922 4639 1059 4711 Certum
1082 4650 1142 4719 est,
1168 4649 1204 4705 nt
1263 4641 1398 4707 nomine
1425 4662 1484 4706 suc
1507 4661 1674 4724 perperam
1697 4640 1886 4707 abutuntur.
1931 4646 2040 4725 Atque
2069 4638 2225 4708 hocloco

235 4750 341 4810 nuper
363 4726 516 4801 diximus,
548 4725 588 4788 de
610 4724 737 4789 solenni
768 4727 946 4807 gratiarum
977 4729 1103 4791 actione
1132 4727 1202 4810 agi:
1264 4729 1373 4792 tritam
1392 4726 1602 4792 obiectionem
1621 4726 1717 4792 diluit
1735 4726 1892 4810 propheta
1909 4741 1942 4793 et
1962 4728 2089 4804 refutat,
2116 4720 2224 4808 Quid?

235 4816 299 4895 ipsi
321 4825 431 4879 autem
455 4813 540 4878 votis
569 4811 637 4875 suis
666 4829 740 4873 eum
764 4811 834 4875 Dec
862 4812 1076 4894 paciscuntur
1103 4811 1144 4877 ad
1169 4833 1204 4877 se
1264 4833 1376 4879 annon
1405 4811 1514 4894 alique
1542 4813 1657 4878 saltem
1687 4811 1758 4878 loco
1788 4813 1940 4879 admittet
1961 4812 2055 4878 Deus
2082 4834 2166 4896 quac
2195 4810 2224 4875 in

235 4898 451 4963 redimendos.
488 4895 614 4961 Deinde
633 4896 668 4959 in
687 4896 770 4960 vetis
789 4895 1017 4980 nuncupandis
1040 4897 1121 4962 adeo
1139 4919 1204 4962 nen
1264 4901 1333 4964 cius
1355 4897 1511 4963 honorem
1533 4900 1617 4963 fiunt
1634 4898 1812 4965 sacrificia?
1837 4897 2096 4972 Ostenditcnim
2114 4898 2225 4963 merite

235 4998 352 5049 curant
374 4983 451 5066 quid
473 4983 545 5048 Deo
568 4981 734 5065 probetur,
765 4996 801 5044 ut
826 5003 944 5048 vevere
967 5004 1032 5048 non
1056 4983 1205 5048 dubitent
1264 4985 1325 5050 hcc
1348 4982 1413 5047 illis
1436 4984 1469 5047 in
1492 4982 1615 5048 crimen
1638 4985 1804 5068 imputari:
1827 4985 1905 5068 quia
1921 4985 1993 5050 Dee
2015 4983 2225 5057 mentiuntur,

236 5089 318 5150 quae
341 5071 446 5152 palam
471 5077 655 5152 repugnent
677 5069 746 5133 eius
771 5065 875 5132 verbe.
1238 5112 1242 5163 l
1264 5069 1477 5152 quantumin
1499 5090 1534 5133 se
1556 5078 1615 5148 est,
1642 5089 1834 5154 sacrumque
1856 5071 1926 5136 eius
1948 5091 2066 5137 nemen
2096 5065 2226 5154 indigna

1238 5154 1446 5292 'profanant
1490 5152 1676 5236 Improbum
1706 5157 1792 5221 enim
1815 5178 1926 5222 eorum
1950 5157 2118 5226 audaciam
2139 5174 2225 5224 coar·

1267 5239 1337 5323 guia
1365 5238 1417 5305 his
1440 5240 1558 5319 verbis,
1592 5241 1674 5325 Quid
1702 5240 1759 5306 tibi
1780 5246 1814 5307 ot
1834 5246 1953 5311 succo
1980 5264 2049 5310 meo
2075 5238 2224 5314 mnes?
