4658 5856
154 310 219 381 329
695 421 698 426 Ι
942 317 1158 387 PSALMUS
1180 317 1351 383 XXXIII.
2082 320 2146 386 330

241 505 292 576 10.
323 508 452 596 (Iebooa
473 509 609 592 dissipat
629 507 796 574 cacatum
821 506 984 594 pontium.)
1027 508 1124 573 Post·
1176 505 1209 570 in
1239 505 1304 572 Dei
1332 529 1433 574 manu
1467 519 1500 574 et
1532 508 1666 576 arbitrio
1695 529 1766 575 esse
1795 507 2051 592 dissipationem.
2102 512 2143 578 In

156 617 251 682 quam
285 595 430 662 breuiter
462 595 574 680 attigit
606 592 720 659 mundi
753 594 966 672 creationem,
999 593 1040 660 ad
1072 594 1124 659 in·
1176 591 1238 657 hac
1278 594 1420 675 practica
1458 595 1575 661 notitIa
1605 593 1704 660 fidem
1738 604 1884 660 nostram
1922 594 2013 662 hand
2046 595 2144 665 dubie

155 683 307 751 stitutum
330 700 512 748 sermonem
536 680 630 758 redit,
653 680 858 763 quotidianos
879 679 1002 746 scilicet
1024 699 1123 744 even·
1175 680 1319 744 exerceri
1353 680 1459 746 voluit
1487 681 1639 764 spiritus:
1672 679 1749 762 quia
1778 679 1934 765 frigidum
1962 681 2081 766 alioqui
2112 694 2144 749 et

156 781 210 835 tus
232 779 338 836 certos
360 787 431 834 esse
476 766 676 833 residentiae
698 764 762 831 Dei
787 774 895 833 testes.
939 766 1052 845 Porro,
1082 786 1124 830 ne
1174 763 1284 828 fructu
1312 786 1454 832 vacuum
1477 767 1619 850 elogium
1639 766 1702 832 hoc
1723 777 1817 831 esset
1847 768 1877 831 A
1916 768 1950 833 ui
1971 765 2028 832 ubi
2051 768 2143 836 nobis

153 855 228 939 quis
249 854 406 932 miretur,
473 872 548 917 eum
578 851 632 917 hic
661 851 814 918 inducia
844 850 1003 935 propheta
1031 853 1123 934 quasi
1176 852 1376 932 propositum
1398 851 1505 927 fuerit,
1528 850 1637 928 Deum
1654 872 1730 919 suos
1748 852 1834 917 tueri
1851 853 1903 918 vel
1918 874 1945 933 e,
1967 862 2001 918 et
2018 856 2144 939 cripere

155 940 344 1007 bominibus
373 937 565 1018 adversum,
598 936 652 1021 qui
686 937 822 1022 dissipet
849 958 959 1003 eorum
990 936 1124 1003 consilia
1175 954 1216 998 ex
1246 936 1396 1003 omnibus
1426 937 1578 1021 periculis
1605 939 1792 1021 quicunqne
1814 937 1886 1003 eius
1908 959 2026 1004 nomen
2049 940 2143 1005 invo-

155 1026 385 1112 potiusquam
408 1022 562 1103 stabiliat,
589 1033 623 1089 et
651 1023 692 1090 ad
722 1043 915 1107 prosperum
937 1043 1123 1089 successum
1175 1028 1260 1099 caut,
1301 1021 1458 1105 quidquid
1496 1023 1670 1089 moliantur
1709 1023 1744 1087 in
1778 1024 1955 1106 perniciem
1996 1037 2143 1091 nostram

156 1111 306 1189 adducat,
336 1109 522 1193 exemplum
540 1108 640 1193 elegit
661 1108 745 1192 quod
768 1109 810 1175 ad
831 1109 959 1193 piorum
981 1107 1125 1174 consola-
1175 1104 1276 1188 impii,
1299 1128 1358 1173 uos
1381 1108 1515 1174 minime
1538 1108 1706 1176 terrebunt
1727 1129 1840 1174 eorum
1861 1109 1970 1176 studia
1992 1117 2026 1175 et
2047 1130 2143 1178 cona·

155 1200 278 1265 tionem
301 1197 444 1262 maxime
466 1194 604 1260 valebat.
639 1194 770 1261 Scimus
791 1197 878 1262 enim
901 1216 998 1278 quam
1022 1193 1124 1259 multa
1176 1199 1245 1256 tus:
1275 1193 1352 1275 quia
1381 1195 1479 1260 simul
1509 1215 1547 1260 ac
1568 1193 1661 1260 Deus
1683 1215 1718 1261 se
1739 1196 1937 1279 opposuerit,
1968 1196 2060 1262 nulla
2081 1198 2144 1263 erit

75 1347 78 1351 ,
154 1285 283 1351 assidue
315 1281 458 1348 audeant
493 1279 659 1358 homines,
696 1291 730 1347 et
762 1291 891 1365 praeter
926 1281 977 1347 ius
1010 1290 1043 1344 et
1075 1279 1125 1345 fas
1176 1279 1295 1342 astutia
1317 1300 1399 1362 quae
1421 1281 1491 1346 eius
1513 1279 1684 1347 consilium
1707 1280 1826 1346 eludat.

154 1368 394 1446 machinentur,
424 1374 461 1431 ut
488 1368 556 1433 suis
585 1367 711 1433 ortibus
741 1374 843 1432 totum
872 1367 1030 1432 mundum
1052 1387 1124 1449 pcr-
1263 1363 1313 1428 12.
1335 1363 1455 1452 (Beato
1474 1387 1552 1450 pets
1571 1368 1623 1433 cui
1644 1366 1759 1433 Iebooa
1780 1365 1845 1452 etc.)
1884 1368 1972 1449 Apte
1992 1367 2144 1433 cohaeret

154 1467 285 1522 vertare
306 1461 477 1531 conentur,
506 1462 544 1518 ιιι
574 1474 608 1518 se
630 1454 801 1536 tyrannice
829 1453 968 1518 efferant
997 1451 1037 1517 ad
1059 1452 1123 1518 cal·
1175 1447 1229 1514 hic
1263 1471 1378 1518 versus
1411 1473 1485 1518 cum
1519 1454 1684 1536 proximo:
1718 1453 1794 1535 qnia
1827 1473 1940 1536 parum
1975 1454 2144 1537 prodesset

155 1540 274 1608 candos
296 1541 398 1606 bonos
419 1548 454 1602 et
468 1538 644 1622 simplices,
667 1537 744 1621 qnid
762 1559 839 1624 ergo
854 1538 948 1605 nobis
964 1538 1124 1615 miserius,
1176 1534 1259 1616 quod
1301 1534 1341 1602 de
1380 1540 1598 1621 perpetuitate
1648 1538 1777 1605 consilii
1816 1538 1878 1603 Dei
1919 1536 2041 1604 dictum
2081 1542 2144 1607 fnit

155 1628 241 1694 siin
263 1635 357 1692 tanta
377 1622 512 1690 libidine
534 1626 693 1708 permissa
722 1624 788 1690 illis
816 1635 904 1690 esset
924 1623 1125 1707 exsequendi
1176 1629 1297 1702 tenere,
1326 1623 1389 1688 nisi
1418 1623 1459 1687 ad
1492 1646 1550 1690 nos
1582 1626 1753 1708 pertineat.
1804 1623 1894 1707 Ergo
1927 1624 2039 1692 beatos
2072 1647 2143 1693 esee

155 1711 311 1778 libertas?
346 1711 394 1777 At
416 1710 470 1776 ubi
493 1730 534 1778 ex
557 1710 624 1775 alto
647 1711 839 1793 pronuntiet
861 1709 961 1784 Dens,
992 1730 1122 1775 suarum
1176 1705 1361 1774 exclamans
1383 1708 1540 1791 propbeta
1561 1731 1641 1793 quos
1659 1709 1752 1776 Deus
1772 1711 1807 1774 in
1831 1710 1965 1775 tutelam
1988 1713 2143 1797 suscepit,

155 1819 225 1864 esse
248 1796 402 1883 partium,
432 1796 595 1863 discutere
625 1795 782 1879 quidquid
811 1797 999 1875 decernunt,
1029 1805 1062 1860 et
1090 1795 1124 1859 in
1175 1790 1347 1857 consilium
1376 1794 1469 1859 cuins
1491 1817 1597 1881 nuper
1626 1796 1775 1861 meminit
1802 1816 1868 1861 non
1901 1817 1972 1862 csse
1995 1797 2143 1863 recondi·

152 1883 293 1949 nibilum
316 1881 464 1966 redigere
492 1880 651 1964 quidquid
675 1881 874 1948 deliberant:
903 1879 987 1945 nihil
1016 1879 1126 1946 obstat
1176 1885 1245 1941 tum
1274 1877 1436 1960 admonet,
1469 1881 1525 1947 sed
1559 1883 1671 1965 vigere
1699 1892 1732 1948 et
1760 1881 1898 1964 spectari
1925 1882 1961 1946 in
1990 1883 2143 1949 ecclesiae

153 1971 327 2054 quominus
348 1967 431 2051 ipsis
459 1966 585 2033 fervide
603 1966 881 2034 tumultuantibus
904 1968 1045 2050 quietem
1069 1988 1123 2034 co·
1175 1962 1290 2028 salute.
1342 1967 1450 2048 Atque
1482 1967 1530 2032 ita
1558 1967 1717 2050 videmus,
1750 1988 1816 2033 non
1850 1988 1904 2032 eos
1936 1969 1992 2051 qui
2025 1968 2142 2053 frigide

153 2056 270 2122 lamus.
314 2052 428 2136 Quare
457 2051 578 2120 dicitur
607 2061 755 2120 evertere
782 2053 875 2119 Deus
904 2053 1039 2119 consilia
1068 2051 1124 2117 bc·
1174 2049 1383 2133 speculantur
1405 2051 1467 2117 Dei
1494 2053 1685 2137 potentiam,
1714 2054 1773 2121 sed
1795 2054 1851 2136 qui
1873 2053 1908 2116 in
1932 2075 2027 2119 suum
2048 2075 2143 2138 prae·

153 2142 289 2220 minum,
320 2160 387 2205 non
415 2139 501 2221 qnod
532 2158 646 2205 eorum
675 2138 885 2206 frustratione
914 2159 956 2203 ex
978 2138 1123 2222 professo
1174 2144 1300 2199 sentem
1324 2157 1420 2202 nsum
1443 2147 1566 2220 aptant,
1595 2141 1657 2204 rite
1678 2139 1808 2206 demum
1834 2159 2009 2224 agnoscere
2028 2141 2143 2205 mnndi

140 2249 189 2292 >se
210 2225 359 2304 oblectet,
387 2222 446 2291 sed
475 2233 513 2290 ut
541 2232 724 2307 compescat
753 2244 866 2291 eornm
888 2225 1123 2289 temeritatem:
1174 2218 1434 2304 gubernatorem.
1480 2224 1591 2302 Porro,
1614 2247 1715 2309 quum
1738 2224 1972 2290 beatitudinem
1996 2237 2143 2292 nostram

152 2313 228 2395 quia
261 2311 371 2377 omnia
404 2310 554 2394 protinus
586 2311 771 2390 miscerent,
803 2311 832 2376 si
861 2308 1049 2377 succederet
1081 2330 1123 2374 ex
1174 2306 1208 2369 in
1242 2328 1280 2371 co
1313 2306 1411 2373 locat:
1445 2307 1483 2374 Si
1515 2308 1641 2376 Iehova
1672 2312 1716 2376 sit
1744 2308 1837 2376 Deus
1867 2320 1985 2389 noster,
2018 2312 2142 2378 iontem

154 2407 245 2464 voto:
273 2399 341 2461 imo
365 2397 442 2479 quia
463 2395 585 2462 bellum
615 2416 689 2462 cum
712 2387 784 2461 Deo
805 2397 980 2478 suscipere,
1010 2404 1124 2461 contra
1175 2390 1278 2457 divini
1318 2414 1396 2478 erga
1435 2416 1493 2461 nos
1532 2397 1652 2462 amoris
1692 2396 1884 2480 designans,
1932 2416 1998 2461 uno
2042 2399 2143 2464 verbo

154 2483 351 2566 aequitatem
379 2502 484 2560 ruere,
514 2480 631 2565 probos
658 2489 692 2545 et
721 2481 873 2547 innoxios
905 2502 1028 2547 vexare
1056 2500 1122 2545 nou
1175 2478 1400 2561 complectitur
1429 2501 1638 2566 quaecunque
1666 2483 1707 2549 ad
1736 2483 1839 2547 vitam
1861 2481 1999 2547 feliciter
2022 2482 2141 2568 degen-

154 2569 319 2648 desinunt,
342 2588 474 2633 necesse
496 2577 548 2634 est
569 2587 682 2633 eornm
696 2566 798 2632 Inrcri
813 2568 932 2651 opponi
951 2564 1016 2631 Dei
1032 2586 1124 2649 prae
1175 2561 1249 2627 dam
1290 2567 1397 2647 expeti
1438 2567 1555 2635 solent.
1609 2569 1695 2634 Nam
1734 2567 1820 2650 quod
1860 2566 1973 2632 salutis
2012 2580 2142 2635 nostrae

153 2655 283 2721 sidium.
327 2654 400 2718 Imc
422 2653 499 2736 quia
521 2654 624 2718 maior
645 2652 815 2719 bominum
842 2673 916 2737 pars
937 2655 1124 2735 contempta
1174 2669 1285 2714 curam
1308 2652 1483 2735 suscipere,
1513 2654 1621 2719 lovere
1643 2674 1704 2721 nos
1731 2652 1792 2720 sub
1814 2651 1874 2717 alis
1895 2653 1974 2733 suis,
2004 2655 2143 2719 necessi·

154 2740 322 2820 modestia,
354 2739 391 2804 in
423 2740 590 2805 contusam
631 2738 795 2805 licentiam
827 2740 941 2816 fertur,
977 2757 1045 2803 nou
1083 2737 1123 2802 de
1175 2732 1296 2800 tatibus
1325 2737 1518 2821 prospicere,
1551 2759 1645 2822 opem
1672 2739 1897 2823 auxiliumque
1923 2739 1959 2803 in
1988 2740 2142 2823 periculis

154 2825 294 2910 singulis
327 2832 456 2890 tantum
490 2822 687 2902 bominibus,
720 2824 777 2889 sed
812 2824 852 2891 de
885 2824 963 2891 totis
995 2823 1123 2907 populis
1174 2818 1260 2885 ferre
1282 2820 1448 2905 dignatur,
1471 2821 1533 2889 hoc
1550 2834 1654 2890 totum
1673 2848 1714 2892 er
1734 2826 1804 2892 eius
1822 2823 1995 2909 adoptione
2012 2826 2142 2910 pendet.

153 2911 297 2995 loquitur
319 2909 489 2994 propheta,
512 2930 550 2976 ao
572 2910 600 2975 si
623 2908 759 2976 diceret:
790 2909 951 2993 Quamvis
972 2909 1060 2974 inter
1088 2930 1123 2976 se
1175 2903 1359 2987 Caeterum,
1383 2931 1423 2975 nc
1441 2910 1515 2992 quis
1533 2920 1673 2995 putaret,
1696 2920 1825 2978 tantum
1847 2911 1967 2977 bonum
1987 2914 2142 2996 consequi

155 2997 344 3080 conspirent
365 2994 523 3073 homines,
546 2995 738 3080 magnisque
759 2996 860 3080 copiis
882 2995 944 3061 hoc
966 2995 1018 3060 vel
1042 2994 1123 3059 illud
1174 2989 1324 3057 homines
1357 2995 1489 3078 proprio
1522 3006 1625 3062 marte
1659 2998 1710 3063 vel
1743 2997 1914 3075 industria,
1950 2999 2142 3065 nominatim

155 3081 289 3167 aggredi
320 3079 510 3162 deliberent,
538 3081 675 3147 consilia
702 3089 811 3148 umen
842 3102 953 3147 eornm
982 3081 1052 3145 fore
1081 3082 1124 3145 ir·
1174 3095 1214 3141 ex
1256 3077 1344 3143 tonte
1383 3081 1546 3164 gratuitae
1579 3081 1745 3149 electionis
1776 3083 1879 3147 fluere
1911 3083 2014 3162 docet,
2055 3084 2140 3168 quod

154 3169 233 3234 rita:
264 3167 340 3252 quia
357 3165 430 3233 Deo
452 3187 517 3232 non
540 3167 605 3234 erit
626 3167 699 3248 plns
720 3167 845 3252 negotii
874 3169 906 3231 in
934 3164 1123 3249 dissipanda
1174 3179 1343 3228 censemur
1370 3165 1404 3229 in
1427 3165 1491 3230 Dei
1512 3167 1641 3251 populo.
1686 3167 1811 3232 Verum
1841 3166 1972 3250 quidem
1994 3177 2051 3246 est,
2081 3169 2143 3235 hac

155 3253 282 3338 ingenti
314 3251 542 3327 multitudine,
578 3273 675 3334 qnam
708 3250 743 3316 in
777 3254 888 3336 paucis
921 3251 1121 3318 cohibendis.
1173 3246 1246 3331 lege
1265 3257 1388 3315 creatos
1410 3251 1504 3316 initio
1532 3251 1633 3318 fuisse
1655 3253 1803 3319 homines
1824 3252 1857 3317 in
1882 3251 1974 3318 Adae
1996 3274 2141 3337 persono.

155 3338 351 3423 Quanquam
379 3350 488 3404 autem
519 3338 591 3403 Deo
620 3338 821 3421 propositum
850 3339 921 3415 fnit,
949 3358 1009 3402 nos
1037 3336 1122 3403 bona
1174 3339 1211 3396 ut
1239 3353 1352 3400 omncs
1381 3337 1439 3401 filii
1467 3334 1532 3403 Dei
1562 3347 1688 3405 essent:
1717 3338 1774 3404 sed
1803 3338 1955 3404 alienatio
1985 3359 2071 3422 quae
2100 3363 2141 3407 ex

154 3445 210 3508 spe
243 3433 357 3491 contra
389 3422 612 3507 improborum
646 3421 816 3489 audaciam
849 3422 989 3500 munire,
1023 3422 1121 3488 simul
1173 3425 1305 3501 peccato
1327 3432 1468 3505 sequuta
1489 3433 1547 3501 est,
1572 3434 1663 3490 tanto
1684 3424 1768 3490 bono
1786 3444 1847 3489 nos
1864 3424 2017 3507 privarit.
2051 3425 2141 3512 Ergo

155 3517 265 3576 tamen
295 3509 479 3577 carendum
508 3530 581 3576 esse
610 3505 773 3586 admonet,
802 3530 844 3574 nc
872 3507 948 3592 quid
978 3508 1041 3574 nisi
1064 3528 1123 3574 suc
1174 3503 1275 3570 donec
1306 3509 1448 3590 gratuito
1484 3529 1545 3575 nos
1578 3510 1710 3596 adoptet
1742 3508 1843 3586 Deus,
1883 3511 1995 3576 miseri
2029 3533 2143 3577 snmus

153 3595 245 3664 iussu
267 3606 301 3661 et
321 3595 474 3680 auspiciis
496 3604 670 3660 tentemus.
1173 3591 1369 3659 naturaliter
1401 3614 1524 3674 omnes,
1564 3618 1625 3663 nec
1657 3596 1721 3662 clia
1753 3607 1804 3663 est
1835 3597 2000 3663 felicitatis
2031 3597 2142 3674 ianua,

239 3678 901 3768 11.(coorotua1etovae.)1mm0nsam
925 3678 988 3744 Dei
1011 3690 1122 3763 poten·
1174 3696 1272 3758 quam
1301 3688 1338 3744 ut
1366 3700 1456 3746 mero
1478 3679 1679 3765 beneplacito
1707 3682 1860 3767 indignos
1892 3682 2003 3767 eligat.
2046 3683 2143 3750 Unde

154 3767 234 3832 tiam
267 3769 314 3832 sio
346 3765 476 3833 extollit
508 3766 678 3851 propheta,
711 3773 749 3830 nt
780 3767 814 3831 in
848 3767 917 3831 eius
950 3763 1123 3830 altitudine
1174 3774 1309 3846 apparet
1338 3786 1435 3847 quam
1464 3766 1589 3832 insulse
1616 3776 1827 3851 corrumpant
1849 3767 1938 3834 hunc
1959 3768 2065 3834 locum
2087 3770 2143 3853 qui

153 3853 252 3917 fidem
291 3861 439 3918 noemam
473 3852 629 3918 aedificet.
680 3851 796 3933 Neque
830 3852 917 3916 enim
951 3849 1122 3917 consilium
1175 3848 1215 3912 ad
1250 3849 1400 3916 homines
1433 3853 1638 3917 transferunt
1669 3852 1753 3936 quod
1782 3852 1854 3917 Dec
1887 3853 2033 3938 assignat
2067 3876 2141 3939 pro·

153 3936 267 4003 laudat
288 3938 374 4020 quod
398 3958 456 4002 nos
478 3938 512 4003 in
534 3937 624 4004 coelo
642 3935 870 4003 absconditum
887 3936 996 4019 procul
1017 3936 1123 4020 suspi·
1175 3934 1289 4017 pheta:
1323 3957 1361 4001 ac
1393 3936 1422 4002 si
1454 3958 1530 4002 eum
1563 3938 1625 4003 sibi
1657 3938 1692 4003 in
1716 3937 1949 4004 haereditatem
1972 3939 2141 4024 eligerent.

153 4040 226 4088 cere
259 4031 293 4087 et
324 4022 468 4091 revereri
502 4023 593 4102 velit,
627 4022 684 4088 sed
716 4023 792 4105 quia
822 4022 943 4106 passim
973 4031 1122 4099 testatur,
1174 4019 1297 4086 Fateor
1311 4021 1451 4105 quidem,
1468 4042 1583 4089 verum
1602 4023 1711 4089 Deum
1730 4023 1771 4089 ab
1787 4022 1884 4090 idolis
1901 4023 1965 4090 fide
1982 4024 2140 4093 discerni:

153 4108 216 4174 sibi
238 4107 327 4174 cordi
349 4129 419 4175 esse
439 4109 596 4174 iustitiam
620 4116 653 4172 et
675 4107 911 4184 rectitudinem,
941 4106 1003 4173 sibi
1026 4127 1123 4173 curae
1174 4104 1232 4171 sed
1255 4106 1431 4173 tenendum
1454 4119 1503 4172 est
1524 4108 1720 4192 principium
1749 4108 1855 4175 istud:
1884 4108 1976 4175 Nihil
2005 4130 2078 4177 cum
2102 4134 2140 4180 ec

154 4213 226 4259 esse
247 4194 351 4260 iustos
378 4204 411 4258 et
441 4192 568 4276 probos,
597 4190 659 4257 sibi
688 4193 722 4257 in
746 4194 855 4259 animo
878 4213 948 4258 esse
970 4193 1123 4275 opitulari
1175 4191 1267 4257 nobis
1289 4212 1360 4258 esse
1377 4211 1559 4273 commune,
1581 4194 1645 4260 nisi
1662 4215 1723 4260 sua
1740 4195 1845 4279 gratia
1862 4216 1923 4261 nos
1941 4199 2140 4278 praeveniat.

153 4279 223 4344 suis
252 4278 440 4359 cultoribus,
469 4278 547 4344 dnm
578 4278 699 4345 iniuste
728 4288 941 4363 premuntur:
971 4277 1125 4363 iutelligit

153 4365 313 4448 propheta
334 4364 395 4431 hcc
417 4363 534 4430 stabile
556 4374 589 4429 ct
610 4373 718 4429 ratum
740 4365 827 4431 lore:
855 4365 902 4430 ita
924 4363 1067 4428 declarat
1089 4364 1122 4428 in
1261 4361 1310 4426 13.
1333 4363 1368 4428 Ε
1386 4365 1478 4430 coelis
1504 4366 1641 4448 respexit
1670 4361 1793 4442 Iebovo,
1827 4365 1907 4432 vidit
1935 4387 2039 4432 maes
2058 4367 2141 4448 filios

153 4471 249 4534 quem
279 4450 379 4515 finem
409 4448 501 4516 Dens
528 4448 665 4516 consilia
691 4449 840 4533 gentium
870 4449 1015 4531 dissipet,
1045 4451 1123 4532 qnia
1174 4447 1298 4512 Adam:
1338 4449 1387 4514 14.
1421 4450 1477 4515 Ex
1510 4449 1684 4517 hebdoade
1715 4452 1789 4518 solii
1819 4451 1873 4516 aui
1900 4455 2067 4534 praeposit
2097 4454 2141 4519 od

154 4535 279 4603 scilicet
300 4534 341 4602 ad
362 4536 548 4601 violandum
572 4555 703 4599 omnem
721 4535 869 4601 ordinem
887 4534 976 4599 nullo
994 4534 1123 4600 delectu
1173 4553 1277 4600 manea
1302 4535 1419 4601 incolae
1447 4542 1556 4602 tenue
1602 4537 1653 4604 15.
1679 4538 1740 4620 Qui
1766 4536 1862 4618 finxit
1888 4536 2023 4687 aimulig
2045 4539 2140 4604 cordo

155 4620 314 4689 feruntur.
361 4621 511 4687 Primum
544 4641 623 4705 ergo
652 4620 824 4697 discamus,
858 4621 921 4684 Dei
951 4619 1121 4686 eonsilium
1173 4639 1286 4697 eorum
1308 4622 1364 4702 qui
1391 4621 1536 4705 intelligit
1561 4624 1666 4688 onnia
1694 4643 1793 4705 opera
1819 4641 1934 4687 eorum.
1980 4622 1998 4688 1
2025 4675 2031 4688 .
2067 4623 2140 4690 Non

155 4707 317 4792 inspicere
346 4707 381 4771 in
411 4707 505 4773 verbi
534 4705 682 4790 speculo:
717 4703 774 4770 ubi
803 4727 882 4771 vero
910 4706 1123 4771 statuerimus
1172 4710 1316 4771 armatur
1336 4727 1393 4773 reu
1412 4709 1448 4773 in
1467 4708 1666 4775 multitudine
1686 4709 1856 4792 causitus,
1885 4728 1939 4773 aec
1959 4710 2051 4792 pipat
2077 4711 2140 4774 eri·

155 4792 239 4858 nihil
265 4813 341 4859 eum
363 4794 552 4875 promittere
581 4790 645 4856 nisi
670 4790 755 4874 quod
786 4802 952 4874 praestare
980 4789 1065 4873 apud
1087 4812 1123 4857 se
1167 4793 1276 4874 pietur
1303 4793 1336 4856 iu
1365 4794 1565 4860 multitudine
1591 4795 1720 4861 roboro
1766 4793 1815 4859 17.
1841 4792 1960 4860 Fallax
1981 4815 2077 4876 maus
2098 4796 2141 4860 ad

156 4877 308 4955 decrevit,
343 4878 456 4943 statim
493 4877 586 4944 nobis
619 4886 768 4943 occurrat
800 4876 881 4942 baec
912 4875 1050 4941 firmitas
1082 4876 1122 4942 de
1172 4877 1313 4960 saluum,
1321 4878 1372 4966 ll)
1389 4884 1417 4945 ct
1432 4881 1467 4946 in
1477 4879 1675 4946 multitudine
1692 4880 1978 4945 uirtutieeaoeuoa
1988 4879 2138 4946 liberabit.

155 4983 219 5046 qua
241 4962 371 5028 duserit
392 4963 559 5047 propheta.
594 4960 660 5029 Sed
683 4963 758 5045 qnia
780 4962 849 5028 eins
870 4982 1003 5029 cursum
1026 4962 1122 5027 innu-

154 5048 255 5115 meris
282 5048 458 5115 obstaculis
479 5050 670 5131 abrumpere
699 5047 795 5112 multi
817 5048 1027 5131 contendunt,
1057 5051 1122 5113 imo
1242 5099 1270 5164 Ἴ
1288 5109 1348 5154 cous
1369 5103 1514 5167 ensemble,
1538 5117 1573 5155 m
1590 5116 1693 5168 mm:
1713 5117 1747 5153 ou
1765 5117 1827 5152 sans
1845 5117 1878 5152 en
1897 5107 2025 5170 exceptor
2042 5120 2087 5158 un.

155 5136 219 5235 mii
251 5133 419 5235 interdum,
445 5135 575 5245 mulii
607 5135 720 5200 mint
751 5153 891 5234 qF⁰q¹¹⁰‚
911 5134 946 5199 in
979 5144 1122 5234 meqtem
1226 5167 1272 5236 **)
1288 5170 1327 5223 Le
1345 5169 1439 5224 charel
1463 5173 1521 5225 faut
1547 5171 1685 5235 isauscr,
1712 5183 1746 5222 eu
1764 5183 1869 5236 marga:
1897 5170 1980 5224 Hebr.
2005 5181 2048 5225 est
2065 5191 2138 5227 men·

154 5240 244 5304 prior
280 5229 458 5286 sententia:
498 5219 563 5287 Ubi
600 5221 704 5286 multa
736 5228 932 5304 agitaverint
965 5219 1122 5298 homines,
1173 5254 1256 5306 conge
1275 5239 1291 5292 a
1307 5239 1386 5292 solut
