4658 5856
163 359 226 422 757
782 326 785 333 ’
972 355 1190 424 esauuos
1212 357 1360 424 naas.
2098 359 2160 426 7es

163 547 240 629 quia
262 555 329 612 tota
347 547 447 630 regio,
471 545 545 612 licet
567 554 738 612 montuosa
760 554 856 626 esset,
878 546 993 612 incolis
1015 546 1136 611 referta
1159 546 1163 611 l
1188 546 1286 630 longe
1316 544 1451 611 distaret
1478 546 1570 612 Dens
1599 569 1618 612 a
1647 568 1710 631 quo
1740 556 1956 612 recesserant:
1988 548 2105 614 deinde
2132 550 2159 615 si

161 634 241 698 fuit:
273 636 305 697 in
336 643 463 697 tantam
495 631 738 697 multitudinem
770 633 877 698 crevit
903 633 1039 715 populus
1071 633 1134 696 ille.
1189 632 1299 696 nullus
1322 631 1522 697 liberationis
1545 632 1660 698 modus
1683 632 1859 716 apparebat
1880 635 1913 697 in
1938 643 2033 713 terra,
2065 647 2102 699 ut
2124 637 2158 700 in

163 719 305 801 Ideoque
328 718 478 802 palmites
501 726 668 801 comparat
689 719 791 784 cedma
813 718 885 798 Dei,
910 718 970 783 hoc
993 729 1043 782 est
1064 717 1136 801 pul·
1188 718 1312 782 coelum
1347 719 1559 801 suspicerent.
1615 719 1786 799 Quantum
1822 720 1940 783 attinet
1972 719 2012 784 ad
2046 741 2158 786 vocem

163 807 321 883 cerrimie,
347 805 398 870 vel
422 805 551 869 eximiis
573 806 770 888 quibusque:
799 824 862 887 quo
884 804 1041 868 illustrior
1063 804 1136 868 red·
1188 817 1274 887 m),
1297 803 1435 869 libenter
1456 805 1577 888 recipio
1599 805 1682 887 quod
1707 804 1855 869 nonnulli
1880 815 2022 883 vertunt,
2051 807 2159 871 locum

163 892 262 957 datur
282 890 345 956 Dei
375 891 566 954 benedictio.
611 891 704 955 Mara
730 900 764 953 et
786 888 990 973 Euphratem
1014 890 1137 955 ecimus
1188 900 1351 972 paratum.
1407 888 1494 970 Quia
1537 901 1646 955 tamen
1685 892 1757 956 aliis
1799 891 1930 954 videtur
1962 893 2159 973 permutatio

163 978 323 1042 terminos
365 977 542 1059 promissae
582 976 794 1040 haereditatis
835 976 938 1040 fuisse
978 974 1137 1039 divinitus
1189 978 1301 1039 literae
1323 990 1343 1058 J
1365 975 1399 1039 in
1422 990 1459 1058 2,
1488 984 1525 1040 ut
1548 977 1680 1041 hortum
1703 977 1871 1058 significet,
1904 977 2006 1041 libera
2028 990 2160 1042 maneat

164 1065 336 1147 praefixos.
1188 1061 1310 1127 electio.
1347 1061 1481 1126 Certum
1502 1063 1631 1145 quidem
1651 1072 1708 1142 est,
1726 1063 1951 1144 metaphoram
1970 1085 2041 1128 esse
2059 1064 2160 1146 priori

254 1150 303 1213 13.
327 1146 407 1229 (Gar
426 1145 579 1234 dimisti.)
618 1146 804 1229 Applicatio
825 1157 876 1211 est
896 1145 1137 1212 similitudinis:
1189 1147 1330 1224 affinem,
1354 1168 1417 1229 qua
1440 1157 1571 1216 notatur
1593 1149 1769 1232 singularis
1788 1148 1850 1229 Dei
1874 1148 1908 1211 in
1932 1149 2080 1214 ornando
2102 1171 2159 1232 po·

164 1236 242 1318 quia
271 1234 353 1298 nihil
381 1234 492 1297 minus
522 1246 776 1298 consentaneum
808 1242 865 1308 est,
897 1254 994 1315 quam
1026 1233 1135 1297 Deum
1189 1232 1265 1316 pulo
1300 1233 1486 1299 liberalitas.
1540 1234 1650 1299 Virum
1691 1255 1817 1317 quoque
1857 1235 1984 1299 dextrae
2017 1237 2161 1319 appellat

165 1323 265 1384 vitem
289 1341 308 1384 a
330 1341 365 1384 se
388 1318 566 1401 plantatam
597 1320 674 1384 feris
697 1319 820 1384 bestiis
843 1319 1045 1384 evellendam
1070 1328 1136 1382 tra·
1189 1319 1355 1403 palmitem
1378 1339 1479 1383 manu
1502 1317 1566 1384 Dei
1589 1321 1760 1385 consitum.
1851 1384 1854 1391 ,

165 1406 251 1471 dere.
295 1405 335 1469 Id
363 1405 495 1487 quidem
525 1426 559 1469 ee
586 1405 749 1470 facturum
778 1405 908 1487 saepius
931 1407 1079 1469 minatur
1100 1423 1137 1468 ao
1275 1404 1326 1468 17.
1360 1403 1538 1489 (combusta
1570 1412 1616 1470 cst
1647 1404 1741 1490 ipae.)
1796 1404 1914 1471 Clades
1952 1406 2061 1488 populi
2095 1407 2160 1472 iam

165 1491 338 1557 denuntiat
361 1511 419 1572 per
441 1490 630 1574 prophetas:
657 1490 766 1556 sedin
791 1511 866 1554 eum
889 1493 998 1567 finem,
1022 1502 1059 1555 ut
1080 1511 1137 1572 po·
1189 1490 1307 1556 clarius
1337 1492 1501 1572 exprimit.
1546 1492 1686 1556 Dixerat
1715 1494 1813 1557 vitem
1837 1490 1901 1555 Dei
1924 1492 2036 1556 hestiis
2059 1492 2161 1558 fuisse

164 1579 234 1661 puli
262 1577 464 1660 ingratitudo
495 1577 599 1661 magis
626 1575 782 1641 reddatur
810 1575 1020 1653 detestabilis,
1054 1597 1138 1659 quae
1189 1577 1368 1659 expositam
1403 1577 1442 1640 ad
1477 1577 1702 1661 direptionem.
1758 1577 1874 1660 Longe
1907 1587 2015 1641 autern
2048 1577 2161 1643 durius

164 1664 387 1748 prodigiosum
416 1661 499 1727 illud
530 1682 652 1745 poenae
679 1683 783 1746 genus
811 1665 958 1727 extorsit.
1008 1663 1138 1727 Interea
1189 1676 1240 1727 est
1272 1663 1419 1727 incendio
1453 1664 1614 1740 consumi,
1647 1663 1821 1738 eradicari,
1857 1672 1890 1727 et
1923 1664 2037 1746 perire.
2089 1665 2162 1729 Etsi

164 1772 231 1816 uon
254 1752 311 1813 abs
333 1770 369 1812 re
391 1770 431 1812 ex
453 1759 520 1812 tam
544 1749 710 1832 praeclara
732 1749 795 1813 Dei
820 1749 1033 1813 beneficentia
1056 1748 1138 1813 fidu·
1191 1757 1299 1813 autem
1323 1748 1446 1830 perfide
1468 1749 1671 1814 desciverant
1690 1771 1709 1813 a
1727 1751 1849 1832 pietate
1868 1749 2043 1827 Israelitae,
2068 1761 2163 1813 erant

164 1838 249 1903 ciam
272 1836 443 1918 concipere
465 1836 544 1899 iussi
568 1844 647 1898 sunt
668 1832 798 1899 fideles:
821 1833 937 1899 saltem
960 1845 997 1899 ut
1014 1835 1049 1898 in
1067 1835 1137 1916 ipsa
1190 1849 1298 1898 tamen
1318 1833 1425 1899 adhuc
1443 1835 1596 1901 ecclesiae
1614 1839 1731 1918 portio,
1754 1846 1790 1899 ut
1808 1833 1929 1900 dictum
1949 1836 2019 1900 fuit.
2052 1834 2162 1916 Quare

165 1922 334 1987 evulsione
357 1929 528 2004 sperarent
549 1940 645 1985 curae
667 1942 702 1984 se
724 1920 853 1985 futuros
877 1921 955 1997 Deo,
979 1920 1034 2004 qui
1056 1940 1138 2002 opus
1190 1920 1252 1985 hoo
1281 1921 1367 1985 tristi
1396 1941 1507 1985 eorum
1537 1921 1688 2004 exemplo
1719 1942 1888 1986 monemur
1916 1942 2012 2003 quam
2040 1922 2162 1987 severis

164 2028 321 2072 manuum
353 2027 487 2070 suarum
518 2026 684 2089 nunquam
712 2005 841 2070 deserit.
886 2007 959 2070 lltsi
986 2007 1073 2070 enim
1097 2004 1138 2070 ad
1190 2007 1303 2088 poenis
1334 2006 1435 2089 digna
1457 2008 1500 2072 sit
1522 2017 1633 2072 nostra
1653 2006 1865 2090 ingratitudo,
1893 2007 2083 2090 praesertim
2107 2006 2163 2073 ubi

164 2093 353 2158 vastitatem
385 2091 536 2157 redactus
562 2093 626 2156 fuit
656 2091 806 2174 populus,
839 2092 1031 2157 insanabilis
1061 2112 1139 2156 suae
1190 2090 1542 2171 acceditcontumaoia,
1562 2105 1597 2156 ut
1616 2094 1713 2158 minis
1731 2092 2060 2175 etobiurgationibus
2080 2093 2164 2158 nihil

164 2179 367 2263 pervicaciae
389 2178 493 2260 culpa,
516 2178 628 2259 paucis
650 2190 758 2242 tamen
783 2176 971 2260 palmitibus
989 2178 1137 2253 servatis,
1192 2177 1282 2242 Deus
1311 2177 1396 2260 apud
1427 2198 1485 2242 nos
1514 2178 1672 2260 proficiat.
1718 2176 1826 2245 Simul
1855 2190 1963 2243 autem
1992 2180 2163 2260 discamus,

164 2267 267 2329 vitem
297 2284 390 2328 suam
421 2263 538 2327 deinde
568 2263 711 2327 restituit
738 2262 839 2328 Deus.
884 2263 976 2329 Hace
1005 2263 1137 2345 quidem
1192 2264 1245 2327 ubi
1276 2264 1398 2345 passim
1428 2263 1520 2328 ardet
1549 2266 1597 2327 ira
1619 2263 1693 2340 Dei,
1722 2264 1811 2329 inter
1832 2264 1957 2328 modias
1980 2274 2088 2329 tamen
2112 2265 2164 2329 in·

167 2351 352 2432 deprecatio
375 2349 436 2413 toti
455 2348 575 2432 populo
594 2349 658 2413 tuit
675 2351 847 2431 proposita,
872 2369 937 2432 qua
956 2347 1139 2413 horrendae
1190 2348 1295 2412 cendii
1325 2350 1484 2429 flammae,
1513 2349 1638 2414 dolores
1667 2359 1795 2415 nostros
1823 2351 1858 2414 in
1888 2350 1951 2413 Dei
1980 2350 2087 2415 sinum
2115 2372 2164 2416 re·

165 2435 373 2519 dissipationi
401 2444 596 2500 occurreret.
641 2433 815 2500 (laetarum
845 2437 922 2516 quia
953 2434 1138 2517 paucissimi
1191 2435 1297 2516 haere,
1328 2435 1382 2516 qui
1413 2435 1605 2500 mirabiliter
1635 2436 1804 2502 ecclesiam
1835 2457 1927 2499 suam
1958 2435 1999 2498 ab
2028 2436 2164 2502 interitu

164 2523 237 2586 Deo
261 2541 338 2585 vere
360 2521 524 2603 supplices
551 2521 626 2586 lacti
649 2529 734 2598 sunt,
765 2530 801 2584 ut
822 2521 904 2584 iram
928 2522 998 2585 eius
1020 2520 1138 2584 restin·
1191 2521 1336 2584 suscitat.
1377 2520 1519 2586 Paratus
1541 2522 1672 2603 quidem
1696 2531 1781 2586 esset
1803 2542 1870 2584 non
1893 2519 1987 2585 modo
2009 2522 2164 2587 continuo

164 2615 313 2692 gnorent,
344 2608 425 2672 satis
454 2607 517 2670 fuit
543 2606 616 2672 illos
645 2606 686 2671 ab
714 2606 850 2671 interitu
873 2606 965 2689 cripi,
995 2615 1032 2670 ut
1053 2625 1138 2671 nova
1191 2615 1304 2670 tenore
1327 2608 1478 2690 prosequi
1500 2627 1597 2671 suum
1620 2628 1698 2691 erga
1720 2629 1780 2671 nos
1801 2608 1956 2686 favorem,
1978 2605 2034 2672 sed
2057 2609 2163 2691 magis

165 2693 285 2757 deinde
324 2693 401 2757 vitis
442 2713 541 2757 exeur
565 2700 642 2757 eret.
705 2691 810 2757 Porro
850 2691 1024 2757 antithetis
1063 2692 1137 2756 istie
1192 2712 1229 2756 ao
1255 2693 1361 2775 magis
1383 2713 1441 2757 noe
1464 2692 1670 2775 locupletare,
1701 2694 1762 2757 nisi
1788 2693 1934 2757 obstaret
1957 2702 2068 2758 nostra
2089 2714 2163 2775 pra·

164 2789 305 2861 augetur
325 2778 515 2861 indignitas,
538 2713 617 2843 dum
640 2779 680 2844 ab
702 2798 770 2842 una
790 2786 884 2860 parte
904 2778 994 2842 Deus
1017 2777 1140 2842 vinitor
1192 2779 1293 2842 vitas:
1321 2777 1378 2842 sed
1407 2778 1483 2860 quia
1505 2778 1574 2843 fieri
1599 2800 1664 2843 non
1687 2788 1796 2861 potest
1818 2779 1896 2860 quin
1920 2786 1967 2842 tot
1988 2777 2165 2844 sceleribus

165 2865 337 2930 statuitur:
376 2865 416 2929 ab
449 2864 552 2928 altera
584 2873 695 2929 autem
727 2883 793 2928 non
828 2863 923 2928 modo
956 2864 1139 2946 quionnque
1191 2873 1390 2941 succenseat,
1424 2863 1484 2928 hoc
1515 2864 1765 2929 inaestimabilis
1797 2863 1989 2929 clementiae
2011 2875 2075 2941 cst,
2109 2864 2164 2929 ubi

164 2959 349 3022 transeunt,
371 2947 428 3014 sed
451 2950 520 3031 apri
543 2970 669 3032 quoque
686 2949 864 3026 silvestres,
887 2949 1033 3031 aliaeque
1051 2950 1140 3013 ferae
1191 2949 1278 3031 ignis
1308 2969 1328 3012 a
1352 2946 1444 3012 nobis
1466 2966 1622 3014 accensus
1645 2948 1741 3032 longe
1764 2949 1891 3031 lateque
1913 2954 2081 3031 grassatus
2104 2959 2163 3028 est,

164 3035 298 3100 bestiae.
334 3034 478 3099 Verbum
509 3047 601 3102 tto'tl
630 3035 763 3117 quidam
792 3035 957 3117 accipiunt
978 3054 1037 3117 pro
1062 3054 1138 3098 ven·
1192 3053 1229 3097 eo
1253 3035 1407 3098 restincto
1430 3032 1571 3116 aliquam
1595 3034 1747 3099 ecclesiae
1771 3044 1896 3116 partem
1916 3034 2080 3098 residuam
2098 3055 2164 3099 ser-

164 3127 250 3185 trem
280 3121 415 3186 farcire:
445 3141 527 3204 quae
555 3120 750 3202 significatio
780 3121 842 3183 nisi
868 3120 966 3203 paulo
988 3118 1138 3184 essetab
1192 3139 1278 3196 vare,
1301 3119 1353 3182 vel
1375 3126 1412 3182 ut
1433 3120 1537 3202 magis
1560 3119 1690 3202 proprio
1713 3121 1835 3203 loquar,
1858 3120 2001 3186 excitare
2024 3119 2063 3184 ab
2085 3120 2164 3202 ipsis

164 3227 226 3272 usu
250 3205 413 3282 remotior,
437 3207 601 3288 praesenti
623 3205 693 3271 loco
716 3213 790 3288 apte
813 3203 996 3287 quadraret.
1192 3202 1355 3269 cineribus
1374 3204 1531 3285 populum
1550 3205 1607 3287 qui
1621 3226 1737 3269 nomen
1751 3226 1847 3270 suum
1860 3206 2000 3270 invocet.
2035 3204 2164 3270 Iterum

1192 3289 1311 3372 repetit
1341 3289 1499 3372 propheta
1528 3311 1595 3355 non
1617 3292 1649 3357 vi
1672 3301 1706 3355 et
1728 3291 1827 3356 armis
1852 3289 2005 3368 hostium,
2036 3290 2092 3355 sed
2114 3290 2165 3355 in·

254 3378 310 3443 15.·
327 3376 417 3443 Deae
445 3377 636 3442 exercituum
656 3381 805 3442 revertare
825 3375 955 3457 obsec-ro,
984 3375 1140 3456 inspires
1191 3375 1377 3457 orepatione
1400 3375 1512 3441 vultus
1531 3376 1594 3441 Dei
1617 3378 1784 3443 ecclesiam
1808 3377 1961 3459 periisse:
1983 3376 2059 3460 quia
2081 3396 2165 3441 nun·

164 3465 268 3545 aaa,
297 3469 325 3528 et
351 3464 431 3542 vide,
461 3468 489 3527 et
517 3462 613 3527 visita
633 3464 725 3528 adan
746 3462 835 3528 banc.
880 3463 930 3527 16.
953 3461 998 3526 Et
1018 3461 1140 3526 Ιιονιαιη
1192 3481 1288 3543 quam
1318 3461 1478 3543 speranda
1506 3472 1556 3527 est
1586 3484 1763 3545 poenarum
1793 3463 1965 3547 mitigatio,
1996 3463 2059 3528 nisi
2088 3484 2165 3528 vere

163 3570 255 3633 quem
274 3549 432 3631 plantavit
451 3551 579 3614 desim
599 3553 665 3629 tua,
686 3554 714 3612 et
733 3548 947 3630 supersilium
964 3566 1054 3630 quem
1071 3565 1140 3611 con·
1193 3549 1339 3628 persuasi
1368 3549 1470 3612 simus
1497 3568 1596 3613 manu
1628 3550 1690 3614 Dei
1718 3549 1802 3614 iuste
1838 3549 1930 3614 nobis
1959 3548 2073 3632 infligi.
2121 3550 2165 3613 llt

162 3638 302 3719 firmasti
329 3634 401 3701 tibi:
446 3635 496 3700 17.
522 3632 689 3699 Combusta
716 3639 762 3699 est
781 3635 859 3716 ipae,
888 3635 991 3699 erebo
1012 3636 1072 3697 eet:
1100 3632 1140 3697 ab
1194 3632 1255 3698 hoo
1274 3632 1514 3715 resipisoeutiae
1532 3635 1662 3718 signum
1681 3635 1752 3709 fuit,
1770 3634 1811 3698 ad
1830 3655 1964 3699 manum
1984 3634 2165 3717 percutien-

165 3723 378 3803 increpatioae
403 3721 509 3786 cadus
536 3721 584 3785 tui
606 3724 746 3802 peceat.
792 3719 842 3785 18.
867 3718 917 3784 Sit
945 3739 1061 3783 manaa
1084 3723 1140 3782 tua
1194 3719 1236 3783 tis
1259 3720 1429 3801 respicere,
1453 3720 1547 3785 sicuti
1569 3719 1646 3784 alibi
1670 3720 1796 3802 dicitur,
1819 3719 1881 3784 Ies.
1905 3720 1934 3798 9,
1959 3719 2009 3784 13.

163 3827 261 3888 saper
282 3809 389 3872 airam
409 3808 551 3872 macrae
565 3812 646 3886 tuae,
668 3826 764 3886 super
778 3806 880 3886 filiam
898 3805 1034 3869 bominis
1051 3824 1141 3886 quem
1283 3804 1330 3868 18.
1354 3803 1418 3889 (Sit
1439 3824 1553 3869 manue
1576 3810 1630 3869 tua
1650 3826 1746 3887 saper
1767 3806 1896 3891 airam.)
1939 3805 2163 3871 Preoationem

164 3893 357 3974 mufirmosti
385 3891 451 3957 tibi.
498 3891 548 3956 19.
570 3891 615 3956 Et
635 3912 696 3957 uon
716 3892 892 3957 recederetis
913 3890 969 3955 abe
990 3896 1032 3954 te:
1062 3889 1139 3954 aiei·
1193 3910 1256 3973 qua
1279 3911 1357 3953 usne
1380 3891 1488 3954 luerat
1506 3889 1567 3956 sub
1589 3892 1693 3972 figura
1714 3892 1840 3967 vineae,
1869 3891 2069 3974 simplicibus
2092 3913 2165 3966 ver·

163 3979 274 4061 ficabia
300 3983 422 4055 aaa-ct
440 3997 553 4043 nomeu
574 3983 661 4042 taam
683 3978 903 4043 invocabimus.
948 3976 1000 4040 20.
1024 3974 1139 4039 lebera
1195 3976 1243 4039 bis
1276 3975 1409 4056 repetit,
1449 3985 1486 4039 ut
1525 3996 1623 4041 manu
1656 3997 1718 4042 sua
1749 3976 1842 4041 Deus
1878 3986 2028 4061 protegat
2060 3978 2165 4041 viram

165 4064 258 4131 Deus
276 4065 467 4130 excretam
483 4069 618 4130 converte
633 4084 708 4130 aas:
728 4063 783 4146 fae
799 4064 897 4128 lucere
912 4061 1025 4144 faeiem
1042 4066 1139 4141 tuam,
1193 4061 1334 4125 dexterae
1360 4081 1436 4126 sace
1465 4066 1493 4126 et
1520 4061 1674 4126 bominem
1702 4083 1790 4146 quem
1814 4063 1876 4129 eibi
1896 4063 2062 4128 roboravit.
2107 4065 2164 4128 In·

164 4150 296 4216 eteuloi
316 4151 443 4215 marus.
1192 4156 1315 4212 certum
1339 4155 1529 4226 astantem,
1558 4147 1598 4211 de
1620 4148 1688 4213 solo
1712 4171 1797 4233 rege,
1826 4168 1867 4212 an
1891 4147 1930 4211 de
1953 4147 2072 4230 populo
2094 4149 2165 4232 ipso

1193 4233 1353 4315 loquatur.
1388 4232 1472 4297 Nam
1496 4233 1556 4298 etsi
1575 4232 1744 4299 Iarobeam
1767 4243 1885 4299 unctus
1907 4234 1968 4297 fuit
1988 4234 2023 4298 in
2043 4255 2163 4317 regem,

254 4320 303 4386 15.
327 4318 662 4406 (Deuseaercitaum.)
694 4320 757 4384 His
774 4317 884 4383 verbis
904 4317 1139 4383 docerevoluit
1192 4339 1257 4382 non
1292 4327 1402 4383 tamen
1435 4319 1580 4402 legitimo
1612 4319 1683 4384 iure
1716 4321 1872 4384 honorem
1905 4319 1998 4383 illum
2027 4318 2164 4401 adeptus

166 4407 336 4489 propheta,
361 4407 510 4487 quamvis
533 4403 573 4469 ad
596 4417 724 4488 tempus
747 4404 861 4470 taciem
884 4424 976 4468 suam
999 4404 1140 4469 occultet
1191 4414 1258 4469 est:
1289 4425 1350 4469 uec
1372 4425 1557 4487 quenquam
1581 4427 1621 4469 ex
1645 4405 1885 4471 successoribus
1907 4407 1953 4469 ita
1976 4406 2067 4468 Deus
2089 4425 2163 4488 pro·

165 4492 268 4572 Deus,
298 4493 364 4555 imo
386 4493 524 4574 speciem
545 4491 750 4556 alienationis
775 4491 938 4572 praebeat,
966 4491 1139 4554 tentationi
1191 4491 1288 4567 bavit,
1313 4492 1391 4572 quin
1415 4511 1542 4570 semper
1560 4502 1593 4555 et
1614 4491 1666 4556 ius
1689 4500 1722 4554 et
1743 4500 1886 4574 potestas
1907 4489 2000 4573 regni
2019 4498 2165 4554 maneret

166 4579 302 4643 minime
325 4576 504 4642 cedendum
528 4597 614 4641 esse:
644 4578 729 4659 quia,
757 4577 851 4640 modo
875 4598 949 4641 oum
971 4585 1060 4642 certa
1081 4596 1138 4658 spe
1191 4597 1291 4657 penes
1307 4587 1452 4657 posteros
1471 4576 1619 4642 Davidis.
1653 4577 1767 4659 Neque
1785 4576 1883 4655 eninr,
1902 4575 2105 4653 uersatus,
2121 4577 2163 4640 67

166 4663 283 4728 veniae
313 4675 496 4745 quaeratur,
525 4683 606 4745 quos
630 4663 769 4728 abiicere
792 4663 881 4726 visus
904 4671 962 4737 est,
991 4661 1138 4744 placatus
1193 4660 1343 4738 vidimus,
1367 4660 1465 4744 elegit
1487 4661 1579 4728 Deus
1602 4662 1722 4727 tribum
1742 4661 1917 4744 Ephraim:
1942 4661 2006 4725 imo
2024 4661 2163 4726 iuviola-

166 4749 201 4813 in
231 4749 370 4833 gratiam
400 4749 542 4831 recipiet.
587 4749 660 4813 Etsi
688 4759 796 4813 autem
826 4747 906 4812 haec
929 4767 1056 4812 summa
1078 4746 1139 4810 fuit
1191 4746 1248 4809 bili
1282 4748 1353 4810 eius
1386 4745 1513 4811 decreto
1547 4759 1711 4830 sceptrum
1745 4748 1855 4811 datum
1886 4747 1995 4811 fuerat
2022 4748 2164 4813 familiae

167 4835 280 4917 populi
309 4835 464 4918 dignitas,
494 4836 618 4899 censeri
648 4835 712 4899 Dei
742 4834 889 4897 vineam:
919 4833 997 4896 dum
1027 4842 1137 4896 tamen
1190 4830 1282 4910 Iuda,
1304 4832 1398 4897 sicuti
1419 4833 1565 4897 continet
1589 4835 1778 4899 vaticinium
1802 4832 1907 4910 Iacob,
1931 4833 2086 4911 Gon.49,
2111 4833 2162 4899 10.

166 4919 228 4985 hoc
260 4930 408 5002 respectu
443 4921 550 4984 Deum
589 4919 649 4984 sibi
683 4919 858 4986 conciliant
891 4917 1015 4996 fideles,
1056 4917 1136 4980 nihil
1191 4917 1282 4999 Ergo
1312 4917 1414 5000 impia
1443 4928 1581 5000 ruptura
1603 4920 1675 4998 fuit,
1706 4941 1806 5001 quum
1829 4920 1931 4983 maior
1953 4940 2028 5001 pars
2050 4920 2164 5002 populi

166 5005 310 5069 afferunt
327 5005 505 5088 proprium,
529 5005 584 5070 sed
604 5017 729 5070 tantum
749 5004 927 5087 postulant,
951 5025 993 5067 ne
1012 5003 1139 5067 deficiat
1192 5001 1329 5067 descivit
1369 5001 1409 5068 ad
1449 5002 1630 5069 Iarobeam.
1686 5004 1778 5072 Solvi
1818 5015 1928 5069 tamen
1971 5014 2077 5087 potest
2110 5005 2164 5070 hio

166 5090 202 5154 in
232 5091 339 5154 medio
372 5091 576 5157 liberalitatis
605 5113 711 5158 cursu.
764 5090 963 5153 Particulam
993 5111 1009 5154 e
1037 5089 1138 5170 coelis,
1192 5086 1307 5174 nodus,
1337 5090 1414 5171 quia
1443 5091 1504 5154 etsi
1532 5110 1723 5173 perversum
1755 5089 1817 5155 tuit
1841 5090 1935 5173 regni
1957 5090 2162 5174 principium,

167 5197 233 5240 non
256 5175 369 5242 dubito
390 5176 490 5241 fuisse
512 5175 748 5261 interpositam,
771 5196 811 5239 nc
834 5173 930 5239 fidem
954 5193 1139 5256 suampro·
1192 5175 1276 5237 sicut
1308 5175 1428 5241 dicitur
1461 5177 1545 5256 apud
1580 5177 1725 5242 Hoseam
1760 5177 1816 5252 13,
1848 5176 1905 5239 11:
1950 5175 2034 5240 Dedi
2072 5177 2162 5241 vobis

167 5262 220 5327 cul
249 5262 425 5326 extendere
455 5261 568 5328 fideles
597 5265 791 5340 dubitarent,
822 5261 971 5343 quamvis
997 5262 1037 5326 ab
1059 5259 1139 5345 ipsis
1192 5279 1300 5342 regem
1332 5263 1364 5325 in
1393 5259 1503 5324 furore
1532 5282 1620 5327 meo:
1650 5261 1822 5327 tolerantia
1852 5260 1968 5326 deinde
1990 5261 2165 5343 probatum

1907 5362 1958 5417 48.
