4658 5856
185 325 229 391 83
1027 320 1247 391 Psanites
1271 325 1351 389 VII.
2151 323 2196 389 at

185 519 298 604 potius
315 517 533 581 cummuniter
550 512 591 576 de
610 511 723 576 multis
740 511 870 594 populis
887 512 1011 577 dictum
1030 513 1165 595 accipio.
1188 534 1193 609 j
1217 515 1318 579 corde.
1365 513 1416 577 12.
1447 512 1537 577 Dete
1564 514 1713 579 iudicans
1740 515 1869 594 imm,
1904 517 2199 597 detemptores

187 605 347 670 Fructum
390 602 478 665 euim
520 599 723 662 liberationis
760 618 839 661 snae
871 597 926 663 hic
958 598 1193 663 commendat·
1218 598 1284 665 Dei
1303 599 1449 682 sestace.

189 689 315 756 David:
338 689 418 770 quia
440 687 536 769 longe
559 686 689 765 lateque
712 682 835 765 patebit
857 685 929 749 cius
950 684 1052 748 tama:
1081 684 1167 750 acsi
1189 646 1195 745 l

187 774 344 839 dixisset:
365 773 508 837 Domine
532 790 670 854 regnum
694 770 774 833 mihi
797 769 982 845 asserendo,
1011 791 1075 834 non
1099 771 1167 853 pri·
1190 756 1195 901 l
1306 771 1357 835 10.
1381 768 1499 855 (Cesset
1519 769 1658 855 ᾳιιοοοο.)
1681 769 1782 836 Initio
1804 779 1958 853 precatur
1969 781 2006 837 nt
2023 771 2117 839 Deus
2134 775 2198 838 im·

188 862 291 924 ratim
321 858 418 922 modo
441 858 630 921 beneficium
655 855 716 918 hoc
738 857 885 919 conferes
905 857 940 919 in
962 876 1069 919 meam
1092 877 1166 939 per·
1191 912 1195 963 Ι
1219 857 1347 939 piorum
1382 855 1528 921 malitiae
1560 855 1693 920 modum
1727 866 1759 921 et
1792 857 1892 921 finem
1916 858 2072 939 imponat,
2106 859 2200 925 unde

189 967 315 1024 sonam,
344 945 401 1009 sed
430 963 604 1007 commune
634 940 746 1006 multis
775 941 904 1024 populis
933 942 1166 1006 documentum
1219 943 1379 1024 sequitur,
1401 941 1591 1005 diuturnam
1614 963 1680 1005 nou
1702 942 1814 1025 exigui
1833 945 1990 1024 temporis
2007 945 2107 1010 fuisse
2125 964 2201 1010 cru·

190 1033 254 1097 erit
277 1033 355 1094 iusti
378 1031 427 1093 tui
449 1026 572 1099 indicii,
599 1040 634 1088 ut
656 1026 767 1092 oeulos
789 1036 986 1092 convertant
1008 1027 1047 1090 ad
1072 1038 1166 1091 tuum
1219 1049 1301 1093 cem.
1347 1026 1433 1092 Aliis
1455 1028 1563 1110 potius
1585 1026 1718 1091 videtur
1736 1026 1807 1092 dira
1825 1049 1897 1093 esse
1914 1029 2116 1112 imprecatio,
2141 1030 2202 1114 qni

190 1116 347 1181 tribuual.
394 1113 520 1178 Alludit
548 1112 636 1175 enim
662 1110 773 1175 David
803 1113 843 1176 ad
874 1133 1027 1177 eoronam
1055 1111 1167 1195 populi
1220 1113 1359 1177 verbum
1382 1124 1460 1194 'tm
1489 1113 1663 1177 transitive
1696 1115 1860 1195 accipiunt
1888 1134 1949 1197 pro
1975 1116 2113 1198 perdere
2146 1116 2201 1180 vel

189 1223 274 1285 quae
303 1222 413 1284 regem
443 1219 536 1262 suum
567 1200 602 1260 iu
632 1197 758 1262 solenni
789 1213 953 1262 conventu
975 1198 1168 1264 circumdat.
1192 1204 1197 1257 l
1220 1219 1423 1262 consumere.
1480 1196 1535 1262 Ita
1568 1197 1749 1262 secundum
1782 1220 1837 1264 eos
1869 1208 1962 1283 optat
1994 1200 2115 1280 David,
2159 1210 2201 1267 ut

189 1288 232 1352 In
254 1287 367 1352 eodem
392 1305 523 1349 sensum
552 1285 707 1349 contiuuo
739 1296 814 1367 pust
842 1285 983 1365 subiicit,
1012 1293 1049 1348 ut
1076 1283 1168 1349 Deus
1221 1284 1346 1348 malum
1379 1282 1467 1367 quod
1499 1283 1686 1365 concipiunt
1720 1283 1822 1366 impii,
1857 1285 1948 1351 Deus
1981 1287 2015 1351 in
2049 1289 2201 1372 ipsorum

190 1375 246 1455 qui
277 1372 317 1436 ad
349 1384 479 1452 tempus
501 1370 536 1432 iu
559 1369 689 1433 silentio
711 1369 820 1446 iacuit,
842 1371 875 1433 in
899 1369 1039 1435 sublime
1061 1390 1097 1433 sc
1119 1378 1167 1434 at·
1221 1371 1329 1452 capita
1372 1379 1566 1451 retorqueat.
1622 1368 1709 1433 Mihi
1752 1380 1862 1433 tamen
1898 1371 2079 1454 simplicius
2116 1370 2203 1437 illud

191 1459 296 1535 tollat,
319 1470 354 1520 ut
377 1457 512 1541 gloriam
536 1476 629 1519 snam
653 1457 863 1539 conspicuam
887 1455 1003 1519 reddat
1025 1477 1091 1520 non
1111 1456 1168 1519 uni
1222 1455 1363 1533 ridetur,
1396 1462 1434 1519 ut
1463 1453 1572 1519 David
1602 1454 1671 1518 suis
1701 1455 1858 1519 molestiis
1880 1456 2006 1521 exitum
2030 1455 2102 1523 dari
2123 1479 2202 1541 pos-

191 1544 245 1607 vel
275 1544 379 1617 alteri,
410 1542 467 1606 aed
494 1543 574 1604 tetis
603 1541 741 1624 populis.
794 1539 915 1607 Subest
944 1542 1031 1604 enim
1069 1541 1169 1605 tacita
1223 1541 1316 1617 tulet,
1338 1540 1476 1622 ideoque
1500 1549 1612 1604 votum
1635 1560 1654 1604 a
1676 1541 1742 1604 fine
1763 1561 1844 1605 mox
1865 1542 2023 1624 sequitur,
2046 1555 2084 1608 ut
2105 1543 2204 1609 Deus

191 1629 408 1710 comparatio,
443 1628 573 1690 etiamsi
603 1628 702 1690 unius
730 1626 875 1691 hominis
906 1629 989 1690 ratio
1017 1626 1170 1690 habenda
1221 1627 1340 1691 iseum
1359 1626 1410 1688 rel
1431 1627 1560 1708 dirigat,
1580 1625 1632 1689 vel
1652 1624 1805 1689 stabiliat.
1851 1626 1938 1691 Nam
1956 1629 2082 1693 utrovis
2100 1627 2203 1695 mede

190 1734 257 1779 uon
281 1714 335 1791 sit,
357 1734 429 1778 esse
447 1725 557 1776 tamen
577 1727 830 1778 consentaneum
851 1712 992 1776 utDeus
1009 1711 1170 1776 muudum
1223 1711 1322 1793 legas,
1353 1731 1471 1793 parum
1500 1713 1648 1774 interest.
1694 1709 1819 1775 Sensus
1842 1712 1929 1776 euim
1953 1724 2014 1793 est,
2047 1725 2085 1779 ut
2107 1716 2207 1780 Deus

189 1801 225 1863 iu
248 1810 340 1863 metu
364 1809 397 1861 et
419 1799 604 1861 reverentia
625 1796 736 1864 iudicii
760 1800 809 1862 sui
833 1800 1010 1862 contiueat.
1222 1798 1325 1862 iustos
1347 1797 1469 1861 iniuste
1490 1816 1661 1879 oppressos
1682 1797 1833 1861 restituat
1855 1807 1888 1861 et
1910 1796 2042 1863 fulciat:
2064 1807 2103 1864 ut
2123 1822 2204 1866 con·

276 1884 306 1950 9.
335 1884 510 1970 (Dominae
543 1884 695 1948 iudicabit
719 1883 876 1970 populos.)
919 1882 1050 1948 Pendet
1089 1882 1170 1947 haec
1195 1956 1198 1973 Ι
1223 1893 1289 1946 stet
1309 1904 1366 1946 eos
1388 1882 1549 1946 divinitus
1572 1883 1606 1944 in
1629 1902 1688 1945 sito
1710 1891 1797 1945 statu
1817 1903 1959 1948 manere.
2003 1882 2107 1969 (Quia
2117 1906 2204 1968 pro·

190 1972 357 2036 sententia
379 1992 422 2034 ex
445 1970 597 2051 proximo
621 1989 726 2035 versu.
760 1970 919 2034 Precatus
937 1970 1043 2034 fuerat
1060 1966 1170 2033 David
1194 1976 1199 2053 t
1223 1967 1442 2050 barnewde.)
1485 1966 1612 2047 Copula
1636 1966 1787 2032 hocloco
1810 1988 1874 2031 uon
1897 1969 2008 2051 inepte
2029 1972 2065 2034 iu
2083 1992 2204 2036 causa·

192 2068 229 2120 ut
247 2056 340 2119 Deus
363 2076 398 2120 se
420 2054 549 2138 populis
572 2055 711 2120 indicem
735 2054 937 2119 ostenderet:
959 2074 1049 2118 nuuc
1071 2055 1172 2118 sumit
1224 2053 1287 2117 lem
1324 2053 1517 2135 particulam
1554 2051 1738 2115 resolvitur.
1788 2052 1904 2134 Neque
1936 2055 2025 2120 euim
2060 2056 2204 2122 dubium

194 2142 256 2207 hoc
273 2161 335 2224 pro
357 2150 447 2206 certo
469 2153 504 2204 et
525 2141 686 2224 confesso,
714 2142 883 2224 proprium
911 2161 982 2205 esse
1011 2141 1075 2204 Dei
1098 2160 1170 2203 mu·
1223 2150 1272 2202 est
1294 2142 1372 2219 quin
1394 2136 1505 2201 addita
1519 2139 1655 2209 ¹ratione
1673 2139 1892 2219 precationem
1912 2160 2007 2204 suam
2025 2144 2207 2207 confirmet

191 2249 254 2292 nus
275 2227 419 2292 iudicare
442 2225 589 2308 populos.
633 2226 718 2290 Nam
740 2227 887 2290 futurum
911 2226 1004 2291 verbi
1031 2238 1171 2307 tempus,
1224 2223 1343 2289 David.
1395 2223 1590 2304 Quanquam
1626 2232 1736 2287 autem
1766 2224 1832 2287 iam
1863 2225 1961 2288 tertio
1990 2226 2134 2292 ostendit
2165 2250 2205 2294 se

191 2324 229 2377 ut
258 2313 293 2376 iu
317 2313 526 2396 generalibus
548 2314 729 2390 sententiis,
759 2314 950 2378 continuum
981 2321 1089 2376 act-um
1114 2311 1170 2373 de·
1223 2310 1328 2373 bonae
1350 2308 1569 2374 conscientiae
1591 2309 1777 2372 testimonio
1794 2308 1914 2372 fretum
1934 2311 2091 2378 audacter
2107 2336 2206 2380 accc-

191 2408 293 2462 notat.
338 2397 453 2480 Neque
475 2397 527 2460 hic
549 2398 589 2461 de
612 2398 731 2480 populo
762 2419 827 2461 uno
859 2405 987 2461 tautum
1017 2397 1170 2478 loquitur,
1224 2393 1312 2476 dere,
1342 2394 1417 2477 plus
1446 2406 1556 2457 tamen
1587 2394 1744 2474 exprimit
1766 2413 1864 2475 quam
1887 2406 1994 2478 antea,
2020 2399 2109 2480 quod
2134 2422 2204 2466 nou

194 2484 251 2547 sed
273 2496 408 2548 cunctas
430 2491 545 2566 gentes
566 2482 824 2565 comprehendit,
848 2483 934 2544 Nam
962 2482 1037 2562 quia
1061 2482 1170 2543 Deum
1224 2479 1520 2561 externissstantum
1544 2479 1698 2560 operibus
1720 2480 1848 2562 integer
1869 2481 2042 2562 exstiterit,
2064 2485 2123 2549 sed
2146 2506 2204 2551 ar·

192 2571 341 2653 agnoscit
364 2571 464 2633 tetius
487 2568 603 2631 mundi
626 2567 777 2643 iudicem,
808 2566 883 2628 inde
907 2576 1020 2646 postea
1043 2565 1170 2627 ratioci·
1224 2584 1304 2628 cano
1333 2565 1433 2627 etium
1462 2563 1569 2626 cordis
1599 2564 1718 2628 affeetu
1749 2566 1924 2646 puritatem
1956 2567 2105 2635 coluerit.
2150 2573 2205 2638 Ae

191 2666 301 2727 natur,
325 2674 444 2718 causae
467 2674 546 2715 suae
568 2661 603 2714 et
625 2653 706 2715 iuris
728 2660 923 2713 assertorem
947 2649 1027 2713 fore.
1060 2648 1171 2730 Atque
1225 2650 1355 2713 videtur
1382 2649 1535 2713 fiduciam
1559 2649 1652 2724 hanc,
1684 2648 1827 2713 hostium
1847 2670 1979 2715 suerum
2003 2654 2206 2723 insolentiae

191 2738 254 2803 hnc
277 2737 381 2815 nobis,
403 2737 529 2817 quoties
556 2736 678 2799 deserti
706 2736 916 2818 oppressique
948 2734 1107 2814 videmur,
1137 2736 1171 2798 in
1224 2755 1397 2817 opponere,
1420 2753 1439 2796 a
1461 2733 1580 2816 quibus
1591 2733 1758 2816 probabile
1781 2747 1830 2799 est
1853 2734 1935 2800 tales
1957 2738 2204 2808 calumniarum

192 2825 383 2886 memoriam
409 2819 514 2882 redire
538 2819 642 2897 debet,
672 2821 746 2901 quia
769 2819 834 2885 Dei
856 2830 906 2883 eet
926 2818 1089 2883 mundum
1112 2841 1171 2902 gu·
1196 2814 1200 2923 ἰ
1225 2820 1361 2884 nebulas
1383 2820 1481 2882 luisse
1503 2819 1537 2881 in
1562 2820 1682 2902 vulgus
1700 2840 1840 2901 sparsas,
1863 2832 1898 2884 ut
1918 2824 2071 2889 miserum
2092 2826 2204 2893 hnmi-

194 2909 344 2983 cernere,
375 2925 580 2985 nequaquam
610 2925 704 2985 posse
734 2906 805 2969 fieri
836 2914 874 2967 ut
896 2926 1031 2969 munere
1054 2927 1112 2968 suu
1137 2926 1172 2969 se
1196 2930 1199 2941 ·
1225 2925 1298 2969 uem
1331 2916 1487 2988 cogerent
1519 2923 1574 2966 cor
1605 2909 1632 2969 et
1663 2925 1753 2970 renes
1784 2928 1861 2970 suos
1896 2905 1967 2970 Dee
1999 2910 2034 2974 in
2058 2932 2204 2979 examen

193 2989 338 3054 abdicet:
373 2989 476 3052 nihilo
505 2990 627 3063 scilieet
657 2992 762 3073 magis
791 3010 888 3072 quam
916 3003 954 3053 ut
976 2990 1116 3073 abneget
1138 3011 1172 3053 se
1224 2991 1351 3054 offerre.
1396 2991 1485 3053 Fieri
1519 2990 1619 3053 etiam
1649 3001 1755 3071 potest
1785 3002 1821 3054 ut
1851 2992 1978 3058 fueosos
2007 2995 2074 3061 illis
2105 3019 2203 3082 prae·

195 3076 314 3157 ipsum.
360 3075 412 3137 Ex
444 3073 505 3140 hoc
527 3076 626 3155 fonte,
656 3076 867 3157 quantumvis
891 3075 990 3158 longa
1012 3077 1173 3140 malorum
1196 3070 1200 3129 ἕ
1225 3085 1335 3140 textus
1357 3077 1511 3151 excutiat,
1534 3075 1651 3155 quibus
1672 3077 1751 3140 satis
1773 3077 1948 3154 habebant,
1970 3078 2122 3147 homines
2144 3083 2203 3149 de·

195 3160 297 3223 series
332 3160 426 3223 nobis
458 3160 636 3239 incumbat,
671 3163 752 3225 fluet
788 3162 940 3242 perennis
977 3162 1171 3226 consolatio:
1196 3150 1200 3239 l
1224 3164 1341 3244 cipere.
1387 3160 1541 3224 Ostendit
1564 3163 1660 3236 euim,
1691 3161 1765 3224 lieet
1789 3163 1908 3226 theatri
1936 3163 2093 3246 plausum
2117 3169 2203 3234 tule-

195 3245 273 3325 quia
303 3254 373 3308 tuto
403 3243 555 3328 colligere
586 3246 704 3317 licebit.
739 3246 894 3310 tutandae
925 3256 1054 3311 nostrae
1078 3250 1170 3311 iuno·
1197 3244 1200 3303 ἱ
1224 3246 1303 3323 rint,
1332 3245 1393 3309 hoe
1421 3246 1543 3309 nullius
1571 3267 1642 3310 esse
1665 3248 1840 3311 momenti:
1871 3250 1947 3330 quia
1968 3272 2047 3316 mox
2069 3251 2113 3319 ad
2135 3254 2204 3319 Dei

196 3331 321 3392 cantiae
345 3329 393 3392 illi
414 3330 482 3393 fore
505 3352 627 3395 euram.
662 3330 852 3394 Absurdum
869 3332 957 3395 enim
981 3335 1072 3409 foret,
1096 3353 1172 3396 cum
1196 3316 1200 3441 Ι
1225 3332 1367 3397 tribuual
1392 3331 1526 3394 venturi
1548 3333 1624 3407 sint,
1648 3332 1703 3396 nbi
1722 3333 1968 3408 nondetitulis‚
1992 3338 2202 3405 velexterno

195 3413 254 3494 qui
276 3414 389 3476 multis
419 3415 545 3495 populis
574 3427 712 3495 praeest,
741 3416 906 3479 hominem
935 3438 1038 3480 unum
1069 3419 1171 3501 negli·
1197 3452 1200 3477 t
1224 3417 1400 3501 splendore
1433 3437 1578 3499 operum,
1612 3416 1670 3482 sed
1703 3417 1743 3480 de
1776 3420 1883 3483 cordis
1915 3421 2107 3504 integritate
2139 3428 2204 3490 crit

196 3518 284 3581 gers.
342 3498 459 3578 Neque
490 3499 577 3562 enim
604 3498 689 3562 idem
719 3499 803 3580 quod
835 3502 974 3563 terrenis
1003 3502 1172 3579 iudicibus,
1197 3496 1200 3515 '
1224 3504 1377 3587 cognitio.

197 3584 246 3646 illi
280 3584 458 3664 contingit,
496 3594 532 3645 ut
565 3583 598 3645 in
634 3584 763 3666 magnis
797 3595 827 3645 et
860 3585 1000 3665 publicis
1033 3589 1173 3669 negotiis
1312 3588 1362 3651 11.
1385 3587 1534 3672 (Clupeas
1554 3588 1666 3673 mette.)
1709 3591 1785 3653 Non
1807 3591 1916 3654 mirun
1939 3602 1989 3656 est
2012 3595 2102 3676 quod
2123 3595 2206 3661 sub·

197 3683 376 3750 occupatus
401 3667 549 3749 privatas
578 3687 693 3732 causas
724 3668 876 3752 negligat.
920 3669 1024 3734 Porro
1054 3673 1172 3735 iterum
1226 3672 1302 3735 inde
1325 3673 1475 3753 precibus
1496 3675 1722 3739 meditationes
1745 3675 1918 3756 permiscet
1939 3676 2059 3759 David,
2082 3680 2206 3761 quibus

199 3776 291 3818 suam
316 3755 537 3837 integritatem
563 3757 595 3815 in
620 3754 762 3817 medium
787 3754 918 3834 profert,
949 3777 990 3818 ne
1014 3756 1173 3839 videatur,
1198 3788 1201 3841 ι
1227 3779 1261 3821 sc
1285 3757 1325 3820 nd
1348 3757 1500 3822 fiduciam
1520 3760 1654 3824 animet.
1697 3759 1922 3839 Quantumvis
1940 3764 2029 3827 enim
2048 3765 2205 3830 alacriter

197 3842 294 3904 sicuti
317 3841 425 3905 solent
447 3839 645 3922 hypocritae,
668 3839 825 3903 falsoDei
847 3857 967 3903 nomeu
989 3839 1173 3906 obtendere.
1198 3872 1202 3927 g
1227 3840 1267 3903 ad
1299 3843 1405 3908 Deum
1435 3843 1589 3923 feramur,
1619 3846 1729 3908 statim
1754 3845 1899 3922 labascit,
1930 3848 1980 3911 vel
2003 3847 2045 3911 ad
2068 3850 2207 3935 languo-

197 3924 283 3988 Nam
313 3926 389 4006 quia
420 3944 574 4005 personas
602 3923 696 3987 Deus
724 3945 785 3990 uun
814 3925 942 4006 accipit,
972 3927 1101 3995 nonnisi
1132 3946 1173 3990 ex
1227 3948 1295 3991 rem
1319 3927 1457 3992 inclinat
1479 3928 1575 3992 ardor
1599 3941 1718 4003 noster,
1742 3931 1805 3995 uisi
1827 3931 1916 3995 vires
1935 3954 2038 3997 novas
2059 3936 2207 4020 colligat.

199 4031 319 4074 catrsae
360 4009 504 4073 bonitate
544 4010 742 4090 sperandum
779 4018 830 4071 cst
862 4021 897 4072 ut
931 4019 996 4075 ste-t
1029 4032 1048 4075 a
1081 4021 1174 4092 parto
1198 3996 1202 4131 ἰ
1227 4012 1316 4095 Ergo
1339 4021 1375 4075 ut
1398 4011 1510 4075 codem
1535 4022 1646 4077 tenore
1666 4035 1874 4096 precessuas
1890 4020 2058 4082 continuet
2079 4019 2208 4097 David,

198 4108 322 4173 nostra,
353 4094 511 4176 nobisque
543 4095 659 4159 latrent.
711 4092 777 4159 Sed
808 4094 975 4174 quaeritur
1012 4095 1174 4177 quomodo
1198 4136 1201 4189 Ι
1226 4098 1404 4161 sententias
1433 4096 1495 4161 sibi
1527 4118 1568 4161 οι
1597 4101 1762 4163 communi
1792 4102 1923 4182 pietatis
1952 4101 2102 4170 doctrina
2124 4128 2208 4192 sug·

199 4203 293 4246 suani
328 4181 551 4262 integritatem
586 4179 684 4243 iactet
719 4197 825 4241 eornm
861 4177 933 4241 Deo
963 4180 1085 4258 llavid,
1118 4182 1174 4263 qui
1227 4203 1352 4262 gerens,
1375 4181 1472 4245 fideur
1496 4201 1588 4245 sutun
1612 4183 1701 4246 fovet
1723 4195 1820 4266 atque
1842 4186 1941 4249 etiam
1965 4190 2099 4254 excitat.
2148 4193 2208 4257 Di·

199 4267 277 4332 alibi
301 4265 496 4347 depreeatur
518 4267 589 4328 eius
612 4262 778 4327 iudicium.
825 4262 954 4326 Salutio
982 4266 1085 4330 facilis
1114 4276 1174 4343 cst,
1226 4269 1270 4331 uit
1303 4278 1423 4342 autom,
1457 4265 1534 4346 quio
1567 4266 1660 4331 llcus
1693 4275 1787 4334 rectos
1814 4271 2038 4351 coruscarent,
2072 4296 2108 4340 se
2132 4278 2209 4343 eius

199 4353 276 4435 quia
298 4351 352 4415 hic
376 4371 441 4414 non
465 4351 575 4431 agitur
598 4348 759 4431 quomodo
783 4347 985 4429 respondent,
1011 4350 1037 4412 si
1064 4352 1174 4433 erigut
1226 4350 1390 4433 praesidio
1412 4352 1493 4415 sutis
1516 4351 1677 4415 munitum
1693 4373 1773 4418 csse.
1820 4355 1915 4420 Unde
1932 4361 2091 4443 sequitur,
2113 4373 2209 4429 recte

199 4437 241 4503 ab
263 4459 301 4503 co
325 4436 417 4500 Deus
440 4437 542 4500 totius
565 4437 653 4499 vituo
676 4435 854 4498 rationein:
885 4432 940 4497 scd
969 4455 1003 4497 su
1027 4435 1175 4499 hostibus
1227 4437 1287 4499 sibi
1311 4436 1410 4498 t'uisso
1432 4435 1608 4500 cotisciuui.
1654 4436 1762 4517 Quium
1786 4454 1896 4504 autem
1920 4464 1984 4506 nou
2004 4445 2107 4512 iustos
2126 4449 2209 4513 sim·

199 4525 267 4589 suis
302 4542 510 4602 comparans.
551 4542 615 4583 non
658 4520 778 4584 lrustru
816 4540 850 4582 su
883 4538 995 4581 eorum
1027 4498 1202 4601 respectui
1229 4519 1364 4600 pliciter,
1393 4519 1449 4583 sod
1479 4532 1582 4585 rectos
1605 4521 1699 4585 corde
1721 4524 1808 4601 dicit,
1842 4526 1974 4590 videtur
1996 4529 2038 4594 ad
2059 4531 2210 4600 interius

198 4612 321 4675 iustum
357 4628 427 4671 esse
461 4606 586 4670 asserit.
642 4604 706 4669 Ubi
741 4615 848 4666 nutem
885 4624 943 4685 pro
976 4624 1010 4667 sn
1039 4606 1175 4686 quisque
1199 4584 1202 4663 l
1228 4604 1307 4668 illud
1330 4604 1437 4670 cordis
1460 4616 1493 4667 ut
1514 4624 1628 4669 renum
1651 4628 1788 4672 examen
1813 4612 1984 4693 respicere.

199 4707 386 4760 sanctoruni
424 4694 457 4755 in
488 4690 551 4754 Dei
577 4688 734 4754 iudiciuin
773 4686 890 4769 prodit,
920 4687 1017 4769 longe
1045 4686 1202 4752 ‹livorsa'
1316 4690 1363 4753 12.
1388 4688 1491 4773 (llatae
1521 4690 1689 4769 iurlicortal
1733 4694 1800 4758 Alii
1824 4695 1947 4780 legunt,
1981 4698 2075 4765 Deus
2100 4701 2210 4770 iudex

199 4792 249 4844 est
280 4781 380 4845 ratio:
410 4779 485 4859 quin
516 4788 594 4839 tuno
626 4774 756 4838 unicum
788 4772 851 4835 illis
877 4774 1004 4855 asylum
1029 4784 1177 4855 stiporost
1230 4773 1336 4837 litatus
1357 4786 1387 4836 ot
1415 4774 1504 4837 llnus
1524 4776 1671 4840 irascitur
1689 4781 1841 4859 quotidie.
1872 4781 2070 4866 Quanquam
2088 4795 2211 4854 autem

200 4866 234 4928 in
258 4864 481 4929 misericordia
508 4860 577 4924 ltoi.
1230 4857 1316 4921 Ιιιιιιο
1339 4878 1467 4939 quoquo
1490 4880 1619 4923 seusun}
1646 4862 1744 4926 verbu
1768 4865 1957 4944 admittunt,
1988 4872 2066 4950 quia
2089 4884 2211 4939 tamen

1229 4943 1262 5004 iu
1287 4942 1394 5023 priore
1418 4942 1543 5023 plenior
1562 4957 1609 5007 est
1623 4945 1780 5019 electrina.
1803 4948 1942 5014 libenter
1954 4974 2028 5018 cum
2041 4968 2210 5039 sequutus

289 5036 339 5096 10.
370 5034 470 5097 Cesset
500 5052 613 5113 οιιιιινιο
643 5029 765 5092 iraditio
799 5026 977 5106 ineptorum,
1006 5033 1032 5089 et
1053 5028 1177 5107 ‹liripos
1229 5046 1318 5090 atriu:
1353 5026 1445 5089 situati
1469 5040 1502 5092 ot
1525 5028 1719 5095 doctissimis
1741 5035 1921 5117 quibusque
1943 5039 2051 5122 magis
2071 5044 2211 5125 probari

199 5124 335 5186 iustitio:
370 5122 444 5198 quio
477 5117 615 5197 probatu
643 5116 736 5179 conlo
769 5116 796 5173 el
831 5133 917 5175 rous
955 5112 1039 5175 llius
1065 5114 1174 5175 iratas.
1231 5110 1339 5175 uulso:
1385 5110 1465 5173 oddo
1498 5114 1583 5195 ιιιιοιΙ
1618 5115 1658 5179 od
1689 5132 1891 5197 prrucsentcm
1920 5143 2053 5190 causam
2083 5129 2212 5198 melius

201 5208 252 5271 11.
289 5205 424 5285 clypeus
456 5225 544 5267 tricia·
576 5222 669 5283 snper
704 5198 815 5267 lle-utu,
856 5198 912 5277 ιμιι
946 5204 1046 5261 seraa
1082 5200 1176 5259 rectos
1228 5194 1377 5277 qttodrut.
1423 5198 1511 5277 linio
1551 5200 1639 5263 οιιίιιι
1679 5200 1739 5266 hoc
1772 5206 1840 5269 stris
1873 5206 2058 5276 maledictis
2092 5213 2215 5299 adepti
