4658 5856
89 389 93 397 ι
167 297 229 364 :aa
624 293 626 296 ·
923 293 1138 363 rennues
1160 294 1376 362 cxxxvu.
2082 291 2146 358 aec

161 485 203 551 in'
225 484 346 549 mundo
375 493 532 566 perpetua
557 482 609 547 sit.
657 484 783 548 Verum
812 485 889 567 quia
921 480 1123 566 saepedum
1175 483 1279 565 ipsam
1303 493 1412 549 tamen
1436 503 1511 548 vere
1533 483 1671 549 eoeleste
1692 503 1763 548 esse
1784 481 1848 546 Dei
1871 502 2027 565 regnum,
2050 502 2146 564 prae·

162 573 300 637 affluunt
321 569 479 634 inereduli
497 568 630 644 divitiis,
652 569 770 634 florent
787 570 902 652 opibus
920 579 952 634 et
969 567 1125 652 potentia,
1175 567 1263 634 clara
1284 578 1318 633 et
1346 568 1607 651 incomparabilis
1635 571 1725 635 aurei
1751 567 1840 633 illius
1861 567 1981 632 saeculi
2004 564 2146 634 conditio

162 658 314 722 miseram
336 654 506 720 ecelesiam
528 655 614 718 inter
635 654 776 736 piurima
799 655 986 720 discrimina
1004 655 1124 736 iactari,
1175 654 1284 735 palam
1307 654 1519 718 demonstrat.
1563 654 1736 720 Caeterum
1766 651 1878 718 fideles
1906 661 1986 717 tunc
2016 668 2147 736 quoque

161 745 226 807 imo
248 741 428 805 innumeris
455 739 633 823 naufragiis
662 739 896 823 propemodum
925 739 1018 805 obrui
1048 760 1125 805 eon·
1175 741 1317 821 oportuit
1343 740 1379 803 in
1401 739 1602 804 aestimanda
1634 740 1788 806 ecelesiae
1817 740 2017 821 praestantia
2046 738 2147 802 altius

162 838 244 894 stat:
278 826 312 890 in
335 847 372 890 eo
394 825 585 908 praesertim
606 825 780 892 statuenda
801 834 850 892 est
878 826 947 890 eius
978 825 1123 904 felicitas,
1176 845 1289 906 sapere
1316 826 1424 890 earnis
1454 845 1561 890 sensu.
1614 825 1699 891 Nam
1728 845 1790 908 quo
1820 835 1964 905 tempore
2002 824 2147 888 maxime

183 911 246 977 uod
269 920 436 977 aeternum
459 920 581 975 etatum
608 911 642 973 in
672 910 760 975 coeio
790 911 967 994 repositum
997 909 1124 975 habeat
1175 911 1294 985 floruit,
1314 931 1379 974 non
1397 931 1553 994 purpura,
1571 931 1651 976 auro
1669 922 1701 976 et
1720 909 1865 993 gemmis,
1883 910 1940 973 sed
1959 919 2147 992 martyrum

161 935 232 1063 iam
262 996 303 1061 ad
328 995 493 1062 Psalmum
522 994 769 1079 intelligendum
799 1019 864 1062 non
895 1018 1011 1080 parum
1048 996 1125 1060 iacit
1176 997 1335 1079 sanguine
1357 994 1510 1078 fulgebat.
1545 993 1671 1078 Spiritu
1690 996 1788 1074 dives,
1811 1015 1913 1078 egena
1930 994 2148 1058 nihilominus

161 1082 333 1165 temporis,
356 1101 418 1164 quo
441 1082 639 1163 compositus
661 1081 737 1160 fuit,
765 1082 1025 1158 circumstantia,
1047 1102 1125 1145 nam
1175 1081 1334 1163 inopsque
1357 1082 1560 1146 terrestrium
1585 1080 1739 1146 bonorum
1770 1090 1857 1145 erat:
1890 1080 2064 1143 sanctitate
2095 1100 2148 1144 eo·

161 1169 224 1234 etsi
253 1169 293 1235 ab
320 1165 434 1231 exsilio
467 1166 658 1250 babylonico
691 1188 842 1232 reversus
875 1180 946 1231 erat
977 1167 1125 1250 populus,
1177 1187 1246 1232 ram
1277 1165 1347 1230 Deo
1375 1176 1409 1230 et
1438 1165 1562 1249 angelis
1589 1165 1706 1231 nobilis
1734 1177 1766 1230 et
1795 1167 1982 1247 conspicua,
2020 1163 2147 1229 mundo

162 1253 296 1321 oolleota
323 1251 387 1316 Dei
420 1252 555 1316 ecelesia
587 1272 700 1316 rursus
733 1253 767 1316 in
801 1275 901 1317 unum
933 1274 1050 1335 corpus
1083 1273 1126 1317 ex
1177 1261 1286 1317 tamen
1309 1250 1512 1334 despicabilis
1539 1259 1618 1316 erat.
1662 1251 1762 1317 Multi
1792 1251 1921 1316 externi
1948 1262 1982 1314 et
2011 1250 2148 1332 professi

162 1339 260 1423 longa
282 1337 491 1420 dissipatione
512 1336 692 1415 coaluerat,
715 1337 823 1402 stabam
844 1339 1001 1420 templum
1024 1346 1057 1402 et
1079 1337 1124 1399 al·
1177 1337 1287 1402 hostes
1301 1348 1358 1401 aut
1371 1336 1547 1401 crudeliter
1560 1337 1758 1411 saeviebant,
1783 1350 1841 1401 aut
1862 1333 1999 1417 obliquis
2018 1335 2147 1399 artibus

161 1433 242 1506 tare,
265 1424 436 1488 restitutus
457 1433 527 1487 erat
550 1422 613 1486 Dei
635 1422 759 1488 cultus:
788 1423 862 1505 quia
884 1431 993 1487 tamen
1016 1445 1056 1487 ex
1079 1423 1126 1486 in·
1177 1425 1318 1505 pessima
1345 1442 1489 1504 quaeque
1516 1421 1551 1485 in
1582 1442 1653 1486 eam
1682 1421 1913 1486 moliebantur:
1947 1421 2036 1485 intus
2067 1439 2148 1485 vero

161 1510 251 1593 genti
282 1507 492 1573 multitudine
521 1508 638 1587 exigua
666 1517 791 1572 tantum
821 1509 925 1592 portio
954 1508 1125 1572 hominum
1178 1511 1310 1572 timores
1332 1521 1365 1572 et
1386 1506 1532 1572 insidiae.
1573 1507 1724 1590 Denique
1746 1505 1806 1572 sub
1827 1505 1950 1572 Christi
1973 1525 2068 1571 cruce
2091 1506 2147 1569 ad·

160 1594 313 1671 restabat,
335 1593 488 1658 eeclesiae
508 1593 650 1658 conditio
671 1593 806 1659 obscura
823 1603 893 1658 erat
911 1602 943 1658 et
961 1594 1125 1678 ignobilis:
1177 1593 1242 1657 huo
1263 1593 1383 1658 latebat
1404 1591 1591 1657 veneranda
1621 1593 1750 1676 quidem
1782 1592 1838 1657 sed
1868 1591 2048 1673 spititualis
2078 1592 2149 1654 eius

161 1691 259 1762 atque
280 1679 314 1743 id
337 1677 422 1761 quod
445 1686 515 1742 erat
537 1677 717 1753 residuum,
745 1679 786 1744 ab
807 1679 956 1745 hostibus
984 1675 1126 1762 quotidie
1178 1678 1330 1761 dignitas.
1375 1676 1485 1757 Quare
1508 1689 1586 1743 tunc
1609 1700 1734 1761 quoque
1757 1679 1951 1759 tempestiva
1978 1674 2043 1739 fuit
2064 1696 2149 1758 quae

161 1763 377 1829 atterebatur:
411 1763 568 1846 templum
590 1763 723 1845 antiquo
746 1786 804 1829 suo
829 1764 1000 1847 splendore
1030 1764 1126 1847 longe
1178 1763 1238 1828 hoc
1260 1763 1393 1828 Psalmo
1414 1764 1554 1829 habetur
1575 1764 1770 1839 consolatio,
1797 1775 1834 1827 ut
1861 1760 1973 1827 fideles
2001 1759 2043 1825 ad
2074 1782 2148 1845 per·

160 1850 297 1915 inferius
319 1856 404 1913 erat:
426 1847 579 1913 fidelibus
597 1849 654 1912 vix
677 1849 743 1913 ulla
761 1851 954 1933 suppetebat
970 1851 1005 1913 in
1020 1860 1125 1932 poste·
1177 1849 1343 1915 festiorem
1366 1849 1518 1914 ecclesiae
1538 1857 1661 1913 statum
1685 1849 2056 1930 animisaeassurgerent:
2092 1867 2149 1911 no·

159 1957 234 2000 rum
256 1935 338 2000 bene
361 1932 511 2016 sperandi
535 1934 680 1998 materia.
718 1934 815 2000 Certe
837 1937 929 1999 utin
952 1936 1125 2018 pristinum
1178 1943 1247 2000 stra
1269 1944 1378 1999 autem
1402 1935 1484 1999 ratio
1511 1933 1639 1999 diversa
1666 1946 1724 2000 est.
1769 1934 1905 1998 Factum
1936 1942 1986 1997 est
2012 1932 2149 2015 proinde

159 2028 299 2098 statum,
333 2019 419 2084 unde
448 2018 654 2104 exciderant,
686 2040 722 2084 se
752 2041 897 2103 unquam
930 2020 1126 2097 attollerent,
1180 2030 1308 2101 patrum
1331 2029 1514 2084 nostrorum
1537 2019 1647 2101 culpa,
1671 2030 1707 2084 nt
1729 2019 1894 2102 praeclara
1914 2018 1972 2082 iila
1993 2017 2148 2082 ecelesiae

159 2105 232 2172 fieri
263 2126 329 2170 non
358 2125 453 2188 posse
478 2104 659 2170 videbatur.
708 2104 819 2185 Quare
846 2106 1027 2189 perieulum
1056 2114 1128 2170 erat
1179 2106 1302 2190 speeies
1323 2104 1384 2171 sub
1406 2104 1580 2186 impiorum
1603 2102 1739 2186 pedibus
1760 2103 1908 2188 squalida
1930 2115 1964 2166 et
1991 2102 2147 2167 deformis

159 2212 202 2256 ne
224 2201 258 2254 et
275 2199 425 2272 acceptae
446 2189 546 2255 eladis
563 2191 727 2266 memoria,
750 2200 783 2254 et
803 2192 1021 2274 praesentium
1042 2191 1126 2257 cala·
1180 2190 1324 2258 iacuerit
1376 2191 1421 2255 Et
1450 2190 1545 2256 hodie
1577 2192 1717 2273 peccatis
1750 2190 1869 2254 nostris
1901 2209 2056 2272 oppressa
2089 2188 2149 2253 sub

163 2277 314 2342 mitatum
336 2274 420 2339 mole
442 2276 586 2357 oppressi
608 2275 823 2355 labascerent,
853 2298 890 2343 ae
913 2277 1043 2342 tandem
1072 2275 1127 2340 de·
1180 2276 1299 2341 misera
1321 2275 1516 2355 vastatione,
1546 2274 1607 2341 sub
1635 2275 1754 2342 diaboli
1782 2275 1956 2357 mundique
1986 2273 2147 2350 ludibriis,

162 2361 345 2443 speratione
366 2360 575 2425 conciderent
596 2360 723 2442 piorum
754 2362 864 2427 animi.
909 2364 989 2428 Pam
1020 2362 1129 2446 gravi·
1179 2361 1240 2427 sub
1262 2372 1476 2444 tyrannorum
1498 2361 1650 2439 saevitia,
1680 2362 1741 2427 sub
1763 2360 1905 2445 indignis
1929 2359 2072 2424 hostium
2096 2381 2148 2424 ea·

41 2480 44 2487 ·
162 2445 222 2511 bus
254 2445 420 2511 aerumnis
453 2467 493 2510 ne
527 2446 753 2530 succumbant,
793 2447 955 2513 Dominus
994 2448 1028 2511 in
1067 2446 1129 2512 hoc
1180 2447 1313 2512 lumniis
1341 2448 1455 2530 gemit:
1489 2442 1527 2511 nl
1548 2446 1624 2511 filiis
1649 2446 1784 2522 saeouli,
1813 2447 1868 2528 qui
1888 2445 1949 2511 sibi
1970 2443 2053 2510 bene
2078 2466 2148 2510 esse

162 2530 293 2597 Psalmo
319 2551 384 2595 non
414 2541 540 2595 tantum
571 2542 818 2614 recuperaturos
854 2533 1014 2614 promittit
1043 2532 1128 2615 quod
1180 2534 1331 2614 eupiunt,
1362 2532 1445 2597 nihil
1468 2533 1576 2598 minus
1597 2532 1640 2597 sit
1661 2533 1813 2614 optabile,
1845 2551 1942 2613 quam
1964 2532 2092 2596 censeri
2113 2530 2148 2594 in

162 2617 355 2695 amiserant,
384 2615 441 2682 sed
462 2617 495 2680 in
516 2637 606 2699 spem
635 2616 894 2699 incomparabilis
922 2618 1045 2701 gloriae
1075 2638 1129 2682 eos
1180 2617 1243 2682 Dei
1265 2618 1392 2701 populo.
1437 2616 1511 2697 Quo
1533 2617 1650 2683 melius
1679 2618 1874 2702 perspicitur
1902 2615 2001 2681 huius
2024 2615 2149 2681 Psalmi

44 2712 47 2717 '
162 2702 276 2786 erigit,
305 2700 483 2766 seeundum
513 2700 592 2765 illud
615 2700 742 2785 Aggaei
771 2703 978 2782 vaticinium,
1007 2724 1075 2784 cap.
1098 2702 1128 2778 2,
1180 2702 1320 2781 utilitas,
1350 2712 1383 2767 et
1404 2703 1501 2767 simul
1523 2724 1620 2784 quam
1642 2705 1824 2769 necessaria
1853 2702 1897 2766 sit
1925 2700 2058 2766 assidua
2079 2703 2149 2766 eius

162 2787 332 2852 vers.10:
366 2786 472 2850 Maior
493 2787 555 2849 erit
580 2784 712 2851 secundi
742 2787 856 2870 templi
885 2809 981 2871 quam
1011 2788 1127 2870 prioris
1180 2787 1358 2851 meditatio.
1412 2787 1587 2872 Inscriptio
1620 2808 1684 2852 non
1718 2799 1785 2852 tam
1820 2798 1950 2853 autores
1990 2785 2150 2871 designat,

163 2871 276 2957 gloria.
321 2870 416 2936 Nunc
438 2880 600 2953 postremo
623 2880 739 2955 restat,
771 2873 864 2937 utin
886 2895 981 2938 usum
1003 2894 1128 2956 quoque
1179 2893 1280 2955 quam
1306 2872 1486 2954 praefectos
1515 2873 1655 2939 musioae
1684 2874 1724 2937 ad
1754 2872 1935 2938 canendum
1965 2871 2148 2938 Psalmum.

164 2965 314 3023 nostrum
336 2965 448 3041 aptaro
470 2954 636 3021 Psalmum
659 2958 747 3023 huno
769 2956 939 3024 diseamus.
984 2959 1127 3023 Tantum
1180 2957 1377 3040 Quanquam
1400 2959 1469 3023 fieri
1492 2969 1597 3040 potest
1618 2967 1655 3023 ut
1677 2958 1840 3042 quispiam
1857 2979 1899 3023 ex
1916 2957 1974 3022 illa
1993 2960 2148 3042 progenie

161 3041 249 3127 apud
271 3041 342 3124 pios
364 3042 433 3107 eius
456 3041 577 3107 saeculi
597 3041 747 3108 homines
778 3043 885 3109 valere
916 3044 1026 3109 debuit
1048 3044 1128 3109 haee
1179 3043 1300 3110 Levita
1321 3065 1395 3109 eum
1417 3043 1641 3126 composuerit.

162 3128 356 3206 consolatio,
386 3137 423 3193 ut
445 3126 542 3193 rebus
564 3127 631 3193 suis
653 3127 781 3193 afflictis
812 3150 879 3194 non
907 3129 1002 3195 modo
1028 3131 1127 3199 erecti
1267 3133 1294 3195 1.
1314 3129 1546 3213 (Fundamenta
1567 3130 1636 3194 eiua
1658 3131 1692 3193 ia
1712 3127 1888 3214 meatibus.)
1931 3128 2043 3209 Quum
2066 3130 2150 3196 rela-

162 3223 306 3295 starent,
342 3213 398 3278 sed
431 3233 449 3276 e
481 3212 629 3296 sepulcro
661 3214 886 3297 pertingerent
919 3214 961 3299 ad
991 3216 1127 3281 coelum.
1180 3213 1287 3279 tivum
1309 3217 1352 3280 sit
1374 3214 1607 3292 masculinum,
1630 3214 1803 3297 falluntur,
1834 3214 2065 3298 meoiudicio,
2095 3216 2151 3298 qui

162 3298 280 3376 Hodie,
303 3319 402 3381 quum
421 3296 571 3378 sommus,
590 3297 745 3381 quidquid
765 3301 969 3380 praedixerat
986 3301 1128 3383 spiritus,
1181 3299 1221 3365 de
1242 3299 1444 3384 Ierosolyma
1465 3299 1635 3383 accipiunt,
1657 3299 1747 3383 quasi
1771 3299 1908 3364 fundata
1931 3319 2000 3365 esso
2022 3299 2151 3366 dicatur

163 3384 359 3467 completum
382 3383 490 3466 fuisse,
511 3382 696 3465 plusquam
715 3385 973 3468 ingratisumus,
995 3387 1057 3451 nisi
1075 3408 1129 3470 pa·
1181 3386 1216 3449 itt
1247 3386 1399 3452 mortibus
1429 3385 1553 3451 mactis.
1604 3384 1672 3451 Neo
1704 3406 1756 3450 me
1789 3385 1868 3450 latet
1899 3387 2059 3468 quomodo
2090 3387 2152 3452 hoo

165 3479 252 3534 trum
275 3469 533 3551 experimentum
556 3468 664 3534 verbis
681 3469 846 3548 accedens,
868 3468 965 3535 fidem
984 3481 1128 3537 nostram
1181 3480 1339 3537 excusent
1360 3470 1509 3535 nonnulli
1532 3470 1616 3536 dooti
1639 3469 1795 3547 homines,
1818 3491 1937 3535 nomen
1954 3472 2078 3537 soiiioet
2096 3492 2152 3554 pc·

164 3554 271 3638 magis
292 3555 472 3620 confirmet.
516 3553 628 3636 Neque
655 3556 742 3618 enim
770 3557 848 3621 satis
881 3576 939 3637 pro
968 3556 1130 3640 dignitate
1182 3556 1250 3640 puli
1271 3555 1527 3621 subaudiendum
1550 3577 1636 3634 esse,
1667 3556 1798 3620 tametsi
1817 3556 1857 3621 de
1886 3557 1967 3622 urbe
1995 3556 2153 3639 primaria

166 3640 306 3723 exprimi
338 3649 446 3723 potest
478 3659 574 3721 quam
606 3638 773 3721 splendide
804 3640 956 3707 Christus
989 3642 1130 3707 adventu
1183 3641 1322 3706 habetur
1343 3662 1459 3706 sermo.
1503 3639 1569 3706 Sed
1592 3662 1690 3723 quam
1712 3651 1823 3707 coacta
1844 3642 1887 3706 sit
1906 3643 2074 3724 expositio,
2099 3662 2152 3707 me

164 3745 223 3790 suo
249 3725 415 3790 ecelesiam
447 3725 621 3790 ornaverit.
672 3726 765 3790 Tune
794 3726 883 3791 enim
913 3748 990 3793 vera
1016 3726 1130 3811 religio
1182 3736 1310 3791 tacente
1338 3747 1451 3791 omnes
1480 3726 1600 3791 vident.
1652 3726 1812 3791 Hebraeis
1848 3726 2040 3808 quibusdam
2070 3726 2154 3792 nihil

164 3831 247 3892 quae
276 3812 310 3874 in
339 3810 499 3894 angustiis
528 3808 667 3875 Iudaeae
694 3812 786 3892 prius
814 3813 924 3878 clausa
954 3822 1040 3893 erat,
1073 3834 1132 3895 per
1183 3812 1287 3894 magis
1310 3810 1474 3895 probabile
1497 3812 1603 3876 visum
1633 3825 1682 3876 est
1708 3833 1806 3894 quam
1835 3810 1876 3875 ad
1899 3812 2067 3876 Psalmum
2100 3832 2154 3877 re·

166 3905 270 3960 totum
292 3896 401 3961 orbem
425 3894 542 3960 diffusa
563 3895 634 3960 tuit.
679 3896 772 3962 Tune
793 3896 884 3962 Deus
913 3900 966 3981 qui
996 3898 1037 3963 ab
1066 3919 1132 3963 una
1182 3898 1278 3974 ferre,
1301 3907 1398 3980 atque
1416 3898 1463 3961 ita
1481 3897 1698 3980 metaphorice
1716 3894 1928 3962 fundamenta
1946 3898 1986 3960 de
2004 3896 2156 3962 themate

166 3981 290 4044 familia
310 3982 461 4064 cognitus
489 3979 614 4058 fuerat,
645 3980 782 4046 diversis
811 3984 955 4048 omnium
985 3985 1131 4067 gentium
1184 3992 1368 4065 exponunt:
1399 3983 1474 4064 quia
1496 3981 1635 4046 disserat
1662 3981 1702 4046 de
1731 3982 1810 4047 urbe
1838 3993 1951 4047 sancta
1971 3981 2154 4048 Ierusalem

165 4065 285 4148 linguis
305 4069 412 4149 eoepit
433 4066 588 4132 invocari.
624 4067 717 4133 Tune
739 4067 881 4134 mundns
901 4070 957 4152 qui
980 4070 1131 4134 innume·
1184 4069 1321 4150 quaein
1345 4067 1510 4132 montibus
1533 4068 1596 4130 sita
1617 4077 1695 4131 erat
1730 4067 1780 4132 Ac
1802 4066 1945 4132 demiror
1966 4068 1999 4131 in
2023 4087 2059 4131 re
2083 4079 2154 4132 tam

165 4151 211 4215 ris
233 4153 501 4233 superstitionum
524 4172 734 4234 errorumque
757 4154 852 4219 sectis
875 4155 994 4219 misere
1010 4152 1131 4220 lacera·
1184 4153 1270 4226 facili
1293 4163 1326 4216 et
1347 4153 1495 4235 exposita
1517 4152 1616 4216 iuisse
1647 4151 1814 4235 deceptos,
1846 4174 1922 4217 nam
1953 4173 2054 4234 quum
2082 4153 2154 4218 He·

166 4244 220 4300 tus
242 4235 357 4314 iuerat,
378 4237 413 4299 in
434 4245 579 4303 sanctam
601 4236 677 4301 fidei
699 4238 858 4303 unitatem
880 4239 1006 4303 coaluit.
1039 4241 1132 4306 Tunc
1185 4238 1290 4304 bracis
1308 4237 1421 4302 tritum
1439 4238 1490 4312 sit,
1514 4237 1684 4302 relativum
1703 4241 1773 4301 sine
1792 4237 2001 4303 antecedente
2019 4259 2154 4318 ponere,

167 4320 316 4386 certatim
346 4342 457 4386 omnes
479 4320 608 4386 Iudaeis
638 4343 673 4387 se
701 4334 934 4406 aggregarunt,
968 4344 988 4388 a
1016 4324 1132 4406 quibus
1184 4324 1328 4407 loquutio
1357 4323 1422 4387 illis
1448 4322 1528 4388 dura
1552 4321 1658 4386 videri
1687 4343 1752 4386 non
1783 4323 1902 4389 debuit.
1946 4322 2050 4388 Paulo
2079 4338 2157 4406 post

166 4405 416 4471 abhorruerant:
441 4426 535 4488 reges
556 4419 661 4472 terrae
683 4415 716 4472 et
738 4408 848 4491 populi
871 4411 905 4473 in
928 4408 1053 4474 Christi
1074 4410 1130 4474 ob·
1184 4421 1292 4474 autem
1315 4409 1463 4490 sequitur
1484 4427 1603 4472 nomen
1625 4407 1698 4472 Dei.
1741 4406 1872 4473 Scimus
1899 4416 2007 4473 autem
2030 4412 2156 4490 passim

166 4492 314 4574 sequium
343 4498 460 4574 sponte
490 4511 525 4555 se
559 4490 766 4556 dediderunt:
799 4494 868 4576 lupi
898 4500 931 4558 et
960 4493 1069 4560 leones
1096 4495 1131 4560 in
1183 4494 1245 4558 dici
1268 4493 1436 4557 fundatam
1471 4513 1541 4558 esse
1569 4493 1609 4558 ab
1638 4493 1707 4576 ipso
1736 4492 2008 4577 Hierosolymam.
2054 4493 2155 4576 Quod

167 4596 269 4661 agnos
291 4581 439 4643 conversi
461 4582 553 4642 sunt:
577 4574 661 4640 dona
682 4580 815 4662 spiritus
838 4579 871 4643 in
891 4579 1001 4644 fideles
1019 4580 1130 4660 effusa,
1183 4588 1308 4643 montes
1331 4577 1462 4659 quidam
1485 4577 1675 4662 intelligunt
1691 4579 1798 4644 Moria
1819 4589 1852 4643 et
1870 4577 1950 4644 Sion
1969 4577 2066 4664 (quae
2086 4578 2156 4648 duc

166 4682 249 4744 quae
271 4683 401 4727 omnem
422 4661 537 4728 mundi
558 4660 705 4744 gloriam,
728 4665 862 4745 quaevis
890 4664 1019 4742 deeora,
1050 4664 1131 4728 divi·
1183 4671 1276 4727 erant
1296 4663 1465 4728 eacumina
1487 4664 1606 4728 montis
1628 4663 1780 4750 bioipitis)
1802 4665 1900 4730 nimis
1921 4675 2067 4730 eoactum
2091 4676 2156 4735 est

167 4748 230 4811 tias
248 4768 361 4813 omnes
380 4746 477 4832 longe
496 4746 744 4829 praecellerent:
766 4749 873 4830 ipsum
890 4750 1044 4815 ecelesiae
1062 4769 1131 4813 eor-
1184 4749 1297 4813 Potius
1319 4769 1418 4830 quum
1441 4760 1613 4814 montuosa
1639 4759 1725 4814 esset
1753 4750 1858 4832 regio,
1887 4750 1998 4833 plures
2025 4752 2157 4818 vicinos

166 4852 229 4914 pus
251 4853 291 4896 ex
314 4833 501 4916 regionibus
524 4832 637 4916 procul
658 4831 746 4895 inter
774 4854 809 4898 se
838 4836 971 4898 remotis
1001 4833 1131 4898 mirabi·
1184 4845 1312 4897 montes
1340 4844 1373 4896 et
1402 4835 1569 4918 contiguos
1598 4834 1655 4916 qui
1676 4835 1938 4918 Hierosolymam
1967 4836 2156 4922 cingebant,

167 4918 241 4981 liter
263 4917 431 4984 collectum
454 4928 487 4983 et
503 4928 631 4983 auctum
647 4925 680 4982 et
694 4933 918 4983 conservatum
935 4920 1013 4984 init:
1036 4939 1133 4984 evan·
1184 4919 1310 4982 notavit
1332 4919 1505 5002 propheta:
1538 4920 1633 4984 sicuti
1659 4920 1735 4985 alibi
1759 4920 1949 5001 videbimus,
1972 4921 2156 4988 Ierusalem

167 5002 243 5085 gelii
277 5005 466 5087 propagatio
504 5002 597 5069 brevi
636 5014 781 5084 tempore
821 5003 1018 5070 incredibilis
1057 5026 1132 5069 eum
1185 5012 1311 5068 montes
1333 5005 1366 5066 in
1397 5004 1532 5069 circuitu
1562 5005 1646 5082 eius,
1675 5006 1761 5071 Psal.
1786 5006 1864 5085 125,
1887 5006 1916 5071 2.
1961 5006 2052 5090 Ergo
2075 5008 2157 5072 sim·

168 5088 312 5168 proiectu
335 5110 492 5172 peraeque
514 5089 636 5172 insigni
656 5088 836 5155 coniuncta.
873 5090 962 5175 Ergo
985 5090 1013 5156 si
1035 5088 1133 5155 ecole-
1185 5088 1258 5169 plax
1288 5096 1321 5151 et
1350 5090 1510 5172 genuinus
1539 5100 1589 5156 est
1619 5112 1750 5171 sensus,
1780 5090 1864 5175 quod
1894 5090 1983 5156 Deus
2015 5093 2155 5176 elegerit

168 5171 235 5237 siae
253 5174 404 5239 nobilitas
420 5195 588 5258 nunquam
600 5173 714 5243 inisset
726 5174 787 5240 hoe
799 5174 950 5240 vatioinio
961 5173 1132 5257 celebrata,
1184 5183 1314 5238 sanctos
1335 5185 1476 5254 montes,
1505 5175 1541 5239 in
1571 5176 1687 5261 quibus
1717 5176 1830 5243 urbem
1861 5197 1954 5241 suam
1986 5175 2153 5244 fundaret.
