<?xml version="1.0" encoding="UTF-8"?>
<!DOCTYPE html PUBLIC "-//W3C//DTD XHTML 1.0 Transitional//EN"
    "http://www.w3.org/TR/xhtml1/DTD/xhtml1-transitional.dtd">
<html xmlns="http://www.w3.org/1999/xhtml" xml:lang="en" lang="en">
 <head>
  <title>
</title>
<meta http-equiv="Content-Type" content="text/html;charset=utf-8" />
  <meta name='ocr-system' content='tesseract 3.04.00' />
  <meta name='ocr-capabilities' content='ocr_page ocr_carea ocr_par ocr_line ocrx_word'/>
</head>
<body>
  <div class='ocr_page' id='page_1' title='image "./corpusreformato05melagoog_0310.png"; bbox 0 0 4658 5856; ppageno 0'>
   <div class='ocr_carea' id='block_1_1' title="bbox 163 302 2157 381">
    <p class='ocr_par' dir='ltr' id='par_1_1' title="bbox 163 302 2157 381">
     <span class='ocr_line' id='line_1_1' title="bbox 163 302 2157 381; baseline 0.008 -15"><span class='ocrx_word' id='word_1_1' title='bbox 163 302 229 367; x_wconf 99' lang='grc'><strong>641</strong></span> <span class='ocrx_word' id='word_1_2' title='bbox 957 303 1189 376; x_wconf 65' lang='lat' dir='ltr'>PSALMUS</span> <span class='ocrx_word' id='word_1_3' title='bbox 1211 306 1339 372; x_wconf 86' lang='lat' dir='ltr'>LXIX.</span> <span class='ocrx_word' id='word_1_4' title='bbox 2092 316 2157 381; x_wconf 77' lang='lat'><strong>642</strong></span> 
     </span>
    </p>
   </div>
   <div class='ocr_carea' id='block_1_2' title="bbox 166 493 2156 842">
    <p class='ocr_par' dir='ltr' id='par_1_2' title="bbox 166 493 2156 842">
     <span class='ocr_line' id='line_1_2' title="bbox 166 493 2156 585; baseline 0.004 -26"><span class='ocrx_word' id='word_1_5' title='bbox 166 515 264 578; x_wconf 87' lang='lat' dir='ltr'><strong>quam</strong></span> <span class='ocrx_word' id='word_1_6' title='bbox 286 495 473 580; x_wconf 82' lang='lat' dir='ltr'><strong>prodigiosa</strong></span> <span class='ocrx_word' id='word_1_7' title='bbox 495 496 536 560; x_wconf 90' lang='lat' dir='ltr'><strong>sit</strong></span> <span class='ocrx_word' id='word_1_8' title='bbox 559 495 728 561; x_wconf 90' lang='lat' dir='ltr'><strong>hominum</strong></span> <span class='ocrx_word' id='word_1_9' title='bbox 751 496 893 576; x_wconf 85' lang='lat' dir='ltr'><strong>malitia,</strong></span> <span class='ocrx_word' id='word_1_10' title='bbox 916 499 969 578; x_wconf 91' lang='lat' dir='ltr'><strong>qui</strong></span> <span class='ocrx_word' id='word_1_11' title='bbox 992 495 1137 563; x_wconf 91' lang='lat' dir='ltr'><strong>studium</strong></span> <span class='ocrx_word' id='word_1_12' title='bbox 1189 493 1359 576; x_wconf 85' lang='lat' dir='ltr'><strong>affectum,</strong></span> <span class='ocrx_word' id='word_1_13' title='bbox 1389 503 1426 561; x_wconf 91' lang='grc'><strong>66</strong></span> <span class='ocrx_word' id='word_1_14' title='bbox 1455 498 1558 580; x_wconf 83' lang='lat' dir='ltr'><strong>magis</strong></span> <span class='ocrx_word' id='word_1_15' title='bbox 1581 518 1639 562; x_wconf 91' lang='lat' dir='ltr'><strong>nos</strong></span> <span class='ocrx_word' id='word_1_16' title='bbox 1661 499 1849 577; x_wconf 65' lang='lat' dir='ltr'><strong>excrucient</strong></span> <span class='ocrx_word' id='word_1_17' title='bbox 1869 502 1987 583; x_wconf 90' lang='lat' dir='ltr'><strong>probra</strong></span> <span class='ocrx_word' id='word_1_18' title='bbox 2009 522 2091 585; x_wconf 90' lang='lat' dir='ltr'><strong>quae</strong></span> <span class='ocrx_word' id='word_1_19' title='bbox 2121 503 2156 567; x_wconf 94' lang='grc'><strong>16</strong></span> 
     </span>
     <span class='ocr_line' id='line_1_3' title="bbox 166 578 2156 665; baseline 0.005 -22"><span class='ocrx_word' id='word_1_20' title='bbox 166 581 292 665; x_wconf 87' lang='lat' dir='ltr'><strong>gloriae</strong></span> <span class='ocrx_word' id='word_1_21' title='bbox 321 582 391 647; x_wconf 88' lang='lat' dir='ltr'><strong>eius</strong></span> <span class='ocrx_word' id='word_1_22' title='bbox 421 582 456 646; x_wconf 93' lang='grc'><strong>16</strong></span> <span class='ocrx_word' id='word_1_23' title='bbox 486 580 625 646; x_wconf 91' lang='lat' dir='ltr'><strong>dedecus</strong></span> <span class='ocrx_word' id='word_1_24' title='bbox 655 592 862 648; x_wconf 89' lang='lat' dir='ltr'><strong>convertunt.</strong></span> <span class='ocrx_word' id='word_1_25' title='bbox 907 582 998 648; x_wconf 87' lang='lat' dir='ltr'><strong>Bene</strong></span> <span class='ocrx_word' id='word_1_26' title='bbox 1027 593 1136 647; x_wconf 89' lang='lat' dir='ltr'><strong>autem</strong></span> <span class='ocrx_word' id='word_1_27' title='bbox 1189 578 1298 652; x_wconf 86' lang='lat' dir='ltr'><strong>Duum</strong></span> <span class='ocrx_word' id='word_1_28' title='bbox 1317 581 1512 647; x_wconf 89' lang='lat' dir='ltr'><strong>redundant.</strong></span> <span class='ocrx_word' id='word_1_29' title='bbox 1543 582 1607 646; x_wconf 91' lang='lat' dir='ltr'><strong>Hic</strong></span> <span class='ocrx_word' id='word_1_30' title='bbox 1629 584 1715 648; x_wconf 90' lang='lat' dir='ltr'><strong>enim</strong></span> <span class='ocrx_word' id='word_1_31' title='bbox 1737 598 1769 648; x_wconf 92' lang='lat' dir='ltr'><strong>et</strong></span> <span class='ocrx_word' id='word_1_32' title='bbox 1784 586 2017 652; x_wconf 84' lang='lat' dir='ltr'><strong>excandescere</strong></span> <span class='ocrx_word' id='word_1_33' title='bbox 2039 597 2072 652; x_wconf 92' lang='lat' dir='ltr'><strong>et</strong></span> <span class='ocrx_word' id='word_1_34' title='bbox 2093 588 2156 652; x_wconf 89' lang='lat' dir='ltr'><strong>ful·</strong></span> 
     </span>
     <span class='ocr_line' id='line_1_4' title="bbox 169 665 2156 757; baseline 0.004 -27"><span class='ocrx_word' id='word_1_35' title='bbox 169 665 336 732; x_wconf 90' lang='lat' dir='ltr'><strong>nobiscum</strong></span> <span class='ocrx_word' id='word_1_36' title='bbox 359 666 485 751; x_wconf 84' lang='lat' dir='ltr'><strong>agitur,</strong></span> <span class='ocrx_word' id='word_1_37' title='bbox 517 666 599 749; x_wconf 85' lang='lat' dir='ltr'><strong>qued</strong></span> <span class='ocrx_word' id='word_1_38' title='bbox 624 668 744 750; x_wconf 89' lang='lat' dir='ltr'><strong>probra</strong></span> <span class='ocrx_word' id='word_1_39' title='bbox 765 668 883 751; x_wconf 89' lang='lat' dir='ltr'><strong>quibus</strong></span> <span class='ocrx_word' id='word_1_40' title='bbox 913 689 972 734; x_wconf 87' lang='lat' dir='ltr'><strong>nos</strong></span> <span class='ocrx_word' id='word_1_41' title='bbox 1001 679 1139 732; x_wconf 85' lang='lat' dir='ltr'><strong>onerant</strong></span> <span class='ocrx_word' id='word_1_42' title='bbox 1190 666 1315 732; x_wconf 90' lang='lat' dir='ltr'><strong>minare</strong></span> <span class='ocrx_word' id='word_1_43' title='bbox 1348 676 1490 749; x_wconf 80' lang='lat' dir='ltr'><strong>oportet:</strong></span> <span class='ocrx_word' id='word_1_44' title='bbox 1525 669 1651 749; x_wconf 87' lang='lat' dir='ltr'><strong>privata</strong></span> <span class='ocrx_word' id='word_1_45' title='bbox 1685 679 1794 733; x_wconf 87' lang='lat' dir='ltr'><strong>autem</strong></span> <span class='ocrx_word' id='word_1_46' title='bbox 1829 671 1999 738; x_wconf 87' lang='lat' dir='ltr'><strong>maledicta</strong></span> <span class='ocrx_word' id='word_1_47' title='bbox 2032 673 2156 757; x_wconf 90' lang='lat' dir='ltr'><strong>placide</strong></span> 
     </span>
     <span class='ocr_line' id='line_1_5' title="bbox 168 750 2156 842; baseline 0.004 -26"><span class='ocrx_word' id='word_1_48' title='bbox 168 750 276 836; x_wconf 91' lang='lat' dir='ltr'><strong>impii,</strong></span> <span class='ocrx_word' id='word_1_49' title='bbox 306 773 371 817; x_wconf 89' lang='grc'><strong>666</strong></span> <span class='ocrx_word' id='word_1_50' title='bbox 393 752 489 816; x_wconf 91' lang='lat' dir='ltr'><strong>modo</strong></span> <span class='ocrx_word' id='word_1_51' title='bbox 512 752 688 838; x_wconf 78' lang='lat' dir='ltr'><strong>abstergit,</strong></span> <span class='ocrx_word' id='word_1_52' title='bbox 718 753 773 817; x_wconf 90' lang='lat' dir='ltr'><strong>sed</strong></span> <span class='ocrx_word' id='word_1_53' title='bbox 797 754 894 818; x_wconf 90' lang='lat' dir='ltr'><strong>etiam</strong></span> <span class='ocrx_word' id='word_1_54' title='bbox 918 753 1078 835; x_wconf 88' lang='lat' dir='ltr'><strong>illustrat,</strong></span> <span class='ocrx_word' id='word_1_55' title='bbox 1101 764 1138 819; x_wconf 91' lang='lat' dir='ltr'><strong>ut</strong></span> <span class='ocrx_word' id='word_1_56' title='bbox 1191 771 1313 817; x_wconf 89' lang='lat' dir='ltr'><strong>vorare.</strong></span> <span class='ocrx_word' id='word_1_57' title='bbox 1348 752 1465 833; x_wconf 90' lang='lat' dir='ltr'><strong>Quoad</strong></span> <span class='ocrx_word' id='word_1_58' title='bbox 1483 755 1570 817; x_wconf 89' lang='lat' dir='ltr'><strong>enim</strong></span> <span class='ocrx_word' id='word_1_59' title='bbox 1589 752 1797 819; x_wconf 82' lang='lat' dir='ltr'><strong>didicerimus</strong></span> <span class='ocrx_word' id='word_1_60' title='bbox 1816 755 1980 841; x_wconf 86' lang='lat' dir='ltr'><strong>negligere</strong></span> <span class='ocrx_word' id='word_1_61' title='bbox 1992 760 2156 842; x_wconf 88' lang='lat' dir='ltr'><strong>propriam</strong></span> 
     </span>
    </p>
   </div>
   <div class='ocr_carea' id='block_1_3' title="bbox 161 835 2158 3061">
    <p class='ocr_par' dir='ltr' id='par_1_3' title="bbox 161 835 2158 3061">
     <span class='ocr_line' id='line_1_6' title="bbox 168 835 2156 923; baseline 0.003 -19"><span class='ocrx_word' id='word_1_62' title='bbox 168 849 325 921; x_wconf 90' lang='lat' dir='ltr'><strong>superent</strong></span> <span class='ocrx_word' id='word_1_63' title='bbox 346 859 460 903; x_wconf 84' lang='lat' dir='ltr'><strong>omnes</strong></span> <span class='ocrx_word' id='word_1_64' title='bbox 484 838 597 903; x_wconf 90' lang='lat' dir='ltr'><strong>mundi</strong></span> <span class='ocrx_word' id='word_1_65' title='bbox 620 837 813 923; x_wconf 90' lang='lat' dir='ltr'><strong>triumphos.</strong></span> <span class='ocrx_word' id='word_1_66' title='bbox 859 839 931 904; x_wconf 90' lang='lat' dir='ltr'><strong>Hae</strong></span> <span class='ocrx_word' id='word_1_67' title='bbox 954 841 1052 904; x_wconf 89' lang='lat' dir='ltr'><strong>etiam</strong></span> <span class='ocrx_word' id='word_1_68' title='bbox 1075 839 1137 904; x_wconf 89' lang='lat' dir='ltr'><strong>cir·</strong></span> <span class='ocrx_word' id='word_1_69' title='bbox 1190 835 1323 917; x_wconf 90' lang='lat' dir='ltr'><strong>famam,</strong></span> <span class='ocrx_word' id='word_1_70' title='bbox 1358 858 1525 922; x_wconf 90' lang='lat' dir='ltr'><strong>nunquam</strong></span> <span class='ocrx_word' id='word_1_71' title='bbox 1555 841 1588 902; x_wconf 91' lang='lat' dir='ltr'><strong>in</strong></span> <span class='ocrx_word' id='word_1_72' title='bbox 1614 840 1706 903; x_wconf 91' lang='lat' dir='ltr'><strong>nobis</strong></span> <span class='ocrx_word' id='word_1_73' title='bbox 1740 839 1933 906; x_wconf 89' lang='lat' dir='ltr'><strong>accendetur</strong></span> <span class='ocrx_word' id='word_1_74' title='bbox 1967 845 2156 909; x_wconf 83' lang='lat' dir='ltr'><strong>verus·neli</strong></span> 
     </span>
     <span class='ocr_line' id='line_1_7' title="bbox 165 920 2157 1010; baseline 0.003 -22"><span class='ocrx_word' id='word_1_75' title='bbox 165 924 367 988; x_wconf 86' lang='lat' dir='ltr'><strong>cumstantia</strong></span> <span class='ocrx_word' id='word_1_76' title='bbox 396 922 572 1006; x_wconf 85' lang='lat' dir='ltr'><strong>amplificat</strong></span> <span class='ocrx_word' id='word_1_77' title='bbox 600 944 695 989; x_wconf 89' lang='lat' dir='ltr'><strong>suam</strong></span> <span class='ocrx_word' id='word_1_78' title='bbox 725 925 980 1007; x_wconf 87' lang='lat' dir='ltr'><strong>querimoniam,</strong></span> <span class='ocrx_word' id='word_1_79' title='bbox 1010 923 1139 1008; x_wconf 89' lang='lat' dir='ltr'><strong>quoda</strong></span> <span class='ocrx_word' id='word_1_80' title='bbox 1190 920 1309 1005; x_wconf 90' lang='lat' dir='ltr'><strong>fervor,</strong></span> <span class='ocrx_word' id='word_1_81' title='bbox 1330 933 1366 988; x_wconf 91' lang='lat' dir='ltr'><strong>ut</strong></span> <span class='ocrx_word' id='word_1_82' title='bbox 1383 945 1441 1006; x_wconf 87' lang='lat' dir='ltr'><strong>pro</strong></span> <span class='ocrx_word' id='word_1_83' title='bbox 1459 925 1707 990; x_wconf 87' lang='lat' dir='ltr'><strong>asserendaDei</strong></span> <span class='ocrx_word' id='word_1_84' title='bbox 1727 926 1832 1010; x_wconf 86' lang='lat' dir='ltr'><strong>gloria</strong></span> <span class='ocrx_word' id='word_1_85' title='bbox 1849 937 2020 993; x_wconf 77' lang='lat' dir='ltr'><strong>certemus.</strong></span> <span class='ocrx_word' id='word_1_86' title='bbox 2054 930 2157 994; x_wconf 90' lang='lat' dir='ltr'><strong>Porro</strong></span> 
     </span>
     <span class='ocr_line' id='line_1_8' title="bbox 167 1008 2156 1098; baseline 0.002 -23"><span class='ocrx_word' id='word_1_87' title='bbox 167 1010 236 1075; x_wconf 87' lang='lat' dir='ltr'><strong>suis</strong></span> <span class='ocrx_word' id='word_1_88' title='bbox 258 1029 377 1075; x_wconf 89' lang='grc'><strong>666666</strong></span> <span class='ocrx_word' id='word_1_89' title='bbox 425 1009 507 1073; x_wconf 90' lang='grc'><strong>16616</strong></span> <span class='ocrx_word' id='word_1_90' title='bbox 529 1019 562 1073; x_wconf 88' lang='grc'><strong>66</strong></span> <span class='ocrx_word' id='word_1_91' title='bbox 583 1010 774 1094; x_wconf 80' lang='lat' dir='ltr'><strong>propinquis</strong></span> <span class='ocrx_word' id='word_1_92' title='bbox 796 1008 895 1074; x_wconf 88' lang='lat' dir='ltr'><strong>fuerit</strong></span> <span class='ocrx_word' id='word_1_93' title='bbox 915 1011 1138 1075; x_wconf 84' lang='lat' dir='ltr'><strong>inhumaniter</strong></span> <span class='ocrx_word' id='word_1_94' title='bbox 1190 1027 1288 1089; x_wconf 91' lang='lat' dir='ltr'><strong>quum</strong></span> <span class='ocrx_word' id='word_1_95' title='bbox 1311 1008 1420 1074; x_wconf 91' lang='lat' dir='ltr'><strong>David</strong></span> <span class='ocrx_word' id='word_1_96' title='bbox 1444 1010 1543 1074; x_wconf 92' lang='lat' dir='ltr'><strong>totius</strong></span> <span class='ocrx_word' id='word_1_97' title='bbox 1573 1011 1726 1075; x_wconf 90' lang='lat' dir='ltr'><strong>ecclesiae</strong></span> <span class='ocrx_word' id='word_1_98' title='bbox 1754 1032 1925 1095; x_wconf 90' lang='lat' dir='ltr'><strong>personam</strong></span> <span class='ocrx_word' id='word_1_99' title='bbox 1955 1014 2156 1098; x_wconf 80' lang='lat' dir='ltr'><strong>sustinuerit,</strong></span> 
     </span>
     <span class='ocr_line' id='line_1_9' title="bbox 170 1029 2157 1180; baseline 0.004 -22"><span class='ocrx_word' id='word_1_100' title='bbox 170 1095 318 1160; x_wconf 88' lang='lat' dir='ltr'><strong>reiectus.</strong></span> <span class='ocrx_word' id='word_1_101' title='bbox 363 1029 460 1160; x_wconf 72' lang='lat' dir='ltr'><strong>[idda</strong></span> <span class='ocrx_word' id='word_1_102' title='bbox 486 1095 585 1159; x_wconf 89' lang='lat' dir='ltr'><strong>etiam</strong></span> <span class='ocrx_word' id='word_1_103' title='bbox 617 1095 786 1177; x_wconf 89' lang='lat' dir='ltr'><strong>doeemur,</strong></span> <span class='ocrx_word' id='word_1_104' title='bbox 818 1095 999 1179; x_wconf 88' lang='lat' dir='ltr'><strong>posthabito</strong></span> <span class='ocrx_word' id='word_1_105' title='bbox 1029 1097 1139 1162; x_wconf 87' lang='lat' dir='ltr'><strong>earnis</strong></span> <span class='ocrx_word' id='word_1_106' title='bbox 1190 1092 1344 1177; x_wconf 89' lang='lat' dir='ltr'><strong>quidquid</strong></span> <span class='ocrx_word' id='word_1_107' title='bbox 1368 1094 1408 1159; x_wconf 92' lang='lat' dir='ltr'><strong>de</strong></span> <span class='ocrx_word' id='word_1_108' title='bbox 1438 1117 1473 1161; x_wconf 91' lang='lat' dir='ltr'><strong>se</strong></span> <span class='ocrx_word' id='word_1_109' title='bbox 1501 1095 1680 1178; x_wconf 88' lang='lat' dir='ltr'><strong>praedicat,</strong></span> <span class='ocrx_word' id='word_1_110' title='bbox 1711 1097 1843 1180; x_wconf 88' lang='lat' dir='ltr'><strong>impleri</strong></span> <span class='ocrx_word' id='word_1_111' title='bbox 1873 1118 2003 1165; x_wconf 90' lang='lat' dir='ltr'><strong>necesse</strong></span> <span class='ocrx_word' id='word_1_112' title='bbox 2032 1100 2095 1165; x_wconf 88' lang='lat' dir='ltr'><strong>luit</strong></span> <span class='ocrx_word' id='word_1_113' title='bbox 2122 1101 2157 1165; x_wconf 94' lang='lat' dir='ltr'><strong>in</strong></span> 
     </span>
     <span class='ocr_line' id='line_1_10' title="bbox 168 1179 2158 1264; baseline 0.004 -20"><span class='ocrx_word' id='word_1_114' title='bbox 168 1194 203 1244; x_wconf 91' lang='lat' dir='ltr'><strong>et</strong></span> <span class='ocrx_word' id='word_1_115' title='bbox 231 1179 401 1264; x_wconf 86' lang='lat' dir='ltr'><strong>sanguinis</strong></span> <span class='ocrx_word' id='word_1_116' title='bbox 431 1191 598 1260; x_wconf 89' lang='lat' dir='ltr'><strong>respectu,</strong></span> <span class='ocrx_word' id='word_1_117' title='bbox 628 1179 825 1263; x_wconf 88' lang='lat' dir='ltr'><strong>sequendum</strong></span> <span class='ocrx_word' id='word_1_118' title='bbox 856 1203 926 1247; x_wconf 91' lang='lat' dir='ltr'><strong>esse</strong></span> <span class='ocrx_word' id='word_1_119' title='bbox 955 1181 1081 1262; x_wconf 90' lang='lat' dir='ltr'><strong>Deum,</strong></span> <span class='ocrx_word' id='word_1_120' title='bbox 1110 1183 1138 1248; x_wconf 92' lang='lat' dir='ltr'><strong>si</strong></span> <span class='ocrx_word' id='word_1_121' title='bbox 1189 1198 1315 1244; x_wconf 82' lang='lat' dir='ltr'><strong>suntme</strong></span> <span class='ocrx_word' id='word_1_122' title='bbox 1333 1180 1447 1262; x_wconf 89' lang='lat' dir='ltr'><strong>eapite.</strong></span> <span class='ocrx_word' id='word_1_123' title='bbox 1481 1180 1623 1263; x_wconf 86' lang='lat' dir='ltr'><strong>Ideoque</strong></span> <span class='ocrx_word' id='word_1_124' title='bbox 1640 1202 1707 1246; x_wconf 93' lang='lat' dir='ltr'><strong>non</strong></span> <span class='ocrx_word' id='word_1_125' title='bbox 1725 1185 1845 1249; x_wconf 91' lang='lat' dir='ltr'><strong>mirum</strong></span> <span class='ocrx_word' id='word_1_126' title='bbox 1863 1194 1921 1262; x_wconf 90' lang='lat' dir='ltr'><strong>est,</strong></span> <span class='ocrx_word' id='word_1_127' title='bbox 1944 1185 2050 1251; x_wconf 91' lang='lat' dir='ltr'><strong>locum</strong></span> <span class='ocrx_word' id='word_1_128' title='bbox 2070 1186 2158 1251; x_wconf 89' lang='lat' dir='ltr'><strong>hune</strong></span> 
     </span>
     <span class='ocr_line' id='line_1_11' title="bbox 167 1264 2157 1352; baseline 0.003 -23"><span class='ocrx_word' id='word_1_129' title='bbox 167 1266 298 1348; x_wconf 90' lang='lat' dir='ltr'><strong>pietatis</strong></span> <span class='ocrx_word' id='word_1_130' title='bbox 320 1285 434 1344; x_wconf 89' lang='lat' dir='ltr'><strong>eausa,</strong></span> <span class='ocrx_word' id='word_1_131' title='bbox 464 1264 600 1330; x_wconf 79' lang='lat' dir='ltr'><strong>fratrum</strong></span> <span class='ocrx_word' id='word_1_132' title='bbox 625 1277 809 1332; x_wconf 89' lang='lat' dir='ltr'><strong>nestrorum</strong></span> <span class='ocrx_word' id='word_1_133' title='bbox 831 1268 972 1332; x_wconf 84' lang='lat' dir='ltr'><strong>offensas</strong></span> <span class='ocrx_word' id='word_1_134' title='bbox 994 1269 1138 1352; x_wconf 83' lang='lat' dir='ltr'><strong>effugere</strong></span> <span class='ocrx_word' id='word_1_135' title='bbox 1190 1264 1229 1329; x_wconf 91' lang='lat' dir='ltr'><strong>ab</strong></span> <span class='ocrx_word' id='word_1_136' title='bbox 1252 1267 1463 1349; x_wconf 73' lang='lat' dir='ltr'><strong>evangelistis</strong></span> <span class='ocrx_word' id='word_1_137' title='bbox 1485 1267 1618 1331; x_wconf 79' lang='lat' dir='ltr'><strong>Christo</strong></span> <span class='ocrx_word' id='word_1_138' title='bbox 1648 1270 1773 1351; x_wconf 90' lang='lat' dir='ltr'><strong>aptari,</strong></span> <span class='ocrx_word' id='word_1_139' title='bbox 1801 1269 1913 1333; x_wconf 91' lang='lat' dir='ltr'><strong>Ioann.</strong></span> <span class='ocrx_word' id='word_1_140' title='bbox 1937 1270 1966 1339; x_wconf 83' lang='lat'><strong>2.</strong></span> <span class='ocrx_word' id='word_1_141' title='bbox 1999 1271 2049 1338; x_wconf 80' lang='lat'><strong>17.</strong></span> <span class='ocrx_word' id='word_1_142' title='bbox 2095 1272 2157 1335; x_wconf 87' lang='lat' dir='ltr'><strong>Ea·</strong></span> 
     </span>
     <span class='ocr_line' id='line_1_12' title="bbox 171 1349 2155 1435; baseline 0.002 -20"><span class='ocrx_word' id='word_1_143' title='bbox 171 1372 236 1417; x_wconf 91' lang='lat' dir='ltr'><strong>non</strong></span> <span class='ocrx_word' id='word_1_144' title='bbox 259 1351 365 1417; x_wconf 87' lang='lat' dir='ltr'><strong>liceat.</strong></span> <span class='ocrx_word' id='word_1_145' title='bbox 1190 1349 1262 1413; x_wconf 89' lang='lat' dir='ltr'><strong>dem</strong></span> <span class='ocrx_word' id='word_1_146' title='bbox 1298 1372 1425 1433; x_wconf 89' lang='lat' dir='ltr'><strong>quoque</strong></span> <span class='ocrx_word' id='word_1_147' title='bbox 1463 1354 1586 1417; x_wconf 89' lang='lat' dir='ltr'><strong>ratione</strong></span> <span class='ocrx_word' id='word_1_148' title='bbox 1614 1351 1737 1419; x_wconf 91' lang='lat' dir='ltr'><strong>Paulus</strong></span> <span class='ocrx_word' id='word_1_149' title='bbox 1763 1355 1857 1420; x_wconf 91' lang='lat' dir='ltr'><strong>Rom.</strong></span> <span class='ocrx_word' id='word_1_150' title='bbox 1885 1355 1932 1435; x_wconf 84' lang='lat'><strong>15,</strong></span> <span class='ocrx_word' id='word_1_151' title='bbox 1954 1356 1983 1420; x_wconf 85' lang='lat'><strong>3.</strong></span> <span class='ocrx_word' id='word_1_152' title='bbox 2008 1357 2037 1421; x_wconf 84' lang='lat'><strong>5.</strong></span> <span class='ocrx_word' id='word_1_153' title='bbox 2060 1357 2080 1421; x_wconf 89' lang='grc'><strong>6</strong></span> <span class='ocrx_word' id='word_1_154' title='bbox 2102 1356 2155 1422; x_wconf 93' lang='lat' dir='ltr'><strong>ubi</strong></span> 
     </span>
     <span class='ocr_line' id='line_1_13' title="bbox 255 1435 2156 1523; baseline 0.003 -23"><span class='ocrx_word' id='word_1_155' title='bbox 255 1437 305 1501; x_wconf 90' lang='lat'><strong>10.</strong></span> <span class='ocrx_word' id='word_1_156' title='bbox 327 1436 425 1522; x_wconf 77' lang='lat' dir='ltr'><strong>(Quia</strong></span> <span class='ocrx_word' id='word_1_157' title='bbox 447 1435 557 1523; x_wconf 77' lang='lat' dir='ltr'><strong>zelus.)</strong></span> <span class='ocrx_word' id='word_1_158' title='bbox 601 1435 761 1517; x_wconf 80' lang='lat' dir='ltr'><strong>Quemvis</strong></span> <span class='ocrx_word' id='word_1_159' title='bbox 783 1440 1013 1521; x_wconf 86' lang='lat' dir='ltr'><strong>profiterentur</strong></span> <span class='ocrx_word' id='word_1_160' title='bbox 1036 1438 1136 1503; x_wconf 90' lang='lat' dir='ltr'><strong>Davi·</strong></span> <span class='ocrx_word' id='word_1_161' title='bbox 1189 1435 1229 1499; x_wconf 92' lang='lat' dir='ltr'><strong>ad</strong></span> <span class='ocrx_word' id='word_1_162' title='bbox 1252 1435 1376 1502; x_wconf 79' lang='lat' dir='ltr'><strong>Christi</strong></span> <span class='ocrx_word' id='word_1_163' title='bbox 1399 1438 1613 1503; x_wconf 87' lang='lat' dir='ltr'><strong>imitationem</strong></span> <span class='ocrx_word' id='word_1_164' title='bbox 1645 1438 1794 1505; x_wconf 87' lang='lat' dir='ltr'><strong>hortatur</strong></span> <span class='ocrx_word' id='word_1_165' title='bbox 1824 1440 1951 1523; x_wconf 88' lang='lat' dir='ltr'><strong>fideles,</strong></span> <span class='ocrx_word' id='word_1_166' title='bbox 1980 1442 2156 1507; x_wconf 87' lang='lat' dir='ltr'><strong>seeundum</strong></span> 
     </span>
     <span class='ocr_line' id='line_1_14' title="bbox 165 1520 2158 1605; baseline 0.003 -18"><span class='ocrx_word' id='word_1_167' title='bbox 165 1522 218 1588; x_wconf 87' lang='lat' dir='ltr'><strong>dis</strong></span> <span class='ocrx_word' id='word_1_168' title='bbox 240 1522 350 1587; x_wconf 88' lang='lat' dir='ltr'><strong>hostes</strong></span> <span class='ocrx_word' id='word_1_169' title='bbox 373 1520 435 1586; x_wconf 89' lang='lat' dir='ltr'><strong>sibi</strong></span> <span class='ocrx_word' id='word_1_170' title='bbox 463 1522 547 1586; x_wconf 91' lang='lat' dir='ltr'><strong>nihil</strong></span> <span class='ocrx_word' id='word_1_171' title='bbox 577 1523 684 1588; x_wconf 91' lang='lat' dir='ltr'><strong>miuus</strong></span> <span class='ocrx_word' id='word_1_172' title='bbox 714 1544 786 1589; x_wconf 90' lang='lat' dir='ltr'><strong>esse</strong></span> <span class='ocrx_word' id='word_1_173' title='bbox 815 1525 851 1588; x_wconf 93' lang='grc'><strong>16</strong></span> <span class='ocrx_word' id='word_1_174' title='bbox 879 1525 1002 1601; x_wconf 92' lang='lat' dir='ltr'><strong>anime,</strong></span> <span class='ocrx_word' id='word_1_175' title='bbox 1037 1545 1136 1605; x_wconf 89' lang='lat' dir='ltr'><strong>quam</strong></span> <span class='ocrx_word' id='word_1_176' title='bbox 1190 1521 1368 1586; x_wconf 90' lang='lat' dir='ltr'><strong>membrum</strong></span> <span class='ocrx_word' id='word_1_177' title='bbox 1392 1523 1432 1587; x_wconf 88' lang='lat' dir='ltr'><strong>ad</strong></span> <span class='ocrx_word' id='word_1_178' title='bbox 1456 1545 1509 1588; x_wconf 89' lang='lat' dir='ltr'><strong>eos</strong></span> <span class='ocrx_word' id='word_1_179' title='bbox 1532 1545 1645 1588; x_wconf 84' lang='lat' dir='ltr'><strong>omnes</strong></span> <span class='ocrx_word' id='word_1_180' title='bbox 1663 1525 1827 1590; x_wconf 90' lang='lat' dir='ltr'><strong>extendit:</strong></span> <span class='ocrx_word' id='word_1_181' title='bbox 1851 1526 1905 1590; x_wconf 89' lang='lat' dir='ltr'><strong>ubi</strong></span> <span class='ocrx_word' id='word_1_182' title='bbox 1927 1528 2024 1590; x_wconf 90' lang='lat' dir='ltr'><strong>etiam</strong></span> <span class='ocrx_word' id='word_1_183' title='bbox 2048 1527 2158 1592; x_wconf 89' lang='lat' dir='ltr'><strong>adme·</strong></span> 
     </span>
     <span class='ocr_line' id='line_1_15' title="bbox 167 1607 2157 1694; baseline 0.001 -21"><span class='ocrx_word' id='word_1_184' title='bbox 167 1608 330 1692; x_wconf 85' lang='lat' dir='ltr'><strong>attingere</strong></span> <span class='ocrx_word' id='word_1_185' title='bbox 353 1627 482 1672; x_wconf 89' lang='lat' dir='ltr'><strong>sacrum</strong></span> <span class='ocrx_word' id='word_1_186' title='bbox 505 1607 569 1673; x_wconf 90' lang='lat' dir='ltr'><strong>Dei</strong></span> <span class='ocrx_word' id='word_1_187' title='bbox 591 1628 728 1689; x_wconf 89' lang='lat' dir='ltr'><strong>nomen,</strong></span> <span class='ocrx_word' id='word_1_188' title='bbox 757 1608 856 1675; x_wconf 88' lang='grc'><strong>161666</strong></span> <span class='ocrx_word' id='word_1_189' title='bbox 885 1621 994 1673; x_wconf 88' lang='lat' dir='ltr'><strong>tamen</strong></span> <span class='ocrx_word' id='word_1_190' title='bbox 1024 1630 1135 1674; x_wconf 90' lang='lat' dir='ltr'><strong>eorum</strong></span> <span class='ocrx_word' id='word_1_191' title='bbox 1190 1618 1243 1672; x_wconf 90' lang='lat' dir='ltr'><strong>net</strong></span> <span class='ocrx_word' id='word_1_192' title='bbox 1266 1630 1362 1689; x_wconf 87' lang='lat' dir='ltr'><strong>quam</strong></span> <span class='ocrx_word' id='word_1_193' title='bbox 1386 1609 1452 1673; x_wconf 89' lang='lat' dir='ltr'><strong>late</strong></span> <span class='ocrx_word' id='word_1_194' title='bbox 1474 1618 1587 1692; x_wconf 87' lang='lat' dir='ltr'><strong>pateat</strong></span> <span class='ocrx_word' id='word_1_195' title='bbox 1612 1610 1690 1674; x_wconf 87' lang='lat' dir='ltr'><strong>haee</strong></span> <span class='ocrx_word' id='word_1_196' title='bbox 1713 1611 1876 1694; x_wconf 85' lang='lat' dir='ltr'><strong>doctrina,</strong></span> <span class='ocrx_word' id='word_1_197' title='bbox 1899 1632 2014 1694; x_wconf 88' lang='lat' dir='ltr'><strong>nempe</strong></span> <span class='ocrx_word' id='word_1_198' title='bbox 2038 1624 2074 1676; x_wconf 92' lang='lat' dir='ltr'><strong>ut</strong></span> <span class='ocrx_word' id='word_1_199' title='bbox 2097 1613 2157 1678; x_wconf 85' lang='lat' dir='ltr'><strong>Dei</strong></span> 
     </span>
     <span class='ocr_line' id='line_1_16' title="bbox 167 1692 2156 1783; baseline 0.001 -24"><span class='ocrx_word' id='word_1_200' title='bbox 167 1702 357 1777; x_wconf 89' lang='lat' dir='ltr'><strong>praetextus</strong></span> <span class='ocrx_word' id='word_1_201' title='bbox 380 1692 543 1777; x_wconf 83' lang='lat' dir='ltr'><strong>refutans,</strong></span> <span class='ocrx_word' id='word_1_202' title='bbox 570 1695 742 1759; x_wconf 88' lang='lat' dir='ltr'><strong>confirmat</strong></span> <span class='ocrx_word' id='word_1_203' title='bbox 763 1714 798 1759; x_wconf 90' lang='lat' dir='ltr'><strong>se</strong></span> <span class='ocrx_word' id='word_1_204' title='bbox 821 1715 878 1777; x_wconf 90' lang='lat' dir='ltr'><strong>pro</strong></span> <span class='ocrx_word' id='word_1_205' title='bbox 900 1694 972 1758; x_wconf 90' lang='lat' dir='ltr'><strong>Deo</strong></span> <span class='ocrx_word' id='word_1_206' title='bbox 994 1708 1135 1760; x_wconf 89' lang='lat' dir='ltr'><strong>certare:</strong></span> <span class='ocrx_word' id='word_1_207' title='bbox 1173 1693 1309 1783; x_wconf 78' lang='lat' dir='ltr'><strong>¹gloriae</strong></span> <span class='ocrx_word' id='word_1_208' title='bbox 1332 1714 1467 1775; x_wconf 87' lang='lat' dir='ltr'><strong>prorsus</strong></span> <span class='ocrx_word' id='word_1_209' title='bbox 1496 1694 1632 1772; x_wconf 81' lang='lat' dir='ltr'><strong>addicti,</strong></span> <span class='ocrx_word' id='word_1_210' title='bbox 1663 1697 1696 1759; x_wconf 93' lang='lat' dir='ltr'><strong>in</strong></span> <span class='ocrx_word' id='word_1_211' title='bbox 1720 1698 1870 1763; x_wconf 92' lang='lat' dir='ltr'><strong>omnibus</strong></span> <span class='ocrx_word' id='word_1_212' title='bbox 1899 1698 1965 1762; x_wconf 89' lang='lat' dir='ltr'><strong>suis</strong></span> <span class='ocrx_word' id='word_1_213' title='bbox 1997 1697 2090 1763; x_wconf 88' lang='lat' dir='ltr'><strong>dictis</strong></span> <span class='ocrx_word' id='word_1_214' title='bbox 2123 1717 2156 1762; x_wconf 90' lang='lat' dir='ltr'><strong>et</strong></span> 
     </span>
     <span class='ocr_line' id='line_1_17' title="bbox 169 1778 2151 1864; baseline 0.002 -20"><span class='ocrx_word' id='word_1_215' title='bbox 169 1780 364 1861; x_wconf 88' lang='lat' dir='ltr'><strong>modumque</strong></span> <span class='ocrx_word' id='word_1_216' title='bbox 386 1778 537 1858; x_wconf 89' lang='lat' dir='ltr'><strong>ostendit,</strong></span> <span class='ocrx_word' id='word_1_217' title='bbox 560 1780 635 1862; x_wconf 91' lang='lat' dir='ltr'><strong>qnia</strong></span> <span class='ocrx_word' id='word_1_218' title='bbox 656 1781 725 1845; x_wconf 83' lang='lat' dir='ltr'><strong>nelo</strong></span> <span class='ocrx_word' id='word_1_219' title='bbox 748 1778 901 1846; x_wconf 88' lang='lat' dir='ltr'><strong>eeclesiae</strong></span> <span class='ocrx_word' id='word_1_220' title='bbox 925 1780 1133 1864; x_wconf 81' lang='lat' dir='ltr'><strong>Deiardeat.</strong></span> <span class='ocrx_word' id='word_1_221' title='bbox 1187 1779 1279 1844; x_wconf 91' lang='lat' dir='ltr'><strong>factis</strong></span> <span class='ocrx_word' id='word_1_222' title='bbox 1302 1799 1373 1843; x_wconf 88' lang='lat' dir='ltr'><strong>eam</strong></span> <span class='ocrx_word' id='word_1_223' title='bbox 1395 1779 1549 1846; x_wconf 91' lang='lat' dir='ltr'><strong>studeant</strong></span> <span class='ocrx_word' id='word_1_224' title='bbox 1571 1803 1702 1847; x_wconf 88' lang='lat' dir='ltr'><strong>servare</strong></span> <span class='ocrx_word' id='word_1_225' title='bbox 1725 1783 1937 1862; x_wconf 90' lang='lat' dir='ltr'><strong>ineolumem,</strong></span> <span class='ocrx_word' id='word_1_226' title='bbox 1970 1792 2003 1847; x_wconf 90' lang='lat' dir='ltr'><strong>et</strong></span> <span class='ocrx_word' id='word_1_227' title='bbox 2027 1793 2151 1849; x_wconf 91' lang='lat' dir='ltr'><strong>attente</strong></span> 
     </span>
     <span class='ocr_line' id='line_1_18' title="bbox 168 1864 2149 1952; baseline 0.002 -23"><span class='ocrx_word' id='word_1_228' title='bbox 168 1864 364 1946; x_wconf 81' lang='lat' dir='ltr'><strong>Quanquam</strong></span> <span class='ocrx_word' id='word_1_229' title='bbox 388 1884 452 1928; x_wconf 94' lang='lat' dir='ltr'><strong>non</strong></span> <span class='ocrx_word' id='word_1_230' title='bbox 476 1874 603 1929; x_wconf 88' lang='lat' dir='ltr'><strong>tantum</strong></span> <span class='ocrx_word' id='word_1_231' title='bbox 626 1873 745 1930; x_wconf 88' lang='lat' dir='ltr'><strong>tractat</strong></span> <span class='ocrx_word' id='word_1_232' title='bbox 767 1865 807 1931; x_wconf 91' lang='lat' dir='ltr'><strong>de</strong></span> <span class='ocrx_word' id='word_1_233' title='bbox 829 1886 943 1944; x_wconf 89' lang='grc'><strong>66666,</strong></span> <span class='ocrx_word' id='word_1_234' title='bbox 967 1864 1023 1930; x_wconf 90' lang='lat' dir='ltr'><strong>sed</strong></span> <span class='ocrx_word' id='word_1_235' title='bbox 1046 1866 1133 1944; x_wconf 90' lang='lat' dir='ltr'><strong>dicit,</strong></span> <span class='ocrx_word' id='word_1_236' title='bbox 1186 1875 1323 1929; x_wconf 89' lang='lat' dir='ltr'><strong>caveant</strong></span> <span class='ocrx_word' id='word_1_237' title='bbox 1345 1885 1387 1929; x_wconf 88' lang='lat' dir='ltr'><strong>ne</strong></span> <span class='ocrx_word' id='word_1_238' title='bbox 1408 1885 1469 1931; x_wconf 90' lang='lat' dir='ltr'><strong>sua</strong></span> <span class='ocrx_word' id='word_1_239' title='bbox 1490 1867 1585 1950; x_wconf 91' lang='lat' dir='ltr'><strong>culpa</strong></span> <span class='ocrx_word' id='word_1_240' title='bbox 1607 1867 1807 1932; x_wconf 81' lang='lat' dir='ltr'><strong>obscuretur.</strong></span> <span class='ocrx_word' id='word_1_241' title='bbox 1852 1869 1922 1932; x_wconf 92' lang='lat' dir='ltr'><strong>Iam</strong></span> <span class='ocrx_word' id='word_1_242' title='bbox 1946 1890 2022 1933; x_wconf 88' lang='lat' dir='ltr'><strong>vero</strong></span> <span class='ocrx_word' id='word_1_243' title='bbox 2049 1890 2149 1952; x_wconf 89' lang='lat' dir='ltr'><strong>quum</strong></span> 
     </span>
     <span class='ocr_line' id='line_1_19' title="bbox 161 1949 2151 2036; baseline 0.003 -22"><span class='ocrx_word' id='word_1_244' title='bbox 161 1951 375 2034; x_wconf 90' lang='lat' dir='ltr'><strong>quantumvis</strong></span> <span class='ocrx_word' id='word_1_245' title='bbox 397 1949 532 2035; x_wconf 86' lang='lat' dir='ltr'><strong>indigne</strong></span> <span class='ocrx_word' id='word_1_246' title='bbox 554 1960 729 2032; x_wconf 87' lang='lat' dir='ltr'><strong>tractetur,</strong></span> <span class='ocrx_word' id='word_1_247' title='bbox 751 1973 787 2017; x_wconf 90' lang='grc'><strong>66</strong></span> <span class='ocrx_word' id='word_1_248' title='bbox 810 1960 920 2016; x_wconf 88' lang='lat' dir='ltr'><strong>tamen</strong></span> <span class='ocrx_word' id='word_1_249' title='bbox 943 1952 1035 2034; x_wconf 88' lang='lat' dir='ltr'><strong>quasi</strong></span> <span class='ocrx_word' id='word_1_250' title='bbox 1058 1951 1135 2017; x_wconf 88' lang='lat' dir='ltr'><strong>obli·</strong></span> <span class='ocrx_word' id='word_1_251' title='bbox 1186 1949 1355 2028; x_wconf 79' lang='lat' dir='ltr'><strong>Christus,</strong></span> <span class='ocrx_word' id='word_1_252' title='bbox 1378 1950 1413 2014; x_wconf 91' lang='lat' dir='ltr'><strong>in</strong></span> <span class='ocrx_word' id='word_1_253' title='bbox 1434 1973 1498 2034; x_wconf 90' lang='lat' dir='ltr'><strong>quo</strong></span> <span class='ocrx_word' id='word_1_254' title='bbox 1522 1952 1660 2036; x_wconf 86' lang='lat' dir='ltr'><strong>refulget</strong></span> <span class='ocrx_word' id='word_1_255' title='bbox 1681 1953 1782 2017; x_wconf 89' lang='lat' dir='ltr'><strong>solida</strong></span> <span class='ocrx_word' id='word_1_256' title='bbox 1806 1954 1866 2018; x_wconf 90' lang='lat' dir='ltr'><strong>Dei</strong></span> <span class='ocrx_word' id='word_1_257' title='bbox 1890 1953 2057 2035; x_wconf 87' lang='lat' dir='ltr'><strong>maiestas,</strong></span> <span class='ocrx_word' id='word_1_258' title='bbox 2088 1977 2151 2019; x_wconf 88' lang='lat' dir='ltr'><strong>non</strong></span> 
     </span>
     <span class='ocr_line' id='line_1_20' title="bbox 164 2035 2152 2119; baseline 0.003 -19"><span class='ocrx_word' id='word_1_259' title='bbox 164 2047 234 2100; x_wconf 90' lang='lat' dir='ltr'><strong>tum</strong></span> <span class='ocrx_word' id='word_1_260' title='bbox 256 2037 307 2100; x_wconf 93' lang='lat' dir='ltr'><strong>sui</strong></span> <span class='ocrx_word' id='word_1_261' title='bbox 336 2035 471 2101; x_wconf 90' lang='lat' dir='ltr'><strong>induere</strong></span> <span class='ocrx_word' id='word_1_262' title='bbox 500 2046 650 2102; x_wconf 89' lang='lat' dir='ltr'><strong>sanetum</strong></span> <span class='ocrx_word' id='word_1_263' title='bbox 681 2038 832 2103; x_wconf 87' lang='lat' dir='ltr'><strong>affectum</strong></span> <span class='ocrx_word' id='word_1_264' title='bbox 863 2037 1005 2101; x_wconf 90' lang='lat' dir='ltr'><strong>tuendae</strong></span> <span class='ocrx_word' id='word_1_265' title='bbox 1033 2039 1132 2102; x_wconf 92' lang='lat' dir='ltr'><strong>eccle·</strong></span> <span class='ocrx_word' id='word_1_266' title='bbox 1184 2045 1342 2119; x_wconf 82' lang='lat' dir='ltr'><strong>gravatus</strong></span> <span class='ocrx_word' id='word_1_267' title='bbox 1364 2037 1407 2100; x_wconf 91' lang='lat' dir='ltr'><strong>sit</strong></span> <span class='ocrx_word' id='word_1_268' title='bbox 1428 2057 1463 2101; x_wconf 89' lang='lat' dir='ltr'><strong>se</strong></span> <span class='ocrx_word' id='word_1_269' title='bbox 1491 2038 1616 2118; x_wconf 84' lang='lat' dir='ltr'><strong>probris</strong></span> <span class='ocrx_word' id='word_1_270' title='bbox 1643 2037 1792 2104; x_wconf 88' lang='lat' dir='ltr'><strong>omnibus</strong></span> <span class='ocrx_word' id='word_1_271' title='bbox 1822 2041 1960 2105; x_wconf 87' lang='lat' dir='ltr'><strong>obiicere</strong></span> <span class='ocrx_word' id='word_1_272' title='bbox 1989 2039 2027 2105; x_wconf 90' lang='lat' dir='ltr'><strong>ad</strong></span> <span class='ocrx_word' id='word_1_273' title='bbox 2060 2051 2152 2105; x_wconf 90' lang='lat' dir='ltr'><strong>tuen·</strong></span> 
     </span>
     <span class='ocr_line' id='line_1_21' title="bbox 161 2120 2152 2255; baseline 0.002 -68"><span class='ocrx_word' id='word_1_274' title='bbox 161 2123 245 2199; x_wconf 88' lang='lat' dir='ltr'><strong>siae,</strong></span> <span class='ocrx_word' id='word_1_275' title='bbox 276 2131 311 2185; x_wconf 91' lang='lat' dir='ltr'><strong>et</strong></span> <span class='ocrx_word' id='word_1_276' title='bbox 331 2122 427 2186; x_wconf 94' lang='lat' dir='ltr'><strong>simul</strong></span> <span class='ocrx_word' id='word_1_277' title='bbox 450 2122 572 2206; x_wconf 84' lang='lat' dir='ltr'><strong>gloriae</strong></span> <span class='ocrx_word' id='word_1_278' title='bbox 594 2123 667 2187; x_wconf 92' lang='lat' dir='ltr'><strong>Dei.</strong></span> <span class='ocrx_word' id='word_1_279' title='bbox 711 2123 785 2188; x_wconf 90' lang='lat' dir='ltr'><strong>Hoc</strong></span> <span class='ocrx_word' id='word_1_280' title='bbox 808 2132 844 2187; x_wconf 91' lang='lat' dir='ltr'><strong>ut</strong></span> <span class='ocrx_word' id='word_1_281' title='bbox 863 2123 979 2187; x_wconf 87' lang='lat' dir='ltr'><strong>melius</strong></span> <span class='ocrx_word' id='word_1_282' title='bbox 1002 2123 1132 2205; x_wconf 83' lang='lat' dir='ltr'><strong>liqueat,</strong></span> <span class='ocrx_word' id='word_1_283' title='bbox 1185 2120 1262 2184; x_wconf 91' lang='lat' dir='ltr'><strong>dum</strong></span> <span class='ocrx_word' id='word_1_284' title='bbox 1286 2121 1394 2187; x_wconf 89' lang='lat' dir='ltr'><strong>Patris</strong></span> <span class='ocrx_word' id='word_1_285' title='bbox 1415 2143 1542 2202; x_wconf 90' lang='lat' dir='ltr'><strong>nomen,</strong></span> <span class='ocrx_word' id='word_1_286' title='bbox 1565 2144 1660 2207; x_wconf 89' lang='lat' dir='ltr'><strong>quam</strong></span> <span class='ocrx_word' id='word_1_287' title='bbox 1684 2135 1779 2255; x_wconf 78' lang='lat' dir='ltr'><strong>turpe</strong></span> <span class='ocrx_word' id='word_1_288' title='bbox 1797 2125 1890 2190; x_wconf 90' lang='lat' dir='ltr'><strong>nobis</strong></span> <span class='ocrx_word' id='word_1_289' title='bbox 1909 2148 1946 2192; x_wconf 88' lang='lat' dir='ltr'><strong>ae</strong></span> <span class='ocrx_word' id='word_1_290' title='bbox 1965 2125 2152 2207; x_wconf 90' lang='lat' dir='ltr'><strong>pudendum</strong></span> 
     </span>
     <span class='ocr_line' id='line_1_22' title="bbox 164 2207 1750 2291; baseline 0 -19"><span class='ocrx_word' id='word_1_291' title='bbox 164 2207 345 2273; x_wconf 90' lang='lat' dir='ltr'><strong>notandum</strong></span> <span class='ocrx_word' id='word_1_292' title='bbox 366 2218 432 2288; x_wconf 89' lang='lat' dir='ltr'><strong>est,</strong></span> <span class='ocrx_word' id='word_1_293' title='bbox 465 2208 615 2291; x_wconf 90' lang='lat' dir='ltr'><strong>quamvis</strong></span> <span class='ocrx_word' id='word_1_294' title='bbox 633 2228 688 2273; x_wconf 91' lang='lat' dir='ltr'><strong>ore</strong></span> <span class='ocrx_word' id='word_1_295' title='bbox 717 2209 840 2274; x_wconf 89' lang='lat' dir='ltr'><strong>iactent</strong></span> <span class='ocrx_word' id='word_1_296' title='bbox 869 2228 981 2272; x_wconf 92' lang='lat' dir='ltr'><strong>omnes</strong></span> <span class='ocrx_word' id='word_1_297' title='bbox 1004 2229 1039 2272; x_wconf 90' lang='lat' dir='ltr'><strong>se</strong></span> <span class='ocrx_word' id='word_1_298' title='bbox 1061 2207 1133 2272; x_wconf 90' lang='lat' dir='ltr'><strong>Deo</strong></span> <span class='ocrx_word' id='word_1_299' title='bbox 1184 2207 1257 2287; x_wconf 92' lang='lat' dir='ltr'><strong>erit,</strong></span> <span class='ocrx_word' id='word_1_300' title='bbox 1280 2207 1416 2271; x_wconf 92' lang='lat' dir='ltr'><strong>eandem</strong></span> <span class='ocrx_word' id='word_1_301' title='bbox 1440 2214 1562 2273; x_wconf 88' lang='lat' dir='ltr'><strong>sortem</strong></span> <span class='ocrx_word' id='word_1_302' title='bbox 1584 2230 1750 2274; x_wconf 88' lang='lat' dir='ltr'><strong>recusare.</strong></span> 
     </span>
     <span class='ocr_line' id='line_1_23' title="bbox 166 2293 1131 2378; baseline -0.001 -20"><span class='ocrx_word' id='word_1_303' title='bbox 166 2294 347 2376; x_wconf 89' lang='lat' dir='ltr'><strong>relinquere</strong></span> <span class='ocrx_word' id='word_1_304' title='bbox 369 2314 462 2357; x_wconf 90' lang='lat' dir='ltr'><strong>suam</strong></span> <span class='ocrx_word' id='word_1_305' title='bbox 485 2295 639 2378; x_wconf 84' lang='lat' dir='ltr'><strong>gloriam,</strong></span> <span class='ocrx_word' id='word_1_306' title='bbox 669 2294 724 2359; x_wconf 91' lang='lat' dir='ltr'><strong>ubi</strong></span> <span class='ocrx_word' id='word_1_307' title='bbox 747 2305 857 2359; x_wconf 87' lang='lat' dir='ltr'><strong>tamen</strong></span> <span class='ocrx_word' id='word_1_308' title='bbox 880 2294 921 2358; x_wconf 90' lang='lat' dir='ltr'><strong>ad</strong></span> <span class='ocrx_word' id='word_1_309' title='bbox 944 2295 1062 2377; x_wconf 89' lang='lat' dir='ltr'><strong>legem,</strong></span> <span class='ocrx_word' id='word_1_310' title='bbox 1092 2293 1131 2357; x_wconf 91' lang='lat' dir='ltr'><strong>ad</strong></span> 
     </span>
     <span class='ocr_line' id='line_1_24' title="bbox 164 2377 2156 2464; baseline 0.001 -21"><span class='ocrx_word' id='word_1_311' title='bbox 164 2379 311 2464; x_wconf 85' lang='lat' dir='ltr'><strong>regulam</strong></span> <span class='ocrx_word' id='word_1_312' title='bbox 334 2379 386 2460; x_wconf 88' lang='lat' dir='ltr'><strong>pie</strong></span> <span class='ocrx_word' id='word_1_313' title='bbox 408 2379 540 2444; x_wconf 89' lang='lat' dir='ltr'><strong>vivendi</strong></span> <span class='ocrx_word' id='word_1_314' title='bbox 562 2389 696 2444; x_wconf 92' lang='lat' dir='ltr'><strong>ventum</strong></span> <span class='ocrx_word' id='word_1_315' title='bbox 719 2388 780 2459; x_wconf 90' lang='lat' dir='ltr'><strong>est,</strong></span> <span class='ocrx_word' id='word_1_316' title='bbox 803 2379 874 2444; x_wconf 91' lang='lat' dir='ltr'><strong>Deo</strong></span> <span class='ocrx_word' id='word_1_317' title='bbox 897 2379 1050 2443; x_wconf 88' lang='lat' dir='ltr'><strong>illudere:</strong></span> <span class='ocrx_word' id='word_1_318' title='bbox 1074 2400 1131 2442; x_wconf 89' lang='lat' dir='ltr'><strong>ne·</strong></span> <span class='ocrx_word' id='word_1_319' title='bbox 1274 2379 1322 2441; x_wconf 91' lang='grc'><strong>11.</strong></span> <span class='ocrx_word' id='word_1_320' title='bbox 1347 2377 1391 2442; x_wconf 79' lang='lat' dir='ltr'><strong>Ei</strong></span> <span class='ocrx_word' id='word_1_321' title='bbox 1408 2379 1498 2460; x_wconf 72' lang='lat' dir='ltr'><strong>flevi,</strong></span> <span class='ocrx_word' id='word_1_322' title='bbox 1531 2380 1566 2445; x_wconf 84' lang='lat' dir='ltr'><strong>in</strong></span> <span class='ocrx_word' id='word_1_323' title='bbox 1588 2380 1706 2445; x_wconf 80' lang='grc'><strong>1616616</strong></span> <span class='ocrx_word' id='word_1_324' title='bbox 1727 2382 1837 2446; x_wconf 83' lang='lat' dir='ltr'><strong>anime</strong></span> <span class='ocrx_word' id='word_1_325' title='bbox 1859 2401 1940 2458; x_wconf 88' lang='lat' dir='ltr'><strong>mea,</strong></span> <span class='ocrx_word' id='word_1_326' title='bbox 1975 2382 2068 2461; x_wconf 79' lang='lat' dir='ltr'><strong>idque</strong></span> <span class='ocrx_word' id='word_1_327' title='bbox 2092 2383 2156 2463; x_wconf 78' lang='lat' dir='ltr'><strong>fuit</strong></span> 
     </span>
     <span class='ocr_line' id='line_1_25' title="bbox 162 2464 2155 2549; baseline 0 -19"><span class='ocrx_word' id='word_1_328' title='bbox 162 2486 226 2548; x_wconf 88' lang='lat' dir='ltr'><strong>que</strong></span> <span class='ocrx_word' id='word_1_329' title='bbox 248 2464 282 2529; x_wconf 90' lang='lat' dir='ltr'><strong>id</strong></span> <span class='ocrx_word' id='word_1_330' title='bbox 303 2465 409 2543; x_wconf 88' lang='lat' dir='ltr'><strong>modo,</strong></span> <span class='ocrx_word' id='word_1_331' title='bbox 432 2464 488 2531; x_wconf 90' lang='lat' dir='ltr'><strong>sed</strong></span> <span class='ocrx_word' id='word_1_332' title='bbox 511 2465 631 2530; x_wconf 84' lang='lat' dir='ltr'><strong>furioso</strong></span> <span class='ocrx_word' id='word_1_333' title='bbox 652 2486 776 2547; x_wconf 89' lang='lat' dir='ltr'><strong>quoque</strong></span> <span class='ocrx_word' id='word_1_334' title='bbox 798 2465 955 2547; x_wconf 86' lang='lat' dir='ltr'><strong>impetere</strong></span> <span class='ocrx_word' id='word_1_335' title='bbox 972 2465 1077 2549; x_wconf 86' lang='lat' dir='ltr'><strong>ipsum</strong></span> <span class='ocrx_word' id='word_1_336' title='bbox 1097 2464 1131 2528; x_wconf 94' lang='lat' dir='ltr'><strong>in</strong></span> <span class='ocrx_word' id='word_1_337' title='bbox 1184 2464 1218 2526; x_wconf 84' lang='lat' dir='ltr'><strong>in</strong></span> <span class='ocrx_word' id='word_1_338' title='bbox 1240 2465 1441 2546; x_wconf 80' lang='lat' dir='ltr'><strong>opprobrium</strong></span> <span class='ocrx_word' id='word_1_339' title='bbox 1461 2464 1548 2530; x_wconf 82' lang='lat' dir='ltr'><strong>milri.</strong></span> <span class='ocrx_word' id='word_1_340' title='bbox 1583 2466 1630 2530; x_wconf 82' lang='lat'><strong>12.</strong></span> <span class='ocrx_word' id='word_1_341' title='bbox 1654 2465 1698 2531; x_wconf 87' lang='lat' dir='ltr'><strong>Et</strong></span> <span class='ocrx_word' id='word_1_342' title='bbox 1714 2467 1811 2549; x_wconf 80' lang='lat' dir='ltr'><strong>posui</strong></span> <span class='ocrx_word' id='word_1_343' title='bbox 1828 2467 2040 2530; x_wconf 79' lang='lat' dir='ltr'><strong>vestimentum</strong></span> <span class='ocrx_word' id='word_1_344' title='bbox 2054 2487 2155 2532; x_wconf 82' lang='lat' dir='ltr'><strong>rreum</strong></span> 
     </span>
     <span class='ocr_line' id='line_1_26' title="bbox 163 2549 2154 2632; baseline -0.001 -15"><span class='ocrx_word' id='word_1_345' title='bbox 163 2573 223 2617; x_wconf 90' lang='lat' dir='ltr'><strong>suo</strong></span> <span class='ocrx_word' id='word_1_346' title='bbox 250 2549 357 2615; x_wconf 88' lang='lat' dir='ltr'><strong>verbo.</strong></span> <span class='ocrx_word' id='word_1_347' title='bbox 402 2550 504 2630; x_wconf 90' lang='lat' dir='ltr'><strong>Quasi</strong></span> <span class='ocrx_word' id='word_1_348' title='bbox 534 2551 769 2616; x_wconf 85' lang='grc'><strong>6666166666</strong></span> <span class='ocrx_word' id='word_1_349' title='bbox 799 2559 927 2615; x_wconf 89' lang='lat' dir='ltr'><strong>tantum</strong></span> <span class='ocrx_word' id='word_1_350' title='bbox 955 2549 1131 2625; x_wconf 89' lang='lat' dir='ltr'><strong>colivelit,</strong></span> <span class='ocrx_word' id='word_1_351' title='bbox 1183 2567 1317 2632; x_wconf 73' lang='lat' dir='ltr'><strong>semum,</strong></span> <span class='ocrx_word' id='word_1_352' title='bbox 1340 2555 1368 2614; x_wconf 82' lang='lat' dir='ltr'><strong>et</strong></span> <span class='ocrx_word' id='word_1_353' title='bbox 1387 2550 1440 2631; x_wconf 84' lang='lat' dir='ltr'><strong>fui</strong></span> <span class='ocrx_word' id='word_1_354' title='bbox 1461 2551 1527 2616; x_wconf 80' lang='lat' dir='ltr'><strong>illie</strong></span> <span class='ocrx_word' id='word_1_355' title='bbox 1548 2552 1582 2616; x_wconf 83' lang='lat' dir='ltr'><strong>iu</strong></span> <span class='ocrx_word' id='word_1_356' title='bbox 1603 2552 1775 2617; x_wconf 81' lang='lat' dir='ltr'><strong>dicterium.</strong></span> <span class='ocrx_word' id='word_1_357' title='bbox 1822 2550 1871 2615; x_wconf 85' lang='lat'><strong>13.</strong></span> <span class='ocrx_word' id='word_1_358' title='bbox 1895 2551 2097 2616; x_wconf 80' lang='lat' dir='ltr'><strong>Fabulcrrtur</strong></span> <span class='ocrx_word' id='word_1_359' title='bbox 2119 2554 2154 2615; x_wconf 86' lang='lat' dir='ltr'><strong>irr</strong></span> 
     </span>
     <span class='ocr_line' id='line_1_27' title="bbox 162 2635 2155 2720; baseline 0.001 -19"><span class='ocrx_word' id='word_1_360' title='bbox 162 2657 201 2702; x_wconf 89' lang='lat' dir='ltr'><strong>ac</strong></span> <span class='ocrx_word' id='word_1_361' title='bbox 223 2657 288 2702; x_wconf 92' lang='lat' dir='ltr'><strong>non</strong></span> <span class='ocrx_word' id='word_1_362' title='bbox 313 2637 421 2720; x_wconf 91' lang='lat' dir='ltr'><strong>potius</strong></span> <span class='ocrx_word' id='word_1_363' title='bbox 444 2637 584 2700; x_wconf 82' lang='lat' dir='ltr'><strong>erexerit</strong></span> <span class='ocrx_word' id='word_1_364' title='bbox 616 2637 677 2701; x_wconf 88' lang='lat' dir='ltr'><strong>sibi</strong></span> <span class='ocrx_word' id='word_1_365' title='bbox 707 2636 825 2702; x_wconf 91' lang='lat' dir='ltr'><strong>solium</strong></span> <span class='ocrx_word' id='word_1_366' title='bbox 855 2637 942 2700; x_wconf 91' lang='lat' dir='ltr'><strong>inter</strong></span> <span class='ocrx_word' id='word_1_367' title='bbox 973 2636 1130 2712; x_wconf 88' lang='lat' dir='ltr'><strong>homines,</strong></span> <span class='ocrx_word' id='word_1_368' title='bbox 1184 2635 1568 2716; x_wconf 79' lang='lat' dir='ltr'><strong>mecedeatcsinporte,</strong></span> <span class='ocrx_word' id='word_1_369' title='bbox 1592 2636 2155 2702; x_wconf 75' lang='grc' dir='ltr'><strong>666666661116666616666666εεί-</strong></span> 
     </span>
     <span class='ocr_line' id='line_1_28' title="bbox 162 2720 2154 2805; baseline -0.001 -17"><span class='ocrx_word' id='word_1_370' title='bbox 162 2745 207 2789; x_wconf 85' lang='lat' dir='ltr'><strong>ex</strong></span> <span class='ocrx_word' id='word_1_371' title='bbox 239 2744 303 2805; x_wconf 91' lang='lat' dir='ltr'><strong>quo</strong></span> <span class='ocrx_word' id='word_1_372' title='bbox 338 2743 393 2786; x_wconf 91' lang='lat' dir='ltr'><strong>eos</strong></span> <span class='ocrx_word' id='word_1_373' title='bbox 424 2722 593 2805; x_wconf 82' lang='lat' dir='ltr'><strong>gubernet.</strong></span> <span class='ocrx_word' id='word_1_374' title='bbox 637 2720 714 2786; x_wconf 89' lang='lat' dir='ltr'><strong>Ideo</strong></span> <span class='ocrx_word' id='word_1_375' title='bbox 737 2721 847 2786; x_wconf 83' lang='lat' dir='ltr'><strong>David</strong></span> <span class='ocrx_word' id='word_1_376' title='bbox 880 2721 1048 2789; x_wconf 86' lang='lat' dir='ltr'><strong>ecclesiam</strong></span> <span class='ocrx_word' id='word_1_377' title='bbox 1079 2722 1133 2786; x_wconf 90' lang='lat' dir='ltr'><strong>hic</strong></span> <span class='ocrx_word' id='word_1_378' title='bbox 1184 2740 1295 2785; x_wconf 84' lang='lat' dir='ltr'><strong>cerem.</strong></span> <span class='ocrx_word' id='word_1_379' title='bbox 1342 2721 1392 2784; x_wconf 90' lang='lat'><strong>14.</strong></span> <span class='ocrx_word' id='word_1_380' title='bbox 1416 2720 1484 2805; x_wconf 78' lang='lat' dir='ltr'><strong>Epo</strong></span> <span class='ocrx_word' id='word_1_381' title='bbox 1513 2728 1618 2787; x_wconf 82' lang='lat' dir='ltr'><strong>eutem</strong></span> <span class='ocrx_word' id='word_1_382' title='bbox 1642 2723 1781 2803; x_wconf 76' lang='grc'><strong>66666616</strong></span> <span class='ocrx_word' id='word_1_383' title='bbox 1807 2742 1876 2786; x_wconf 85' lang='lat' dir='ltr'><strong>mec</strong></span> <span class='ocrx_word' id='word_1_384' title='bbox 1905 2723 1947 2787; x_wconf 81' lang='lat' dir='ltr'><strong>ed</strong></span> <span class='ocrx_word' id='word_1_385' title='bbox 1975 2726 2002 2786; x_wconf 83' lang='lat' dir='ltr'><strong>tc</strong></span> <span class='ocrx_word' id='word_1_386' title='bbox 2031 2721 2154 2802; x_wconf 81' lang='lat' dir='ltr'><strong>Ieiroea,</strong></span> 
     </span>
     <span class='ocr_line' id='line_1_29' title="bbox 162 2806 2155 2890; baseline -0.001 -15"><span class='ocrx_word' id='word_1_387' title='bbox 162 2809 334 2875; x_wconf 86' lang='lat' dir='ltr'><strong>substituit</strong></span> <span class='ocrx_word' id='word_1_388' title='bbox 356 2808 390 2890; x_wconf 89' lang='lat' dir='ltr'><strong>in</strong></span> <span class='ocrx_word' id='word_1_389' title='bbox 415 2807 477 2871; x_wconf 90' lang='lat' dir='ltr'><strong>Dei</strong></span> <span class='ocrx_word' id='word_1_390' title='bbox 499 2808 613 2883; x_wconf 89' lang='lat' dir='ltr'><strong>locum,</strong></span> <span class='ocrx_word' id='word_1_391' title='bbox 636 2829 702 2872; x_wconf 92' lang='lat' dir='ltr'><strong>non</strong></span> <span class='ocrx_word' id='word_1_392' title='bbox 725 2820 763 2871; x_wconf 90' lang='lat' dir='ltr'><strong>ut</strong></span> <span class='ocrx_word' id='word_1_393' title='bbox 785 2806 826 2872; x_wconf 92' lang='lat' dir='ltr'><strong>ad</strong></span> <span class='ocrx_word' id='word_1_394' title='bbox 856 2828 926 2872; x_wconf 91' lang='lat' dir='ltr'><strong>eam</strong></span> <span class='ocrx_word' id='word_1_395' title='bbox 959 2808 1134 2872; x_wconf 84' lang='lat' dir='ltr'><strong>transferat</strong></span> <span class='ocrx_word' id='word_1_396' title='bbox 1183 2810 1304 2888; x_wconf 81' lang='lat' dir='ltr'><strong>tempus</strong></span> <span class='ocrx_word' id='word_1_397' title='bbox 1336 2807 1515 2888; x_wconf 82' lang='lat' dir='ltr'><strong>beneplaciti</strong></span> <span class='ocrx_word' id='word_1_398' title='bbox 1548 2807 1653 2873; x_wconf 80' lang='lat' dir='ltr'><strong>Deus:</strong></span> <span class='ocrx_word' id='word_1_399' title='bbox 1689 2810 1724 2873; x_wconf 83' lang='lat' dir='ltr'><strong>in</strong></span> <span class='ocrx_word' id='word_1_400' title='bbox 1751 2808 1951 2873; x_wconf 79' lang='lat' dir='ltr'><strong>multitudiue</strong></span> <span class='ocrx_word' id='word_1_401' title='bbox 1982 2807 2155 2873; x_wconf 79' lang='grc'><strong>6166661166</strong></span> 
     </span>
     <span class='ocr_line' id='line_1_30' title="bbox 163 2892 1960 2978; baseline -0.002 -18"><span class='ocrx_word' id='word_1_402' title='bbox 163 2893 250 2978; x_wconf 90' lang='lat' dir='ltr'><strong>quod</strong></span> <span class='ocrx_word' id='word_1_403' title='bbox 273 2893 360 2958; x_wconf 92' lang='lat' dir='ltr'><strong>illins</strong></span> <span class='ocrx_word' id='word_1_404' title='bbox 382 2894 550 2975; x_wconf 89' lang='lat' dir='ltr'><strong>proprium</strong></span> <span class='ocrx_word' id='word_1_405' title='bbox 574 2903 639 2971; x_wconf 87' lang='lat' dir='ltr'><strong>est,</strong></span> <span class='ocrx_word' id='word_1_406' title='bbox 673 2893 730 2959; x_wconf 91' lang='lat' dir='ltr'><strong>sed</strong></span> <span class='ocrx_word' id='word_1_407' title='bbox 752 2904 789 2958; x_wconf 90' lang='lat' dir='ltr'><strong>ut</strong></span> <span class='ocrx_word' id='word_1_408' title='bbox 810 2893 960 2958; x_wconf 90' lang='lat' dir='ltr'><strong>ostendat</strong></span> <span class='ocrx_word' id='word_1_409' title='bbox 980 2893 1132 2958; x_wconf 85' lang='lat' dir='ltr'><strong>fabricari</strong></span> <span class='ocrx_word' id='word_1_410' title='bbox 1184 2896 1255 2957; x_wconf 81' lang='grc'><strong>1666</strong></span> <span class='ocrx_word' id='word_1_411' title='bbox 1273 2892 1422 2975; x_wconf 76' lang='grc'><strong>66666666</strong></span> <span class='ocrx_word' id='word_1_412' title='bbox 1443 2893 1521 2957; x_wconf 83' lang='lat' dir='ltr'><strong>mibi</strong></span> <span class='ocrx_word' id='word_1_413' title='bbox 1542 2895 1577 2956; x_wconf 83' lang='grc'><strong>16</strong></span> <span class='ocrx_word' id='word_1_414' title='bbox 1599 2895 1727 2959; x_wconf 81' lang='lat' dir='ltr'><strong>veritate</strong></span> <span class='ocrx_word' id='word_1_415' title='bbox 1746 2893 1860 2959; x_wconf 72' lang='lat' dir='ltr'><strong>solidis</strong></span> <span class='ocrx_word' id='word_1_416' title='bbox 1880 2899 1960 2959; x_wconf 81' lang='grc'><strong>6666.</strong></span> 
     </span>
     <span class='ocr_line' id='line_1_31' title="bbox 164 2979 1132 3061; baseline -0.001 -17"><span class='ocrx_word' id='word_1_417' title='bbox 164 2982 262 3045; x_wconf 89' lang='grc'><strong>16666</strong></span> <span class='ocrx_word' id='word_1_418' title='bbox 286 2979 346 3043; x_wconf 90' lang='grc'><strong>1)61</strong></span> <span class='ocrx_word' id='word_1_419' title='bbox 370 2999 500 3057; x_wconf 90' lang='lat' dir='ltr'><strong>nomen,</strong></span> <span class='ocrx_word' id='word_1_420' title='bbox 522 2980 577 3043; x_wconf 90' lang='lat' dir='ltr'><strong>ubi</strong></span> <span class='ocrx_word' id='word_1_421' title='bbox 601 2979 791 3061; x_wconf 89' lang='lat' dir='ltr'><strong>repudiatur</strong></span> <span class='ocrx_word' id='word_1_422' title='bbox 815 3000 893 3044; x_wconf 86' lang='lat' dir='ltr'><strong>vera</strong></span> <span class='ocrx_word' id='word_1_423' title='bbox 921 2979 1052 3061; x_wconf 88' lang='grc'><strong>61666616</strong></span> <span class='ocrx_word' id='word_1_424' title='bbox 1081 3001 1132 3043; x_wconf 89' lang='lat' dir='ltr'><strong>re·</strong></span> 
     </span>
    </p>
   </div>
   <div class='ocr_carea' id='block_1_4' title="bbox 166 3060 2154 3147">
    <p class='ocr_par' dir='ltr' id='par_1_4' title="bbox 166 3060 2154 3147">
     <span class='ocr_line' id='line_1_32' title="bbox 166 3060 2154 3147; baseline -0.001 -18"><span class='ocrx_word' id='word_1_425' title='bbox 166 3065 258 3144; x_wconf 77' lang='lat' dir='ltr'><strong>gula,</strong></span> <span class='ocrx_word' id='word_1_426' title='bbox 288 3066 378 3129; x_wconf 89' lang='lat' dir='ltr'><strong>euius</strong></span> <span class='ocrx_word' id='word_1_427' title='bbox 401 3064 535 3129; x_wconf 86' lang='grc'><strong>66616616</strong></span> <span class='ocrx_word' id='word_1_428' title='bbox 557 3064 661 3129; x_wconf 85' lang='lat' dir='ltr'><strong>fidelis</strong></span> <span class='ocrx_word' id='word_1_429' title='bbox 691 3076 738 3129; x_wconf 85' lang='lat' dir='ltr'><strong>est</strong></span> <span class='ocrx_word' id='word_1_430' title='bbox 768 3075 885 3128; x_wconf 89' lang='lat' dir='ltr'><strong>custos.</strong></span> <span class='ocrx_word' id='word_1_431' title='bbox 934 3063 1025 3128; x_wconf 85' lang='lat' dir='ltr'><strong>Adde</strong></span> <span class='ocrx_word' id='word_1_432' title='bbox 1047 3063 1131 3145; x_wconf 85' lang='lat' dir='ltr'><strong>quod</strong></span> <span class='ocrx_word' id='word_1_433' title='bbox 1271 3060 1516 3146; x_wconf 68' lang='grc'><strong>11.(11111661.)</strong></span> <span class='ocrx_word' id='word_1_434' title='bbox 1561 3061 1625 3128; x_wconf 87' lang='lat' dir='ltr'><strong>Hie</strong></span> <span class='ocrx_word' id='word_1_435' title='bbox 1648 3083 1667 3126; x_wconf 94' lang='lat' dir='ltr'><strong>a</strong></span> <span class='ocrx_word' id='word_1_436' title='bbox 1689 3063 1792 3147; x_wconf 89' lang='lat' dir='ltr'><strong>signis</strong></span> <span class='ocrx_word' id='word_1_437' title='bbox 1815 3062 1869 3126; x_wconf 89' lang='lat' dir='ltr'><strong>vel</strong></span> <span class='ocrx_word' id='word_1_438' title='bbox 1892 3064 2016 3128; x_wconf 87' lang='lat' dir='ltr'><strong>effectis</strong></span> <span class='ocrx_word' id='word_1_439' title='bbox 2038 3063 2154 3144; x_wconf 89' lang='lat' dir='ltr'><strong>probat</strong></span> 
     </span>
    </p>
   </div>
   <div class='ocr_carea' id='block_1_5' title="bbox 162 3149 1135 3915">
    <p class='ocr_par' dir='ltr' id='par_1_5' title="bbox 162 3149 1135 3915">
     <span class='ocr_line' id='line_1_33' title="bbox 165 3149 1131 3215; baseline -0.001 -2"><span class='ocrx_word' id='word_1_440' title='bbox 165 3149 287 3214; x_wconf 86' lang='lat' dir='ltr'><strong>Davidi</strong></span> <span class='ocrx_word' id='word_1_441' title='bbox 309 3157 474 3215; x_wconf 89' lang='lat' dir='ltr'><strong>certamen</strong></span> <span class='ocrx_word' id='word_1_442' title='bbox 496 3162 566 3213; x_wconf 91' lang='lat' dir='ltr'><strong>erat</strong></span> <span class='ocrx_word' id='word_1_443' title='bbox 584 3171 656 3215; x_wconf 90' lang='lat' dir='ltr'><strong>eum</strong></span> <span class='ocrx_word' id='word_1_444' title='bbox 676 3150 797 3214; x_wconf 82' lang='lat' dir='ltr'><strong>larvato</strong></span> <span class='ocrx_word' id='word_1_445' title='bbox 815 3165 849 3214; x_wconf 91' lang='lat' dir='ltr'><strong>et</strong></span> <span class='ocrx_word' id='word_1_446' title='bbox 867 3149 1049 3213; x_wconf 84' lang='lat' dir='ltr'><strong>adulterino</strong></span> <span class='ocrx_word' id='word_1_447' title='bbox 1071 3150 1131 3213; x_wconf 89' lang='lat' dir='ltr'><strong>Dei</strong></span> 
     </span>
     <span class='ocr_line' id='line_1_34' title="bbox 166 3232 1131 3318; baseline -0.002 -18"><span class='ocrx_word' id='word_1_448' title='bbox 166 3236 293 3318; x_wconf 92' lang='grc'><strong>666616.</strong></span> <span class='ocrx_word' id='word_1_449' title='bbox 338 3234 419 3300; x_wconf 89' lang='lat' dir='ltr'><strong>Tota</strong></span> <span class='ocrx_word' id='word_1_450' title='bbox 441 3232 525 3299; x_wconf 90' lang='lat' dir='ltr'><strong>enim</strong></span> <span class='ocrx_word' id='word_1_451' title='bbox 556 3244 645 3300; x_wconf 87' lang='lat' dir='ltr'><strong>secta</strong></span> <span class='ocrx_word' id='word_1_452' title='bbox 667 3235 780 3300; x_wconf 85' lang='lat' dir='ltr'><strong>Saulis</strong></span> <span class='ocrx_word' id='word_1_453' title='bbox 808 3234 1000 3298; x_wconf 84' lang='lat' dir='ltr'><strong>venditabat</strong></span> <span class='ocrx_word' id='word_1_454' title='bbox 1028 3258 1063 3298; x_wconf 88' lang='grc'><strong>66</strong></span> <span class='ocrx_word' id='word_1_455' title='bbox 1093 3236 1131 3298; x_wconf 92' lang='lat' dir='ltr'><strong>ti·</strong></span> 
     </span>
     <span class='ocr_line' id='line_1_35' title="bbox 167 3319 1132 3402; baseline -0.002 -17"><span class='ocrx_word' id='word_1_456' title='bbox 167 3321 234 3387; x_wconf 87' lang='lat' dir='ltr'><strong>tulo</strong></span> <span class='ocrx_word' id='word_1_457' title='bbox 256 3320 428 3388; x_wconf 86' lang='lat' dir='ltr'><strong>eeclesiae:</strong></span> <span class='ocrx_word' id='word_1_458' title='bbox 454 3320 613 3384; x_wconf 85' lang='lat' dir='ltr'><strong>Davidem</strong></span> <span class='ocrx_word' id='word_1_459' title='bbox 637 3341 715 3385; x_wconf 90' lang='lat' dir='ltr'><strong>vero</strong></span> <span class='ocrx_word' id='word_1_460' title='bbox 737 3330 929 3400; x_wconf 90' lang='lat' dir='ltr'><strong>apostatam,</strong></span> <span class='ocrx_word' id='word_1_461' title='bbox 954 3319 1004 3381; x_wconf 90' lang='grc'><strong>661</strong></span> <span class='ocrx_word' id='word_1_462' title='bbox 1029 3322 1132 3402; x_wconf 91' lang='lat' dir='ltr'><strong>putri·</strong></span> 
     </span>
     <span class='ocr_line' id='line_1_36' title="bbox 162 3403 1133 3489; baseline -0.001 -19"><span class='ocrx_word' id='word_1_463' title='bbox 162 3408 246 3472; x_wconf 88' lang='lat' dir='ltr'><strong>dum</strong></span> <span class='ocrx_word' id='word_1_464' title='bbox 267 3407 448 3471; x_wconf 86' lang='lat' dir='ltr'><strong>membrum</strong></span> <span class='ocrx_word' id='word_1_465' title='bbox 472 3427 543 3472; x_wconf 87' lang='lat' dir='ltr'><strong>esse</strong></span> <span class='ocrx_word' id='word_1_466' title='bbox 565 3407 712 3471; x_wconf 83' lang='lat' dir='ltr'><strong>iactabat.</strong></span> <span class='ocrx_word' id='word_1_467' title='bbox 760 3405 830 3470; x_wconf 88' lang='lat' dir='ltr'><strong>Hac</strong></span> <span class='ocrx_word' id='word_1_468' title='bbox 850 3405 1044 3489; x_wconf 85' lang='lat' dir='ltr'><strong>indignitate</strong></span> <span class='ocrx_word' id='word_1_469' title='bbox 1067 3403 1133 3469; x_wconf 90' lang='lat' dir='ltr'><strong>Da·</strong></span> 
     </span>
     <span class='ocr_line' id='line_1_37' title="bbox 167 3490 1133 3575; baseline 0 -19"><span class='ocrx_word' id='word_1_470' title='bbox 167 3493 221 3557; x_wconf 89' lang='lat' dir='ltr'><strong>vid</strong></span> <span class='ocrx_word' id='word_1_471' title='bbox 236 3491 316 3557; x_wconf 88' lang='lat' dir='ltr'><strong>adeo</strong></span> <span class='ocrx_word' id='word_1_472' title='bbox 329 3512 395 3556; x_wconf 94' lang='lat' dir='ltr'><strong>non</strong></span> <span class='ocrx_word' id='word_1_473' title='bbox 414 3490 588 3575; x_wconf 81' lang='lat' dir='ltr'><strong>frangitur,</strong></span> <span class='ocrx_word' id='word_1_474' title='bbox 607 3500 645 3555; x_wconf 90' lang='lat' dir='ltr'><strong>ut</strong></span> <span class='ocrx_word' id='word_1_475' title='bbox 662 3490 802 3555; x_wconf 88' lang='lat' dir='ltr'><strong>libenter</strong></span> <span class='ocrx_word' id='word_1_476' title='bbox 820 3491 980 3557; x_wconf 89' lang='lat' dir='ltr'><strong>sustinent</strong></span> <span class='ocrx_word' id='word_1_477' title='bbox 990 3490 1133 3556; x_wconf 90' lang='lat' dir='ltr'><strong>insultus</strong></span> 
     </span>
     <span class='ocr_line' id='line_1_38' title="bbox 164 3575 1132 3661; baseline -0.003 -18"><span class='ocrx_word' id='word_1_478' title='bbox 164 3599 280 3643; x_wconf 88' lang='lat' dir='ltr'><strong>omnes</strong></span> <span class='ocrx_word' id='word_1_479' title='bbox 302 3597 360 3661; x_wconf 92' lang='lat' dir='ltr'><strong>pro</strong></span> <span class='ocrx_word' id='word_1_480' title='bbox 383 3597 481 3643; x_wconf 89' lang='lat' dir='ltr'><strong>verae</strong></span> <span class='ocrx_word' id='word_1_481' title='bbox 502 3577 655 3643; x_wconf 89' lang='lat' dir='ltr'><strong>ecelesiae</strong></span> <span class='ocrx_word' id='word_1_482' title='bbox 677 3575 873 3641; x_wconf 89' lang='lat' dir='ltr'><strong>defensione.</strong></span> <span class='ocrx_word' id='word_1_483' title='bbox 918 3576 1056 3640; x_wconf 86' lang='lat' dir='ltr'><strong>Interim</strong></span> <span class='ocrx_word' id='word_1_484' title='bbox 1076 3597 1132 3640; x_wconf 91' lang='lat' dir='ltr'><strong>ne·</strong></span> 
     </span>
     <span class='ocr_line' id='line_1_39' title="bbox 164 3661 1133 3749; baseline -0.002 -22"><span class='ocrx_word' id='word_1_485' title='bbox 164 3674 222 3749; x_wconf 86' lang='lat' dir='ltr'><strong>gat</strong></span> <span class='ocrx_word' id='word_1_486' title='bbox 243 3686 278 3729; x_wconf 91' lang='grc'><strong>66</strong></span> <span class='ocrx_word' id='word_1_487' title='bbox 301 3662 437 3745; x_wconf 88' lang='grc'><strong>66166616</strong></span> <span class='ocrx_word' id='word_1_488' title='bbox 459 3664 611 3728; x_wconf 91' lang='lat' dir='ltr'><strong>convitiis</strong></span> <span class='ocrx_word' id='word_1_489' title='bbox 632 3661 776 3727; x_wconf 87' lang='lat' dir='ltr'><strong>moveri:</strong></span> <span class='ocrx_word' id='word_1_490' title='bbox 807 3662 881 3743; x_wconf 90' lang='lat' dir='ltr'><strong>quia</strong></span> <span class='ocrx_word' id='word_1_491' title='bbox 903 3662 1053 3745; x_wconf 88' lang='lat' dir='ltr'><strong>deposita</strong></span> <span class='ocrx_word' id='word_1_492' title='bbox 1082 3662 1133 3728; x_wconf 90' lang='lat' dir='ltr'><strong>sui</strong></span> 
     </span>
     <span class='ocr_line' id='line_1_40' title="bbox 163 3748 1135 3830; baseline -0.003 -15"><span class='ocrx_word' id='word_1_493' title='bbox 163 3770 244 3815; x_wconf 92' lang='lat' dir='ltr'><strong>cura</strong></span> <span class='ocrx_word' id='word_1_494' title='bbox 273 3759 401 3813; x_wconf 89' lang='lat' dir='ltr'><strong>tantum</strong></span> <span class='ocrx_word' id='word_1_495' title='bbox 427 3748 467 3814; x_wconf 92' lang='lat' dir='ltr'><strong>ob</strong></span> <span class='ocrx_word' id='word_1_496' title='bbox 497 3748 650 3815; x_wconf 88' lang='lat' dir='ltr'><strong>ecclesiae</strong></span> <span class='ocrx_word' id='word_1_497' title='bbox 679 3749 919 3830; x_wconf 88' lang='lat' dir='ltr'><strong>oppressionem</strong></span> <span class='ocrx_word' id='word_1_498' title='bbox 950 3748 1067 3813; x_wconf 84' lang='lat' dir='ltr'><strong>anxins</strong></span> <span class='ocrx_word' id='word_1_499' title='bbox 1097 3767 1135 3812; x_wconf 92' lang='grc'><strong>66</strong></span> 
     </span>
     <span class='ocr_line' id='line_1_41' title="bbox 167 3832 1134 3915; baseline -0.003 -15"><span class='ocrx_word' id='word_1_500' title='bbox 167 3844 309 3901; x_wconf 89' lang='lat' dir='ltr'><strong>moestus</strong></span> <span class='ocrx_word' id='word_1_501' title='bbox 331 3834 390 3910; x_wconf 91' lang='lat' dir='ltr'><strong>sit,</strong></span> <span class='ocrx_word' id='word_1_502' title='bbox 421 3835 486 3898; x_wconf 91' lang='lat' dir='ltr'><strong>imo</strong></span> <span class='ocrx_word' id='word_1_503' title='bbox 509 3834 618 3899; x_wconf 89' lang='lat' dir='ltr'><strong>dolore</strong></span> <span class='ocrx_word' id='word_1_504' title='bbox 647 3833 776 3915; x_wconf 88' lang='lat' dir='ltr'><strong>ardent,</strong></span> <span class='ocrx_word' id='word_1_505' title='bbox 805 3843 838 3897; x_wconf 89' lang='lat' dir='ltr'><strong>et</strong></span> <span class='ocrx_word' id='word_1_506' title='bbox 869 3832 989 3898; x_wconf 90' lang='lat' dir='ltr'><strong>doloris</strong></span> <span class='ocrx_word' id='word_1_507' title='bbox 1018 3833 1134 3897; x_wconf 90' lang='lat' dir='ltr'><strong>ardore</strong></span> 
     </span>
    </p>
   </div>
   <div class='ocr_carea' id='block_1_6' title="bbox 1185 3146 2157 3915">
    <p class='ocr_par' dir='ltr' id='par_1_6' title="bbox 1185 3146 2157 3915">
     <span class='ocr_line' id='line_1_42' title="bbox 1185 3146 2154 3230; baseline 0.002 -19"><span class='ocrx_word' id='word_1_508' title='bbox 1185 3168 1220 3211; x_wconf 88' lang='grc'><strong>66</strong></span> <span class='ocrx_word' id='word_1_509' title='bbox 1249 3168 1330 3230; x_wconf 89' lang='grc'><strong>6666</strong></span> <span class='ocrx_word' id='word_1_510' title='bbox 1362 3161 1394 3211; x_wconf 90' lang='grc'><strong>66</strong></span> <span class='ocrx_word' id='word_1_511' title='bbox 1424 3146 1484 3209; x_wconf 88' lang='grc'><strong>6166</strong></span> <span class='ocrx_word' id='word_1_512' title='bbox 1517 3149 1695 3230; x_wconf 87' lang='lat' dir='ltr'><strong>composito</strong></span> <span class='ocrx_word' id='word_1_513' title='bbox 1728 3148 1797 3212; x_wconf 83' lang='lat' dir='ltr'><strong>nelo</strong></span> <span class='ocrx_word' id='word_1_514' title='bbox 1832 3148 1997 3213; x_wconf 90' lang='lat' dir='ltr'><strong>studuisse</strong></span> <span class='ocrx_word' id='word_1_515' title='bbox 2031 3148 2154 3229; x_wconf 85' lang='lat' dir='ltr'><strong>gloriae</strong></span> 
     </span>
     <span class='ocr_line' id='line_1_43' title="bbox 1185 3231 2153 3317; baseline 0.004 -23"><span class='ocrx_word' id='word_1_516' title='bbox 1185 3232 1258 3312; x_wconf 92' lang='lat' dir='ltr'><strong>Dei,</strong></span> <span class='ocrx_word' id='word_1_517' title='bbox 1281 3231 1367 3314; x_wconf 92' lang='lat' dir='ltr'><strong>quod</strong></span> <span class='ocrx_word' id='word_1_518' title='bbox 1385 3231 1507 3297; x_wconf 90' lang='lat' dir='ltr'><strong>seilicet</strong></span> <span class='ocrx_word' id='word_1_519' title='bbox 1525 3252 1592 3296; x_wconf 93' lang='lat' dir='ltr'><strong>non</strong></span> <span class='ocrx_word' id='word_1_520' title='bbox 1610 3233 1798 3298; x_wconf 87' lang='lat' dir='ltr'><strong>efferbuerit</strong></span> <span class='ocrx_word' id='word_1_521' title='bbox 1819 3233 1927 3299; x_wconf 89' lang='lat' dir='ltr'><strong>carnis</strong></span> <span class='ocrx_word' id='word_1_522' title='bbox 1945 3233 2153 3317; x_wconf 88' lang='lat' dir='ltr'><strong>intemperie:</strong></span> 
     </span>
     <span class='ocr_line' id='line_1_44' title="bbox 1185 3316 2154 3402; baseline 0.003 -21"><span class='ocrx_word' id='word_1_523' title='bbox 1185 3316 1243 3381; x_wconf 90' lang='lat' dir='ltr'><strong>sed</strong></span> <span class='ocrx_word' id='word_1_524' title='bbox 1266 3318 1372 3400; x_wconf 87' lang='lat' dir='ltr'><strong>potius</strong></span> <span class='ocrx_word' id='word_1_525' title='bbox 1394 3317 1582 3401; x_wconf 87' lang='lat' dir='ltr'><strong>suppliciter</strong></span> <span class='ocrx_word' id='word_1_526' title='bbox 1605 3339 1640 3384; x_wconf 88' lang='lat' dir='ltr'><strong>se</strong></span> <span class='ocrx_word' id='word_1_527' title='bbox 1658 3318 1868 3396; x_wconf 90' lang='lat' dir='ltr'><strong>demittendo,</strong></span> <span class='ocrx_word' id='word_1_528' title='bbox 1893 3320 1999 3384; x_wconf 91' lang='lat' dir='ltr'><strong>Deum</strong></span> <span class='ocrx_word' id='word_1_529' title='bbox 2018 3320 2154 3402; x_wconf 85' lang='lat' dir='ltr'><strong>elegerit</strong></span> 
     </span>
     <span class='ocr_line' id='line_1_45' title="bbox 1186 3403 2151 3488; baseline 0.003 -22"><span class='ocrx_word' id='word_1_530' title='bbox 1186 3403 1342 3469; x_wconf 88' lang='lat' dir='ltr'><strong>moeroris</strong></span> <span class='ocrx_word' id='word_1_531' title='bbox 1364 3404 1415 3469; x_wconf 91' lang='lat' dir='ltr'><strong>sui</strong></span> <span class='ocrx_word' id='word_1_532' title='bbox 1434 3411 1559 3482; x_wconf 91' lang='lat' dir='ltr'><strong>testem,</strong></span> <span class='ocrx_word' id='word_1_533' title='bbox 1583 3424 1647 3487; x_wconf 91' lang='lat' dir='ltr'><strong>qno</strong></span> <span class='ocrx_word' id='word_1_534' title='bbox 1669 3405 1774 3488; x_wconf 84' lang='lat' dir='ltr'><strong>magis</strong></span> <span class='ocrx_word' id='word_1_535' title='bbox 1795 3404 2000 3471; x_wconf 87' lang='lat' dir='ltr'><strong>convincitur</strong></span> <span class='ocrx_word' id='word_1_536' title='bbox 2022 3405 2151 3469; x_wconf 87' lang='lat' dir='ltr'><strong>inflexi·</strong></span> 
     </span>
     <span class='ocr_line' id='line_1_46' title="bbox 1186 3488 2157 3575; baseline 0.001 -21"><span class='ocrx_word' id='word_1_537' title='bbox 1186 3488 1261 3554; x_wconf 89' lang='lat' dir='ltr'><strong>bilis</strong></span> <span class='ocrx_word' id='word_1_538' title='bbox 1284 3489 1428 3559; x_wconf 89' lang='lat' dir='ltr'><strong>hostium</strong></span> <span class='ocrx_word' id='word_1_539' title='bbox 1451 3489 1520 3554; x_wconf 91' lang='lat' dir='ltr'><strong>cius</strong></span> <span class='ocrx_word' id='word_1_540' title='bbox 1543 3490 1755 3556; x_wconf 89' lang='lat' dir='ltr'><strong>contumacia.</strong></span> <span class='ocrx_word' id='word_1_541' title='bbox 1794 3489 1900 3572; x_wconf 86' lang='lat' dir='ltr'><strong>Saepe</strong></span> <span class='ocrx_word' id='word_1_542' title='bbox 1922 3490 2095 3575; x_wconf 88' lang='lat' dir='ltr'><strong>contingit,</strong></span> <span class='ocrx_word' id='word_1_543' title='bbox 2120 3501 2157 3555; x_wconf 92' lang='lat' dir='ltr'><strong>nt</strong></span> 
     </span>
     <span class='ocr_line' id='line_1_47' title="bbox 1186 3575 2156 3660; baseline 0.001 -21"><span class='ocrx_word' id='word_1_544' title='bbox 1186 3576 1241 3657; x_wconf 90' lang='lat' dir='ltr'><strong>qui</strong></span> <span class='ocrx_word' id='word_1_545' title='bbox 1271 3596 1306 3640; x_wconf 89' lang='lat' dir='ltr'><strong>se</strong></span> <span class='ocrx_word' id='word_1_546' title='bbox 1337 3575 1482 3640; x_wconf 90' lang='lat' dir='ltr'><strong>animose</strong></span> <span class='ocrx_word' id='word_1_547' title='bbox 1512 3585 1681 3657; x_wconf 89' lang='lat' dir='ltr'><strong>opponunt</strong></span> <span class='ocrx_word' id='word_1_548' title='bbox 1709 3597 1767 3659; x_wconf 91' lang='lat' dir='ltr'><strong>pro</strong></span> <span class='ocrx_word' id='word_1_549' title='bbox 1796 3575 1901 3660; x_wconf 84' lang='lat' dir='ltr'><strong>gloria</strong></span> <span class='ocrx_word' id='word_1_550' title='bbox 1927 3575 2007 3654; x_wconf 93' lang='lat' dir='ltr'><strong>Dei,</strong></span> <span class='ocrx_word' id='word_1_551' title='bbox 2040 3577 2156 3659; x_wconf 92' lang='lat' dir='ltr'><strong>impios</strong></span> 
     </span>
     <span class='ocr_line' id='line_1_48' title="bbox 1186 3660 2157 3744; baseline 0.001 -20"><span class='ocrx_word' id='word_1_552' title='bbox 1186 3660 1291 3744; x_wconf 84' lang='lat' dir='ltr'><strong>magis</strong></span> <span class='ocrx_word' id='word_1_553' title='bbox 1313 3670 1491 3744; x_wconf 88' lang='lat' dir='ltr'><strong>provocent</strong></span> <span class='ocrx_word' id='word_1_554' title='bbox 1514 3676 1546 3725; x_wconf 88' lang='lat' dir='ltr'><strong>et</strong></span> <span class='ocrx_word' id='word_1_555' title='bbox 1568 3669 1772 3744; x_wconf 84' lang='lat' dir='ltr'><strong>exasperent,</strong></span> <span class='ocrx_word' id='word_1_556' title='bbox 1803 3662 1879 3744; x_wconf 90' lang='lat' dir='ltr'><strong>quia</strong></span> <span class='ocrx_word' id='word_1_557' title='bbox 1900 3662 2101 3727; x_wconf 89' lang='lat' dir='ltr'><strong>contentiose</strong></span> <span class='ocrx_word' id='word_1_558' title='bbox 2124 3676 2157 3725; x_wconf 90' lang='lat' dir='ltr'><strong>et</strong></span> 
     </span>
     <span class='ocr_line' id='line_1_49' title="bbox 1186 3746 2156 3813; baseline 0 -2"><span class='ocrx_word' id='word_1_559' title='bbox 1186 3747 1256 3811; x_wconf 90' lang='lat' dir='ltr'><strong>sinc</strong></span> <span class='ocrx_word' id='word_1_560' title='bbox 1279 3746 1437 3812; x_wconf 90' lang='lat' dir='ltr'><strong>modestia</strong></span> <span class='ocrx_word' id='word_1_561' title='bbox 1467 3746 1640 3812; x_wconf 89' lang='lat' dir='ltr'><strong>dimicant:</strong></span> <span class='ocrx_word' id='word_1_562' title='bbox 1674 3747 1784 3811; x_wconf 90' lang='lat' dir='ltr'><strong>David</strong></span> <span class='ocrx_word' id='word_1_563' title='bbox 1806 3755 1916 3811; x_wconf 92' lang='lat' dir='ltr'><strong>autem</strong></span> <span class='ocrx_word' id='word_1_564' title='bbox 1940 3747 1994 3813; x_wconf 89' lang='lat' dir='ltr'><strong>hic</strong></span> <span class='ocrx_word' id='word_1_565' title='bbox 2017 3755 2156 3811; x_wconf 86' lang='lat' dir='ltr'><strong>testatur</strong></span> 
     </span>
     <span class='ocr_line' id='line_1_50' title="bbox 1186 3831 2155 3915; baseline -0.001 -17"><span class='ocrx_word' id='word_1_566' title='bbox 1186 3833 1232 3898; x_wconf 90' lang='lat' dir='ltr'><strong>sic</strong></span> <span class='ocrx_word' id='word_1_567' title='bbox 1255 3840 1471 3915; x_wconf 88' lang='lat' dir='ltr'><strong>temperatum</strong></span> <span class='ocrx_word' id='word_1_568' title='bbox 1502 3832 1601 3897; x_wconf 87' lang='lat' dir='ltr'><strong>fuisse</strong></span> <span class='ocrx_word' id='word_1_569' title='bbox 1629 3853 1722 3897; x_wconf 85' lang='lat' dir='ltr'><strong>sunm</strong></span> <span class='ocrx_word' id='word_1_570' title='bbox 1746 3831 1863 3909; x_wconf 81' lang='lat' dir='ltr'><strong>zelum,</strong></span> <span class='ocrx_word' id='word_1_571' title='bbox 1892 3841 1929 3896; x_wconf 92' lang='lat' dir='ltr'><strong>ut</strong></span> <span class='ocrx_word' id='word_1_572' title='bbox 1950 3832 2077 3896; x_wconf 90' lang='lat' dir='ltr'><strong>mollire</strong></span> <span class='ocrx_word' id='word_1_573' title='bbox 2100 3833 2155 3897; x_wconf 92' lang='lat' dir='ltr'><strong>de-</strong></span> 
     </span>
    </p>
   </div>
   <div class='ocr_carea' id='block_1_7' title="bbox 163 3916 2155 5287">
    <p class='ocr_par' dir='ltr' id='par_1_7' title="bbox 163 3916 2155 5287">
     <span class='ocr_line' id='line_1_51' title="bbox 165 3916 2155 4003; baseline -0.003 -16"><span class='ocrx_word' id='word_1_574' title='bbox 165 3929 385 3987; x_wconf 89' lang='lat' dir='ltr'><strong>eonsumatur.</strong></span> <span class='ocrx_word' id='word_1_575' title='bbox 422 3919 545 3984; x_wconf 84' lang='lat' dir='ltr'><strong>Eodem</strong></span> <span class='ocrx_word' id='word_1_576' title='bbox 569 3920 711 4003; x_wconf 88' lang='lat' dir='ltr'><strong>pertinet</strong></span> <span class='ocrx_word' id='word_1_577' title='bbox 733 3919 910 3984; x_wconf 88' lang='lat' dir='ltr'><strong>secundum</strong></span> <span class='ocrx_word' id='word_1_578' title='bbox 934 3918 1133 3983; x_wconf 88' lang='lat' dir='ltr'><strong>membrum:</strong></span> <span class='ocrx_word' id='word_1_579' title='bbox 1187 3918 1294 3983; x_wconf 91' lang='lat' dir='ltr'><strong>buerit</strong></span> <span class='ocrx_word' id='word_1_580' title='bbox 1317 3918 1371 3983; x_wconf 89' lang='lat' dir='ltr'><strong>vel</strong></span> <span class='ocrx_word' id='word_1_581' title='bbox 1394 3919 1530 3983; x_wconf 88' lang='lat' dir='ltr'><strong>ferream</strong></span> <span class='ocrx_word' id='word_1_582' title='bbox 1561 3916 1726 3982; x_wconf 91' lang='lat' dir='ltr'><strong>duritiem.</strong></span> <span class='ocrx_word' id='word_1_583' title='bbox 1771 3917 1968 4001; x_wconf 81' lang='lat' dir='ltr'><strong>Quanquam</strong></span> <span class='ocrx_word' id='word_1_584' title='bbox 2000 3920 2061 3985; x_wconf 89' lang='lat' dir='ltr'><strong>hac</strong></span> <span class='ocrx_word' id='word_1_585' title='bbox 2091 3920 2155 3983; x_wconf 91' lang='lat' dir='ltr'><strong>cir·</strong></span> 
     </span>
     <span class='ocr_line' id='line_1_52' title="bbox 163 4002 2155 4088; baseline 0 -18"><span class='ocrx_word' id='word_1_586' title='bbox 163 4007 241 4088; x_wconf 89' lang='grc'><strong>6616</strong></span> <span class='ocrx_word' id='word_1_587' title='bbox 269 4027 303 4070; x_wconf 89' lang='grc'><strong>66</strong></span> <span class='ocrx_word' id='word_1_588' title='bbox 334 4004 417 4068; x_wconf 91' lang='lat' dir='ltr'><strong>nihil</strong></span> <span class='ocrx_word' id='word_1_589' title='bbox 449 4004 562 4069; x_wconf 89' lang='lat' dir='ltr'><strong>aDeo</strong></span> <span class='ocrx_word' id='word_1_590' title='bbox 592 4011 778 4087; x_wconf 89' lang='lat' dir='ltr'><strong>separatum</strong></span> <span class='ocrx_word' id='word_1_591' title='bbox 809 4004 929 4069; x_wconf 89' lang='lat' dir='ltr'><strong>habere</strong></span> <span class='ocrx_word' id='word_1_592' title='bbox 959 4004 1132 4088; x_wconf 89' lang='lat' dir='ltr'><strong>signifieat.</strong></span> <span class='ocrx_word' id='word_1_593' title='bbox 1186 4004 1384 4068; x_wconf 89' lang='lat' dir='ltr'><strong>cumstantia</strong></span> <span class='ocrx_word' id='word_1_594' title='bbox 1425 4002 1568 4068; x_wconf 91' lang='lat' dir='ltr'><strong>ostendit</strong></span> <span class='ocrx_word' id='word_1_595' title='bbox 1606 4010 1806 4085; x_wconf 89' lang='lat' dir='ltr'><strong>quantopere</strong></span> <span class='ocrx_word' id='word_1_596' title='bbox 1846 4004 1943 4067; x_wconf 87' lang='grc'><strong>166616</strong></span> <span class='ocrx_word' id='word_1_597' title='bbox 1982 4025 2155 4087; x_wconf 89' lang='lat' dir='ltr'><strong>oppressus</strong></span> 
     </span>
     <span class='ocr_line' id='line_1_53' title="bbox 166 4088 2153 4172; baseline -0.001 -16"><span class='ocrx_word' id='word_1_598' title='bbox 166 4092 274 4156; x_wconf 87' lang='lat' dir='ltr'><strong>Aliter</strong></span> <span class='ocrx_word' id='word_1_599' title='bbox 296 4089 426 4172; x_wconf 91' lang='lat' dir='ltr'><strong>quidem</strong></span> <span class='ocrx_word' id='word_1_600' title='bbox 450 4091 610 4172; x_wconf 89' lang='lat' dir='ltr'><strong>accipiunt</strong></span> <span class='ocrx_word' id='word_1_601' title='bbox 632 4089 791 4165; x_wconf 91' lang='lat' dir='ltr'><strong>nonnulli,</strong></span> <span class='ocrx_word' id='word_1_602' title='bbox 813 4088 945 4172; x_wconf 90' lang='lat' dir='ltr'><strong>lmpios,</strong></span> <span class='ocrx_word' id='word_1_603' title='bbox 969 4110 1071 4171; x_wconf 89' lang='lat' dir='ltr'><strong>quum</strong></span> <span class='ocrx_word' id='word_1_604' title='bbox 1094 4091 1134 4154; x_wconf 89' lang='lat' dir='ltr'><strong>ir·</strong></span> <span class='ocrx_word' id='word_1_605' title='bbox 1187 4089 1331 4154; x_wconf 91' lang='lat' dir='ltr'><strong>hostium</strong></span> <span class='ocrx_word' id='word_1_606' title='bbox 1360 4108 1494 4154; x_wconf 88' lang='lat' dir='ltr'><strong>suorum</strong></span> <span class='ocrx_word' id='word_1_607' title='bbox 1525 4089 1722 4170; x_wconf 86' lang='lat' dir='ltr'><strong>petulantia,</strong></span> <span class='ocrx_word' id='word_1_608' title='bbox 1753 4098 1789 4151; x_wconf 92' lang='lat' dir='ltr'><strong>ut</strong></span> <span class='ocrx_word' id='word_1_609' title='bbox 1811 4109 1853 4151; x_wconf 88' lang='lat' dir='ltr'><strong>nc</strong></span> <span class='ocrx_word' id='word_1_610' title='bbox 1876 4091 1994 4154; x_wconf 88' lang='lat' dir='ltr'><strong>mutire</strong></span> <span class='ocrx_word' id='word_1_611' title='bbox 2023 4090 2153 4172; x_wconf 89' lang='lat' dir='ltr'><strong>quidem</strong></span> 
     </span>
     <span class='ocr_line' id='line_1_54' title="bbox 166 4174 2155 4258; baseline -0.001 -18"><span class='ocrx_word' id='word_1_612' title='bbox 166 4198 260 4241; x_wconf 90' lang='lat' dir='ltr'><strong>ruere</strong></span> <span class='ocrx_word' id='word_1_613' title='bbox 285 4175 407 4241; x_wconf 89' lang='lat' dir='ltr'><strong>vellent</strong></span> <span class='ocrx_word' id='word_1_614' title='bbox 429 4176 464 4240; x_wconf 92' lang='lat' dir='ltr'><strong>in</strong></span> <span class='ocrx_word' id='word_1_615' title='bbox 486 4175 657 4255; x_wconf 90' lang='lat' dir='ltr'><strong>Davidem,</strong></span> <span class='ocrx_word' id='word_1_616' title='bbox 680 4197 755 4240; x_wconf 88' lang='lat' dir='ltr'><strong>suos</strong></span> <span class='ocrx_word' id='word_1_617' title='bbox 777 4176 917 4257; x_wconf 90' lang='lat' dir='ltr'><strong>impetus</strong></span> <span class='ocrx_word' id='word_1_618' title='bbox 939 4175 1077 4240; x_wconf 88' lang='lat' dir='ltr'><strong>vertisse</strong></span> <span class='ocrx_word' id='word_1_619' title='bbox 1100 4177 1133 4239; x_wconf 91' lang='lat' dir='ltr'><strong>in</strong></span> <span class='ocrx_word' id='word_1_620' title='bbox 1187 4175 1325 4239; x_wconf 91' lang='lat' dir='ltr'><strong>liberum</strong></span> <span class='ocrx_word' id='word_1_621' title='bbox 1348 4183 1441 4253; x_wconf 89' lang='lat' dir='ltr'><strong>esset,</strong></span> <span class='ocrx_word' id='word_1_622' title='bbox 1466 4194 1525 4237; x_wconf 92' lang='lat' dir='ltr'><strong>nec</strong></span> <span class='ocrx_word' id='word_1_623' title='bbox 1546 4174 1634 4238; x_wconf 88' lang='lat' dir='ltr'><strong>aliud</strong></span> <span class='ocrx_word' id='word_1_624' title='bbox 1655 4184 1802 4252; x_wconf 88' lang='lat' dir='ltr'><strong>restaret,</strong></span> <span class='ocrx_word' id='word_1_625' title='bbox 1826 4194 1922 4256; x_wconf 90' lang='lat' dir='ltr'><strong>quam</strong></span> <span class='ocrx_word' id='word_1_626' title='bbox 1945 4174 2099 4258; x_wconf 84' lang='lat' dir='ltr'><strong>lacrymis</strong></span> <span class='ocrx_word' id='word_1_627' title='bbox 2122 4188 2155 4239; x_wconf 90' lang='lat' dir='ltr'><strong>et</strong></span> 
     </span>
     <span class='ocr_line' id='line_1_55' title="bbox 166 4258 2155 4344; baseline -0.001 -18"><span class='ocrx_word' id='word_1_628' title='bbox 166 4261 285 4339; x_wconf 92' lang='lat' dir='ltr'><strong>Deum,</strong></span> <span class='ocrx_word' id='word_1_629' title='bbox 308 4269 343 4326; x_wconf 91' lang='lat' dir='ltr'><strong>et</strong></span> <span class='ocrx_word' id='word_1_630' title='bbox 364 4263 410 4326; x_wconf 93' lang='lat' dir='ltr'><strong>ita</strong></span> <span class='ocrx_word' id='word_1_631' title='bbox 430 4261 500 4325; x_wconf 92' lang='lat' dir='ltr'><strong>suis</strong></span> <span class='ocrx_word' id='word_1_632' title='bbox 522 4261 731 4344; x_wconf 89' lang='lat' dir='ltr'><strong>blasphemiis</strong></span> <span class='ocrx_word' id='word_1_633' title='bbox 753 4271 900 4326; x_wconf 88' lang='lat' dir='ltr'><strong>sanctum</strong></span> <span class='ocrx_word' id='word_1_634' title='bbox 924 4260 1030 4326; x_wconf 88' lang='lat' dir='ltr'><strong>virum</strong></span> <span class='ocrx_word' id='word_1_635' title='bbox 1052 4260 1134 4326; x_wconf 91' lang='lat' dir='ltr'><strong>obli·</strong></span> <span class='ocrx_word' id='word_1_636' title='bbox 1187 4281 1333 4325; x_wconf 89' lang='lat' dir='ltr'><strong>moerore</strong></span> <span class='ocrx_word' id='word_1_637' title='bbox 1355 4260 1419 4324; x_wconf 90' lang='lat' dir='ltr'><strong>Dei</strong></span> <span class='ocrx_word' id='word_1_638' title='bbox 1450 4277 1578 4323; x_wconf 89' lang='lat' dir='ltr'><strong>eausam</strong></span> <span class='ocrx_word' id='word_1_639' title='bbox 1603 4259 1784 4325; x_wconf 87' lang='lat' dir='ltr'><strong>defendere.</strong></span> <span class='ocrx_word' id='word_1_640' title='bbox 1829 4258 1968 4325; x_wconf 82' lang='lat' dir='ltr'><strong>Sublata</strong></span> <span class='ocrx_word' id='word_1_641' title='bbox 1990 4261 2087 4338; x_wconf 89' lang='lat' dir='ltr'><strong>enim,</strong></span> <span class='ocrx_word' id='word_1_642' title='bbox 2119 4274 2155 4324; x_wconf 93' lang='lat' dir='ltr'><strong>nt</strong></span> 
     </span>
     <span class='ocr_line' id='line_1_56' title="bbox 164 4343 2153 4431; baseline -0.002 -19"><span class='ocrx_word' id='word_1_643' title='bbox 164 4369 227 4430; x_wconf 92' lang='lat' dir='ltr'><strong>que</strong></span> <span class='ocrx_word' id='word_1_644' title='bbox 250 4347 443 4431; x_wconf 83' lang='lat' dir='ltr'><strong>pupugisse:</strong></span> <span class='ocrx_word' id='word_1_645' title='bbox 464 4348 539 4428; x_wconf 93' lang='lat' dir='ltr'><strong>quia</strong></span> <span class='ocrx_word' id='word_1_646' title='bbox 560 4346 707 4411; x_wconf 86' lang='lat' dir='ltr'><strong>sciebant</strong></span> <span class='ocrx_word' id='word_1_647' title='bbox 729 4346 810 4410; x_wconf 92' lang='lat' dir='ltr'><strong>nihil</strong></span> <span class='ocrx_word' id='word_1_648' title='bbox 833 4347 863 4410; x_wconf 96' lang='grc'><strong>61</strong></span> <span class='ocrx_word' id='word_1_649' title='bbox 881 4346 1134 4413; x_wconf 89' lang='lat' dir='ltr'><strong>foremolestius</strong></span> <span class='ocrx_word' id='word_1_650' title='bbox 1186 4347 1317 4422; x_wconf 89' lang='lat' dir='ltr'><strong>seimus,</strong></span> <span class='ocrx_word' id='word_1_651' title='bbox 1347 4343 1498 4428; x_wconf 89' lang='lat' dir='ltr'><strong>loquendi</strong></span> <span class='ocrx_word' id='word_1_652' title='bbox 1523 4355 1592 4408; x_wconf 91' lang='lat' dir='ltr'><strong>erat</strong></span> <span class='ocrx_word' id='word_1_653' title='bbox 1615 4344 1764 4410; x_wconf 88' lang='lat' dir='ltr'><strong>libertas:</strong></span> <span class='ocrx_word' id='word_1_654' title='bbox 1797 4345 1863 4409; x_wconf 93' lang='lat' dir='ltr'><strong>imo</strong></span> <span class='ocrx_word' id='word_1_655' title='bbox 1886 4344 2049 4410; x_wconf 87' lang='lat' dir='ltr'><strong>atrocibus</strong></span> <span class='ocrx_word' id='word_1_656' title='bbox 2079 4366 2153 4410; x_wconf 89' lang='lat' dir='ltr'><strong>con·</strong></span> 
     </span>
     <span class='ocr_line' id='line_1_57' title="bbox 164 4429 2152 4514; baseline -0.002 -16"><span class='ocrx_word' id='word_1_657' title='bbox 164 4430 208 4498; x_wconf 89' lang='lat' dir='ltr'><strong>ad</strong></span> <span class='ocrx_word' id='word_1_658' title='bbox 225 4432 408 4498; x_wconf 86' lang='lat' dir='ltr'><strong>ferendum.</strong></span> <span class='ocrx_word' id='word_1_659' title='bbox 455 4430 521 4498; x_wconf 88' lang='lat' dir='ltr'><strong>Sed</strong></span> <span class='ocrx_word' id='word_1_660' title='bbox 543 4432 623 4496; x_wconf 90' lang='lat' dir='ltr'><strong>haee</strong></span> <span class='ocrx_word' id='word_1_661' title='bbox 644 4432 870 4514; x_wconf 86' lang='lat' dir='ltr'><strong>interpretatio</strong></span> <span class='ocrx_word' id='word_1_662' title='bbox 903 4431 1003 4497; x_wconf 90' lang='lat' dir='ltr'><strong>nimis</strong></span> <span class='ocrx_word' id='word_1_663' title='bbox 1025 4442 1134 4498; x_wconf 85' lang='lat' dir='ltr'><strong>coacta</strong></span> <span class='ocrx_word' id='word_1_664' title='bbox 1188 4432 1275 4496; x_wconf 89' lang='lat' dir='ltr'><strong>vitiis</strong></span> <span class='ocrx_word' id='word_1_665' title='bbox 1296 4432 1446 4513; x_wconf 90' lang='lat' dir='ltr'><strong>repulsus</strong></span> <span class='ocrx_word' id='word_1_666' title='bbox 1469 4431 1581 4495; x_wconf 88' lang='lat' dir='ltr'><strong>fuisset</strong></span> <span class='ocrx_word' id='word_1_667' title='bbox 1609 4429 2058 4505; x_wconf 78' lang='grc'><strong>(1666666116611616666666,</strong></span> <span class='ocrx_word' id='word_1_668' title='bbox 2089 4451 2152 4511; x_wconf 88' lang='grc'><strong>666</strong></span> 
     </span>
     <span class='ocr_line' id='line_1_58' title="bbox 165 4514 2152 4601; baseline -0.003 -18"><span class='ocrx_word' id='word_1_669' title='bbox 165 4527 225 4596; x_wconf 84' lang='grc'><strong>666,</strong></span> <span class='ocrx_word' id='word_1_670' title='bbox 246 4518 332 4585; x_wconf 89' lang='grc'><strong>61666</strong></span> <span class='ocrx_word' id='word_1_671' title='bbox 353 4533 387 4584; x_wconf 88' lang='grc'><strong>66</strong></span> <span class='ocrx_word' id='word_1_672' title='bbox 409 4517 523 4596; x_wconf 87' lang='grc'><strong>616666,</strong></span> <span class='ocrx_word' id='word_1_673' title='bbox 546 4517 709 4581; x_wconf 89' lang='lat' dir='ltr'><strong>Davidem</strong></span> <span class='ocrx_word' id='word_1_674' title='bbox 732 4538 797 4581; x_wconf 90' lang='grc'><strong>666</strong></span> <span class='ocrx_word' id='word_1_675' title='bbox 819 4539 913 4584; x_wconf 88' lang='lat' dir='ltr'><strong>secus</strong></span> <span class='ocrx_word' id='word_1_676' title='bbox 936 4518 1034 4583; x_wconf 89' lang='lat' dir='ltr'><strong>fuisse</strong></span> <span class='ocrx_word' id='word_1_677' title='bbox 1057 4540 1134 4601; x_wconf 90' lang='lat' dir='ltr'><strong>sup·</strong></span> <span class='ocrx_word' id='word_1_678' title='bbox 1187 4517 1318 4581; x_wconf 89' lang='lat' dir='ltr'><strong>maioris</strong></span> <span class='ocrx_word' id='word_1_679' title='bbox 1347 4516 1550 4582; x_wconf 84' lang='lat' dir='ltr'><strong>constantiae</strong></span> <span class='ocrx_word' id='word_1_680' title='bbox 1579 4515 1651 4594; x_wconf 89' lang='lat' dir='ltr'><strong>fuit,</strong></span> <span class='ocrx_word' id='word_1_681' title='bbox 1683 4537 1748 4580; x_wconf 91' lang='lat' dir='ltr'><strong>non</strong></span> <span class='ocrx_word' id='word_1_682' title='bbox 1771 4514 1927 4580; x_wconf 88' lang='lat' dir='ltr'><strong>desistere</strong></span> <span class='ocrx_word' id='word_1_683' title='bbox 1950 4537 1969 4579; x_wconf 90' lang='lat' dir='ltr'><strong>a</strong></span> <span class='ocrx_word' id='word_1_684' title='bbox 1991 4535 2049 4579; x_wconf 90' lang='lat' dir='ltr'><strong>suo</strong></span> <span class='ocrx_word' id='word_1_685' title='bbox 2072 4516 2152 4592; x_wconf 87' lang='lat' dir='ltr'><strong>zelo,</strong></span> 
     </span>
     <span class='ocr_line' id='line_1_59' title="bbox 167 4600 2152 4688; baseline -0.002 -19"><span class='ocrx_word' id='word_1_686' title='bbox 167 4605 284 4688; x_wconf 90' lang='lat' dir='ltr'><strong>plicem</strong></span> <span class='ocrx_word' id='word_1_687' title='bbox 307 4605 432 4687; x_wconf 89' lang='lat' dir='ltr'><strong>quoties</strong></span> <span class='ocrx_word' id='word_1_688' title='bbox 450 4604 579 4669; x_wconf 89' lang='lat' dir='ltr'><strong>videbat</strong></span> <span class='ocrx_word' id='word_1_689' title='bbox 596 4602 660 4667; x_wconf 91' lang='lat' dir='ltr'><strong>Dei</strong></span> <span class='ocrx_word' id='word_1_690' title='bbox 678 4622 796 4667; x_wconf 85' lang='lat' dir='ltr'><strong>nemen</strong></span> <span class='ocrx_word' id='word_1_691' title='bbox 814 4604 970 4687; x_wconf 89' lang='lat' dir='ltr'><strong>probrose</strong></span> <span class='ocrx_word' id='word_1_692' title='bbox 987 4603 1133 4684; x_wconf 88' lang='lat' dir='ltr'><strong>lacerari,</strong></span> <span class='ocrx_word' id='word_1_693' title='bbox 1187 4624 1246 4668; x_wconf 92' lang='lat' dir='ltr'><strong>nee</strong></span> <span class='ocrx_word' id='word_1_694' title='bbox 1267 4602 1405 4668; x_wconf 89' lang='lat' dir='ltr'><strong>abiicere</strong></span> <span class='ocrx_word' id='word_1_695' title='bbox 1429 4600 1648 4666; x_wconf 89' lang='lat' dir='ltr'><strong>voluntarium</strong></span> <span class='ocrx_word' id='word_1_696' title='bbox 1679 4601 1774 4666; x_wconf 92' lang='lat' dir='ltr'><strong>illum</strong></span> <span class='ocrx_word' id='word_1_697' title='bbox 1802 4602 1937 4682; x_wconf 87' lang='lat' dir='ltr'><strong>luctum,</strong></span> <span class='ocrx_word' id='word_1_698' title='bbox 1968 4620 2062 4681; x_wconf 92' lang='lat' dir='ltr'><strong>quem</strong></span> <span class='ocrx_word' id='word_1_699' title='bbox 2084 4601 2152 4682; x_wconf 86' lang='lat' dir='ltr'><strong>pie·</strong></span> 
     </span>
     <span class='ocr_line' id='line_1_60' title="bbox 165 4686 2152 4773; baseline -0.003 -18"><span class='ocrx_word' id='word_1_700' title='bbox 165 4711 264 4773; x_wconf 89' lang='lat' dir='ltr'><strong>qnam</strong></span> <span class='ocrx_word' id='word_1_701' title='bbox 297 4692 324 4754; x_wconf 90' lang='lat' dir='ltr'><strong>si</strong></span> <span class='ocrx_word' id='word_1_702' title='bbox 358 4710 434 4754; x_wconf 90' lang='lat' dir='ltr'><strong>reus</strong></span> <span class='ocrx_word' id='word_1_703' title='bbox 466 4689 582 4754; x_wconf 89' lang='lat' dir='ltr'><strong>fuisset</strong></span> <span class='ocrx_word' id='word_1_704' title='bbox 613 4686 720 4753; x_wconf 87' lang='lat' dir='ltr'><strong>laesae</strong></span> <span class='ocrx_word' id='word_1_705' title='bbox 753 4688 940 4755; x_wconf 87' lang='lat' dir='ltr'><strong>maiestatis.</strong></span> <span class='ocrx_word' id='word_1_706' title='bbox 994 4689 1134 4754; x_wconf 86' lang='lat' dir='ltr'><strong>Retineo</strong></span> <span class='ocrx_word' id='word_1_707' title='bbox 1187 4689 1264 4753; x_wconf 91' lang='lat' dir='ltr'><strong>tatis</strong></span> <span class='ocrx_word' id='word_1_708' title='bbox 1285 4708 1385 4754; x_wconf 89' lang='lat' dir='ltr'><strong>eausa</strong></span> <span class='ocrx_word' id='word_1_709' title='bbox 1406 4698 1599 4770; x_wconf 89' lang='lat' dir='ltr'><strong>susceperat.</strong></span> <span class='ocrx_word' id='word_1_710' title='bbox 1647 4688 1735 4753; x_wconf 83' lang='lat' dir='ltr'><strong>Dicit</strong></span> <span class='ocrx_word' id='word_1_711' title='bbox 1763 4704 1841 4769; x_wconf 88' lang='lat' dir='ltr'><strong>ergo</strong></span> <span class='ocrx_word' id='word_1_712' title='bbox 1866 4707 1899 4751; x_wconf 84' lang='grc'><strong>66</strong></span> <span class='ocrx_word' id='word_1_713' title='bbox 1921 4687 2052 4764; x_wconf 70' lang='lat' dir='ltr'><strong>flevisse,</strong></span> <span class='ocrx_word' id='word_1_714' title='bbox 2082 4687 2152 4751; x_wconf 86' lang='lat' dir='ltr'><strong>coi·</strong></span> 
     </span>
     <span class='ocr_line' id='line_1_61' title="bbox 167 4770 2151 4861; baseline -0.002 -21"><span class='ocrx_word' id='word_1_715' title='bbox 167 4777 268 4861; x_wconf 82' lang='lat' dir='ltr'><strong>igitur</strong></span> <span class='ocrx_word' id='word_1_716' title='bbox 289 4774 375 4857; x_wconf 90' lang='lat' dir='ltr'><strong>quod</strong></span> <span class='ocrx_word' id='word_1_717' title='bbox 397 4774 463 4839; x_wconf 92' lang='lat' dir='ltr'><strong>iam</strong></span> <span class='ocrx_word' id='word_1_718' title='bbox 486 4773 564 4852; x_wconf 84' lang='lat' dir='ltr'><strong>dixi,</strong></span> <span class='ocrx_word' id='word_1_719' title='bbox 587 4772 763 4850; x_wconf 87' lang='lat' dir='ltr'><strong>Davidem,</strong></span> <span class='ocrx_word' id='word_1_720' title='bbox 787 4775 839 4841; x_wconf 88' lang='lat' dir='ltr'><strong>sui</strong></span> <span class='ocrx_word' id='word_1_721' title='bbox 862 4774 1016 4851; x_wconf 90' lang='lat' dir='ltr'><strong>oblitum,</strong></span> <span class='ocrx_word' id='word_1_722' title='bbox 1040 4774 1133 4856; x_wconf 91' lang='lat' dir='ltr'><strong>quid·</strong></span> <span class='ocrx_word' id='word_1_723' title='bbox 1185 4793 1270 4838; x_wconf 85' lang='lat' dir='ltr'><strong>mem</strong></span> <span class='ocrx_word' id='word_1_724' title='bbox 1299 4794 1390 4837; x_wconf 80' lang='lat' dir='ltr'><strong>eccm</strong></span> <span class='ocrx_word' id='word_1_725' title='bbox 1417 4773 1518 4853; x_wconf 75' lang='lat' dir='ltr'><strong>fuisse</strong></span> <span class='ocrx_word' id='word_1_726' title='bbox 1545 4773 1580 4837; x_wconf 83' lang='lat' dir='ltr'><strong>io</strong></span> <span class='ocrx_word' id='word_1_727' title='bbox 1604 4774 1737 4847; x_wconf 82' lang='lat' dir='ltr'><strong>ieiunio,</strong></span> <span class='ocrx_word' id='word_1_728' title='bbox 1766 4791 1856 4852; x_wconf 81' lang='lat' dir='ltr'><strong>seque</strong></span> <span class='ocrx_word' id='word_1_729' title='bbox 1884 4791 1971 4836; x_wconf 83' lang='lat' dir='ltr'><strong>sacco</strong></span> <span class='ocrx_word' id='word_1_730' title='bbox 2001 4770 2151 4852; x_wconf 76' lang='lat' dir='ltr'><strong>vestitam,</strong></span> 
     </span>
     <span class='ocr_line' id='line_1_62' title="bbox 166 4855 2152 4943; baseline -0.001 -17"><span class='ocrx_word' id='word_1_731' title='bbox 166 4861 244 4943; x_wconf 90' lang='lat' dir='ltr'><strong>quid</strong></span> <span class='ocrx_word' id='word_1_732' title='bbox 267 4860 371 4926; x_wconf 88' lang='lat' dir='ltr'><strong>sensit</strong></span> <span class='ocrx_word' id='word_1_733' title='bbox 393 4860 528 4938; x_wconf 92' lang='lat' dir='ltr'><strong>doloris,</strong></span> <span class='ocrx_word' id='word_1_734' title='bbox 558 4860 708 4925; x_wconf 89' lang='lat' dir='ltr'><strong>hausisse</strong></span> <span class='ocrx_word' id='word_1_735' title='bbox 739 4881 780 4925; x_wconf 85' lang='lat' dir='ltr'><strong>ex</strong></span> <span class='ocrx_word' id='word_1_736' title='bbox 813 4870 928 4927; x_wconf 88' lang='lat' dir='ltr'><strong>saneto</strong></span> <span class='ocrx_word' id='word_1_737' title='bbox 955 4859 1039 4935; x_wconf 86' lang='lat' dir='ltr'><strong>nelo,</strong></span> <span class='ocrx_word' id='word_1_738' title='bbox 1069 4881 1132 4943; x_wconf 89' lang='lat' dir='ltr'><strong>quo</strong></span> <span class='ocrx_word' id='word_1_739' title='bbox 1186 4879 1269 4941; x_wconf 89' lang='lat' dir='ltr'><strong>quae</strong></span> <span class='ocrx_word' id='word_1_740' title='bbox 1301 4858 1410 4925; x_wconf 90' lang='lat' dir='ltr'><strong>luctus</strong></span> <span class='ocrx_word' id='word_1_741' title='bbox 1444 4865 1537 4922; x_wconf 88' lang='lat' dir='ltr'><strong>erant</strong></span> <span class='ocrx_word' id='word_1_742' title='bbox 1573 4859 1716 4940; x_wconf 83' lang='lat' dir='ltr'><strong>insignio</strong></span> <span class='ocrx_word' id='word_1_743' title='bbox 1750 4856 1890 4921; x_wconf 90' lang='lat' dir='ltr'><strong>Iudaeis.</strong></span> <span class='ocrx_word' id='word_1_744' title='bbox 1946 4855 2056 4937; x_wconf 92' lang='lat' dir='ltr'><strong>Quum</strong></span> <span class='ocrx_word' id='word_1_745' title='bbox 2091 4857 2152 4924; x_wconf 89' lang='lat' dir='ltr'><strong>hoc</strong></span> 
     </span>
     <span class='ocr_line' id='line_1_63' title="bbox 167 4941 2150 5031; baseline -0.003 -20"><span class='ocrx_word' id='word_1_746' title='bbox 167 4946 327 5031; x_wconf 85' lang='lat' dir='ltr'><strong>flagrabat</strong></span> <span class='ocrx_word' id='word_1_747' title='bbox 349 4967 448 5028; x_wconf 90' lang='lat' dir='ltr'><strong>quum</strong></span> <span class='ocrx_word' id='word_1_748' title='bbox 473 4946 598 5010; x_wconf 87' lang='lat' dir='ltr'><strong>videret</strong></span> <span class='ocrx_word' id='word_1_749' title='bbox 619 4966 748 5010; x_wconf 89' lang='lat' dir='ltr'><strong>sacrum</strong></span> <span class='ocrx_word' id='word_1_750' title='bbox 766 4945 829 5010; x_wconf 91' lang='lat' dir='ltr'><strong>Dei</strong></span> <span class='ocrx_word' id='word_1_751' title='bbox 847 4965 965 5011; x_wconf 91' lang='lat' dir='ltr'><strong>nomen</strong></span> <span class='ocrx_word' id='word_1_752' title='bbox 989 4943 1133 5029; x_wconf 83' lang='lat' dir='ltr'><strong>indignis</strong></span> <span class='ocrx_word' id='word_1_753' title='bbox 1186 4956 1288 5010; x_wconf 90' lang='lat' dir='ltr'><strong>tetum</strong></span> <span class='ocrx_word' id='word_1_754' title='bbox 1322 4945 1355 5008; x_wconf 94' lang='lat' dir='ltr'><strong>in</strong></span> <span class='ocrx_word' id='word_1_755' title='bbox 1386 4943 1526 5009; x_wconf 88' lang='lat' dir='ltr'><strong>ludibria</strong></span> <span class='ocrx_word' id='word_1_756' title='bbox 1557 4954 1590 5008; x_wconf 90' lang='lat' dir='ltr'><strong>et</strong></span> <span class='ocrx_word' id='word_1_757' title='bbox 1620 4943 1753 5007; x_wconf 89' lang='lat' dir='ltr'><strong>dicteria</strong></span> <span class='ocrx_word' id='word_1_758' title='bbox 1785 4941 1824 5004; x_wconf 90' lang='lat' dir='ltr'><strong>ab</strong></span> <span class='ocrx_word' id='word_1_759' title='bbox 1858 4941 1923 5005; x_wconf 92' lang='lat' dir='ltr'><strong>illis</strong></span> <span class='ocrx_word' id='word_1_760' title='bbox 1956 4961 2150 5007; x_wconf 88' lang='lat' dir='ltr'><strong>conversum</strong></span> 
     </span>
     <span class='ocr_line' id='line_1_64' title="bbox 164 5025 2149 5114; baseline -0.001 -18"><span class='ocrx_word' id='word_1_761' title='bbox 164 5030 373 5096; x_wconf 87' lang='lat' dir='ltr'><strong>contumeliis</strong></span> <span class='ocrx_word' id='word_1_762' title='bbox 402 5032 498 5096; x_wconf 89' lang='grc'><strong>611161.</strong></span> <span class='ocrx_word' id='word_1_763' title='bbox 550 5030 624 5112; x_wconf 93' lang='lat' dir='ltr'><strong>Quo</strong></span> <span class='ocrx_word' id='word_1_764' title='bbox 651 5029 799 5114; x_wconf 88' lang='lat' dir='ltr'><strong>exemplo</strong></span> <span class='ocrx_word' id='word_1_765' title='bbox 829 5030 1001 5112; x_wconf 90' lang='lat' dir='ltr'><strong>doeemur,</strong></span> <span class='ocrx_word' id='word_1_766' title='bbox 1031 5053 1133 5114; x_wconf 93' lang='lat' dir='ltr'><strong>quum</strong></span> <span class='ocrx_word' id='word_1_767' title='bbox 1185 5031 1299 5107; x_wconf 89' lang='lat' dir='ltr'><strong>fuerit,</strong></span> <span class='ocrx_word' id='word_1_768' title='bbox 1332 5031 1480 5113; x_wconf 88' lang='lat' dir='ltr'><strong>sequitur</strong></span> <span class='ocrx_word' id='word_1_769' title='bbox 1512 5028 1668 5094; x_wconf 88' lang='lat' dir='ltr'><strong>diabolico</strong></span> <span class='ocrx_word' id='word_1_770' title='bbox 1702 5029 1811 5091; x_wconf 90' lang='lat' dir='ltr'><strong>furore</strong></span> <span class='ocrx_word' id='word_1_771' title='bbox 1844 5025 1943 5091; x_wconf 90' lang='lat' dir='ltr'><strong>fuisse</strong></span> <span class='ocrx_word' id='word_1_772' title='bbox 1976 5038 2149 5112; x_wconf 89' lang='lat' dir='ltr'><strong>correptos.</strong></span> 
     </span>
     <span class='ocr_line' id='line_1_65' title="bbox 168 5114 2150 5198; baseline -0.001 -17"><span class='ocrx_word' id='word_1_773' title='bbox 168 5127 286 5184; x_wconf 89' lang='lat' dir='ltr'><strong>natura</strong></span> <span class='ocrx_word' id='word_1_774' title='bbox 307 5116 404 5182; x_wconf 91' lang='lat' dir='ltr'><strong>nimis</strong></span> <span class='ocrx_word' id='word_1_775' title='bbox 427 5116 533 5183; x_wconf 89' lang='lat' dir='ltr'><strong>teneri</strong></span> <span class='ocrx_word' id='word_1_776' title='bbox 554 5116 657 5182; x_wconf 89' lang='lat' dir='ltr'><strong>simus</strong></span> <span class='ocrx_word' id='word_1_777' title='bbox 679 5124 711 5180; x_wconf 89' lang='lat' dir='ltr'><strong>et</strong></span> <span class='ocrx_word' id='word_1_778' title='bbox 740 5115 868 5180; x_wconf 88' lang='lat' dir='ltr'><strong>delicati</strong></span> <span class='ocrx_word' id='word_1_779' title='bbox 896 5116 938 5182; x_wconf 90' lang='lat' dir='ltr'><strong>ad</strong></span> <span class='ocrx_word' id='word_1_780' title='bbox 968 5116 1133 5183; x_wconf 89' lang='lat' dir='ltr'><strong>ferendam</strong></span> <span class='ocrx_word' id='word_1_781' title='bbox 1186 5118 1230 5182; x_wconf 83' lang='lat' dir='ltr'><strong>Et</strong></span> <span class='ocrx_word' id='word_1_782' title='bbox 1257 5116 1317 5180; x_wconf 91' lang='lat' dir='ltr'><strong>hoc</strong></span> <span class='ocrx_word' id='word_1_783' title='bbox 1346 5115 1495 5198; x_wconf 87' lang='lat' dir='ltr'><strong>exemplo</strong></span> <span class='ocrx_word' id='word_1_784' title='bbox 1526 5114 1646 5178; x_wconf 90' lang='lat' dir='ltr'><strong>muniri</strong></span> <span class='ocrx_word' id='word_1_785' title='bbox 1677 5134 1734 5177; x_wconf 89' lang='grc'><strong>666</strong></span> <span class='ocrx_word' id='word_1_786' title='bbox 1764 5114 1931 5189; x_wconf 91' lang='grc'><strong>66666616,</strong></span> <span class='ocrx_word' id='word_1_787' title='bbox 1963 5133 2005 5176; x_wconf 91' lang='grc'><strong>66</strong></span> <span class='ocrx_word' id='word_1_788' title='bbox 2034 5114 2150 5180; x_wconf 89' lang='lat' dir='ltr'><strong>similis</strong></span> 
     </span>
     <span class='ocr_line' id='line_1_66' title="bbox 167 5196 2150 5287; baseline 0 -21"><span class='ocrx_word' id='word_1_789' title='bbox 167 5202 398 5287; x_wconf 85' lang='lat' dir='ltr'><strong>ignominiam,</strong></span> <span class='ocrx_word' id='word_1_790' title='bbox 438 5201 631 5266; x_wconf 90' lang='lat' dir='ltr'><strong>mutandum</strong></span> <span class='ocrx_word' id='word_1_791' title='bbox 666 5223 736 5268; x_wconf 92' lang='lat' dir='ltr'><strong>esse</strong></span> <span class='ocrx_word' id='word_1_792' title='bbox 769 5210 1014 5286; x_wconf 88' lang='lat' dir='ltr'><strong>praeposterum</strong></span> <span class='ocrx_word' id='word_1_793' title='bbox 1047 5203 1134 5270; x_wconf 89' lang='lat' dir='ltr'><strong>hunc</strong></span> <span class='ocrx_word' id='word_1_794' title='bbox 1186 5203 1281 5268; x_wconf 91' lang='lat' dir='ltr'><strong>hodic</strong></span> <span class='ocrx_word' id='word_1_795' title='bbox 1303 5200 1520 5278; x_wconf 88' lang='lat' dir='ltr'><strong>contumacia,</strong></span> <span class='ocrx_word' id='word_1_796' title='bbox 1551 5220 1615 5282; x_wconf 89' lang='lat' dir='ltr'><strong>qua</strong></span> <span class='ocrx_word' id='word_1_797' title='bbox 1638 5199 1748 5265; x_wconf 85' lang='lat' dir='ltr'><strong>hostes</strong></span> <span class='ocrx_word' id='word_1_798' title='bbox 1767 5198 1929 5284; x_wconf 85' lang='lat' dir='ltr'><strong>evangelii</strong></span> <span class='ocrx_word' id='word_1_799' title='bbox 1951 5196 2094 5265; x_wconf 91' lang='lat' dir='ltr'><strong>diabolos</strong></span> <span class='ocrx_word' id='word_1_800' title='bbox 2115 5222 2150 5266; x_wconf 94' lang='lat' dir='ltr'><strong>se</strong></span> 
     </span>
    </p>
   </div>
   <div class='ocr_carea' id='block_1_8' title="bbox 239 5299 1946 5374">
    <p class='ocr_par' dir='ltr' id='par_1_8' title="bbox 239 5299 1946 5374">
     <span class='ocr_line' id='line_1_67' title="bbox 239 5299 1946 5374; baseline -0.004 -15"><span class='ocrx_word' id='word_1_801' title='bbox 239 5303 348 5359; x_wconf 77' lang='lat' dir='ltr'><strong>Caluini</strong></span> <span class='ocrx_word' id='word_1_802' title='bbox 365 5319 458 5374; x_wconf 85' lang='lat' dir='ltr'><strong>opera.</strong></span> <span class='ocrx_word' id='word_1_803' title='bbox 488 5303 675 5359; x_wconf 83' lang='lat' dir='ltr'><strong>Vol.XXX1.</strong></span> <span class='ocrx_word' id='word_1_804' title='bbox 1913 5299 1946 5353; x_wconf 84' lang='lat'><strong>41</strong></span> 
     </span>
    </p>
   </div>
   <div class='ocr_carea' id='block_1_9' title="bbox 0 0 2335 5856">
    <p class='ocr_par' dir='ltr' id='par_1_9' title="bbox 0 0 2335 5856">
     <span class='ocr_line' id='line_1_68' title="bbox 0 0 2335 5856; baseline 0 0"><span class='ocrx_word' id='word_1_805' title='bbox 0 0 2335 5856; x_wconf 95' lang='lat' dir='ltr'><strong> </strong></span> 
     </span>
    </p>
   </div>
  </div>
 </body>
</html>
