4658 5856
233 342 297 408 267
539 354 542 359 ·
1044 329 1260 401 PSALMUS
1282 331 1413 397 XXVI.
2165 339 2228 405 263

235 537 364 594 coetum
392 523 614 606 improborum
644 525 799 603 nominat,
837 522 990 603 colligere
1019 522 1105 597 licet,
1139 542 1204 585 non
1257 519 1323 587 Sed
1346 521 1422 602 quia
1451 522 1587 588 ultimus
1616 525 1691 589 finis
1714 535 1773 601 est,
1805 525 1858 591 vel
1887 526 2001 594 saltem
2032 528 2227 610 praecipuus

236 615 390 697 exiguum
420 610 523 676 fuisse
553 630 664 675 eornm
686 629 869 687 numerum,
899 615 978 672 tunc
1001 607 1100 690 igitur
1122 606 1204 671 voli·
1256 618 1430 688 respectus,
1461 614 1498 672 ut
1519 607 1660 693 cognitis
1681 611 1743 675 Dei
1765 609 1931 678 benefieiis
1951 613 2134 680 celebretur
2157 613 2228 678 eius

235 712 321 766 tasse
343 695 496 763 credibile
518 705 578 776 est,
607 695 699 778 quasi
722 693 781 759 soli
811 695 847 759 in
868 693 990 777 populo
1015 693 1076 758 Dei
1087 691 1205 757 ’exceh
1256 690 1394 769 bonitas,
1425 692 1600 759 absurdum
1622 715 1689 758 nou
1719 696 1782 761 fait
1804 698 1865 762 suh
1887 696 1948 763 hac
1968 706 2060 781 parte
2083 699 2227 780 reliquas

235 787 351 864 lerent,
377 789 474 865 atque
502 783 601 847 etiam
632 780 888 858 dominarentur,
919 779 982 842 hoc
1004 786 1114 843 tamen
1137 799 1204 842 non
1255 776 1497 859 comprehendi.
1550 777 1608 844 Sic
1637 782 1736 845 etiam
1765 782 1901 849 Psalmo
1928 784 1979 863 50,
2010 784 2052 847 14
2073 785 2226 850 omnibus

235 871 362 937 obstitit
395 868 570 951 quominus
610 865 717 931 David
752 865 794 930 ad
827 865 986 932 sacrificia
1024 885 1083 948 pro
1116 884 1205 929 more
1256 863 1399 928 externis
1453 866 1663 931 caeremoniis
1717 867 1893 951 opponitur
1941 869 2072 935 unicum
2117 870 2226 935 landis

235 954 411 1024 accederet
463 953 596 1019 Publice
629 952 760 1034 quidem
785 950 966 1017 curandum
996 960 1047 1015 est
1075 971 1116 1013 ne
1146 949 1205 1014 tali
1256 948 1460 1029 sacrificium,
1492 969 1529 1016 aa
1559 952 1585 1015 si
1618 971 1655 1016 eo
1685 954 1791 1035 posita
1819 964 1906 1020 esset
1934 955 2065 1037 pietatis
2088 975 2226 1019 summa.

235 1042 360 1126 flagitio
382 1039 577 1122 inquinetur
598 1037 748 1103 eeclesia:
777 1037 932 1119 privatim
962 1037 1059 1101 etiam
1088 1056 1147 1118 pro
1170 1056 1206 1101 se
1255 1035 1339 1098 Item
1377 1035 1508 1100 Psalmo
1538 1036 1611 1116 116,
1648 1038 1705 1102 12:
1757 1037 1846 1119 Quid
1880 1040 2055 1122 rependam
2085 1040 2228 1105 Domino

235 1130 373 1213 quisque
395 1126 475 1189 eniti
498 1124 651 1189 debetne
673 1124 820 1188 remissio
838 1131 871 1188 et
890 1121 1092 1205 indulgentia
1110 1121 1206 1187 vitio·
1255 1140 1316 1204 pro
1344 1122 1495 1187 omnibus
1528 1124 1598 1186 eius
1632 1123 1847 1192 muneribus?
1903 1125 2046 1190 Calicem
2083 1125 2227 1190 salutum

236 1233 311 1279 rum
334 1209 464 1276 morbos
486 1209 605 1275 foveat.
629 1207 665 1274 Si
689 1206 818 1291 quando
841 1220 952 1272 tamen
975 1227 1041 1272 non
1060 1209 1150 1290 viget
1167 1227 1206 1271 ea
1256 1206 1423 1289 accipiam,
1452 1217 1485 1272 et
1514 1227 1634 1272 nomen
1664 1207 1807 1275 lehovae
1834 1209 2002 1277 invocabo.
2054 1209 2228 1275 Caeterum

236 1299 404 1376 severitas,
422 1295 569 1380 singulos
585 1294 697 1360 fideles
715 1315 780 1360 non
800 1292 936 1376 impedit
947 1293 1021 1358 talis
1033 1295 1206 1376 corruptio,
1257 1312 1319 1373 quo
1348 1292 1465 1358 melius
1494 1293 1635 1358 illustret
1667 1293 1775 1359 David
1808 1306 1915 1360 rat-am
1945 1296 2009 1361 Dei
2038 1298 2227 1378 potentiam,

237 1386 317 1469 quin
339 1385 392 1466 pie
420 1391 452 1446 et
480 1389 593 1446 sancte
619 1380 653 1443 iu
687 1381 841 1444 eeclesiae
863 1381 1017 1445 societ-ate
1038 1387 1205 1444 maneant.
1257 1376 1390 1460 eiusque
1412 1378 1568 1443 beneficia
1596 1378 1799 1462 splendidius
1824 1380 1973 1460 extollat,
2004 1383 2110 1447 utitur
2130 1384 2229 1447 mira·

119 1512 130 1535 ι
236 1472 367 1536 Interea
390 1465 568 1532 notandum
591 1464 668 1546 quid
691 1464 854 1530 Davidem
878 1465 1060 1550 retinuerit,
1088 1484 1205 1548 nempe
1257 1458 1367 1527 biliam
1396 1464 1544 1528 nomine:
1580 1483 1617 1530 ao
1639 1466 1667 1529 si
1690 1465 1811 1531 diceret
1833 1486 1899 1531 non
1922 1467 2052 1553 vulgari
2074 1467 2171 1533 modo
2194 1488 2229 1534 se

236 1574 402 1623 sacrorum
424 1552 638 1635 participatio.
1256 1549 1357 1614 fuisse
1378 1569 1398 1613 a
1418 1548 1491 1614 Deo
1513 1550 1671 1615 adiutum.

321 1641 351 1704 6.
374 1637 515 1723 (Lavabo
543 1639 578 1702 ia
602 1635 767 1722 parcitate.)
818 1636 884 1701 Hic
916 1657 951 1702 se
983 1637 1019 1700 in
1040 1636 1205 1702 communi

236 1746 403 1792 sacrorum
426 1745 488 1788 usu
510 1744 530 1787 a
550 1723 715 1787 sceleratis
737 1733 876 1805 separat,
899 1722 954 1806 qui
972 1720 1112 1787 eundem
1131 1740 1205 1804 pro-
1343 1720 1372 1785 8.
1408 1719 1534 1796 Iebooa,
1566 1720 1668 1786 dilexi
1699 1721 1911 1788 habitaculam
1944 1725 2055 1791 dorma
2087 1729 2171 1807 tuae,
2205 1729 2234 1789 et

235 1814 414 1878 fitebantur
436 1809 501 1874 Dei
523 1808 660 1888 cultum,
682 1829 781 1890 seque
802 1828 922 1892 magna
943 1828 1063 1890 pompa
1082 1807 1206 1892 primos
1256 1806 1357 1872 locon
1388 1806 1541 1872 dornicilii
1571 1806 1689 1888 gloriae
1720 1813 1802 1874 tuae.
1854 1808 1884 1874 9.
1917 1810 1967 1874 Ne
1997 1809 2129 1894 colimne
2162 1830 2230 1875 cam

236 1897 440 1982 ingerebant,
463 1915 500 1959 ac
522 1895 551 1959 si
573 1914 673 1977 penes
695 1914 751 1959 eos
773 1902 861 1959 esset
882 1893 995 1977 templi
1014 1893 1204 1958 dominium.
1255 1891 1367 1972 impiis
1381 1891 1523 1957 animam
1544 1912 1653 1970 meam,
1676 1897 1793 1958 acuat
1814 1894 1896 1959 uiris
1916 1897 2110 1979 saayuiaum
2131 1897 2231 1962 citam

237 1983 348 2064 Quum
382 1981 484 2064 igitur
516 1980 577 2045 hoc
610 1978 720 2044 David
754 2000 827 2045 cum
862 1979 1043 2062 hypocritis
1070 1978 1207 2044 haberet
1257 1997 1367 2042 mmm.
1413 1977 1464 2042 10.
1490 1977 1572 2058 Quia
1594 1978 1629 2042 ia
1650 1978 1797 2045 manibus
1817 2000 1924 2045 eortm
1944 1982 2078 2061 malitia,
2107 1982 2232 2047 adea

236 2088 417 2143 commune,
448 2066 531 2148 quod
559 2065 656 2129 simul
687 2064 843 2148 templum
865 2063 1142 2148 ingrediebantur,
1173 2068 1208 2128 et
1257 2068 1309 2127 tra
1330 2083 1435 2128 emam
1456 2062 1553 2143 plena
1580 2069 1624 2127 est
1650 2066 1840 2130 marteribus.
1886 2068 1936 2133 11.
1960 2067 2032 2151 Ego
2063 2072 2168 2132 aatan
2196 2069 2232 2132 ia

237 2155 340 2220 altare
369 2151 626 2216 circumdarent:
656 2161 692 2214 ut
721 2171 757 2215 se
778 2151 892 2233 probet
913 2170 1028 2214 verum
1051 2149 1115 2214 Dei
1137 2149 1206 2215 cul·
1257 2149 1431 2232 iatepritate
1451 2169 1522 2213 mea
1542 2148 1721 2216 ambasiato:
1737 2151 1855 2217 redime
1870 2173 1928 2237 ote,
1951 2154 2143 2219 amiserat:
2159 2157 2230 2221 mei.

237 2254 352 2316 torem,
374 2259 439 2303 non
461 2235 606 2301 externis
627 2244 756 2301 tautum
776 2235 989 2302 caeremoniis
1017 2256 1052 2301 se
1074 2234 1206 2320 defungi

236 2333 388 2403 testatur,
410 2322 466 2388 sed
488 2322 617 2387 sincera
639 2323 759 2404 pietate
781 2321 822 2386 ad
845 2320 954 2385 Deum
976 2321 1149 2387 colendum
1172 2342 1207 2387 se
1344 2320 1374 2385 8.
1422 2320 1545 2402 Iahova,
1578 2320 1702 2406 ditem.)
1756 2321 1937 2388 Confirmat
1968 2324 2030 2389 hoc
2063 2346 2161 2390 versu
2194 2346 2232 2389 se

237 2411 359 2476 venire.
403 2408 517 2491 Neque
539 2405 628 2472 enim
650 2407 786 2472 dubium
809 2415 858 2472 est
879 2408 959 2490 quin
978 2406 1019 2472 ad
1038 2406 1206 2473 solennem
1258 2425 1325 2469 non
1365 2405 1404 2469 de
1420 2407 1568 2472 unctoria
1608 2408 1721 2471 venire
1759 2407 1794 2471 in
1838 2410 2007 2492 templum,
2048 2411 2104 2477 sed
2145 2410 2233 2475 serio

236 2495 412 2580 ablutionis
440 2495 541 2558 ritum
571 2492 705 2572 alludat,
734 2494 789 2577 qui
819 2492 973 2577 sublege
995 2493 1030 2557 in
1052 2515 1113 2558 usu
1135 2493 1205 2557 fuit.
1259 2491 1386 2556 affectu.
1431 2491 1515 2556 Nam
1539 2491 1666 2574 profani
1690 2493 1846 2574 homines,
1875 2495 2024 2578 quamvis
2046 2497 2144 2562 etiam
2168 2497 2232 2579 ipsi

237 2580 304 2648 Sed
333 2600 435 2664 quum
464 2579 655 2662 hypocritae
682 2599 761 2644 vera
783 2580 926 2660 puritate
947 2578 1103 2662 neglecta,
1133 2586 1206 2643 tan·
1259 2577 1422 2641 ventitent
1439 2576 1481 2642 ad
1498 2596 1607 2641 sacros
1624 2589 1743 2656 coetos,
1767 2578 1909 2646 latebras
1927 2590 2035 2645 tamen
2054 2583 2116 2647 hoo
2135 2580 2233 2646 modo

236 2679 306 2732 tum
329 2666 365 2730 in
388 2685 473 2748 aqna
495 2662 689 2729 munditiem
711 2670 916 2746 quaererent,
947 2662 1001 2728 hic
1022 2683 1131 2729 crassa
1154 2685 1206 2728 eo·
1259 2672 1422 2745 quaerunt
1443 2661 1484 2726 ad
1506 2661 1714 2744 fugitantium
1736 2663 1800 2728 Dei
1823 2676 2050 2749 conspectum:
2082 2669 2127 2752 pii
2150 2687 2233 2732 vero

235 2773 310 2817 rum
331 2749 520 2834 superstitio
552 2749 799 2831 perstringitur:
834 2748 964 2814 volebat
996 2750 1081 2813 enim
1115 2749 1207 2814 Deus
1259 2755 1292 2812 et
1312 2747 1433 2831 integri
1463 2747 1612 2812 homines
1641 2770 1706 2814 uon
1734 2770 1841 2817 vanae
1871 2754 2101 2818 ostentationis
2133 2772 2234 2818 eausa

237 2836 384 2923 symbolo
405 2835 461 2900 illo
483 2834 632 2899 homines
653 2855 731 2899 suae
752 2834 942 2918 pollutionis
964 2833 1148 2899 admonitos
1165 2835 1206 2899 ad
1259 2832 1466 2916 frequentant
1495 2832 1665 2914 templum,
1699 2833 1757 2900 sed
1786 2837 1863 2920 quia
1884 2847 1973 2904 recta
1995 2839 2169 2922 adspirant
2191 2839 2234 2904 ad

236 2921 472 3006 poenitentiam
491 2919 625 2985 hortari.
674 2919 763 2984 Adeo
780 2921 883 3005 igitur
900 2926 1036 2986 externa
1053 2921 1130 2985 lotio
1148 2941 1207 3003 per
1259 2919 1483 3001 quaerendum
1514 2917 1634 3000 Deum,
1670 2920 1809 2986 libenter
1838 2930 1871 2988 et
1903 2924 2019 3006 cupide
2048 2944 2134 3007 quae
2165 2924 2234 2990 illic

237 3031 272 3074 se
294 3007 378 3072 nihil
401 3006 533 3090 profuit,
556 3015 593 3071 ut
613 3003 799 3089 hypocritas
815 3006 946 3088 longius
963 3015 1089 3071 arceret
1106 3027 1126 3071 a
1143 3005 1208 3071 Dei
1258 3006 1353 3069 offert
1371 3006 1463 3070 Deus
1478 3003 1668 3070 adiumenta
1685 3007 1724 3070 ad
1747 3029 1841 3072 sunm
1858 3030 1952 3075 nsum
1974 3009 2234 3089 accommodant,

237 3112 385 3161 accessu:
407 3091 480 3156 ideo
502 3091 577 3175 plus
599 3092 747 3157 sordium
769 3099 803 3156 et
824 3091 988 3157 foeditatis
1011 3092 1052 3157 ab
1074 3091 1139 3157 illis
1161 3092 1207 3155 la·
1258 3110 1297 3155 ac
1325 3091 1450 3156 utilitas
1488 3091 1552 3154 ista
1587 3090 1783 3156 desiderium
1813 3103 1846 3158 et
1874 3115 2020 3160 amorem
2052 3097 2086 3160 in
2117 3118 2233 3161 eorum

238 3179 345 3246 vando
367 3177 517 3244 contrahi
540 3178 648 3261 arguit
670 3177 844 3260 Propheta,
874 3177 931 3242 nbi
953 3197 1044 3242 suam
1069 3178 1207 3244 ablutio·
1258 3175 1407 3242 cordibus
1425 3176 1580 3242 accendit.
1625 3177 1780 3243 Ostendit
1798 3188 1907 3245 autem
1928 3181 2008 3247 haec
2027 3183 2236 3262 contestatio,

236 3288 311 3332 nem
334 3269 368 3329 in
391 3265 534 3347 puritate
556 3264 625 3328 fore
647 3263 849 3345 pronuntiat.
891 3275 981 3414 gropp
1004 3264 1091 3329 enim
1111 3284 1207 3330 mun·
1259 3261 1432 3340 Davidem,
1455 3262 1634 3345 quamlibet
1654 3263 1735 3329 alios
1757 3264 1822 3330 fide
1845 3267 2065 3350 praecelleret,
2088 3269 2232 3333 veritum

237 3353 349 3417 ditiem
372 3349 545 3416 cuiuslibet
567 3350 614 3413 rei
637 3349 809 3431 significat,
832 3349 888 3413 ind
910 3371 971 3432 que
995 3350 1035 3415 ad
1054 3351 1207 3416 innocen·
1231 3364 1234 3385 ¹
1259 3358 1369 3413 tamen
1398 3350 1497 3413 fnisse
1527 3369 1569 3412 ne
1597 3349 1788 3433 vulgaribus
1819 3353 1891 3417 istis
1913 3352 2115 3434 rudimentis,
2148 3374 2234 3436 quae

237 3439 316 3501 tiam
338 3436 549 3501 transfertur:
572 3434 619 3498 ita
640 3435 739 3499 inane
761 3432 907 3498 studium
930 3456 993 3517 quo
1016 3456 1051 3501 se
1068 3435 1208 3521 fatigant
1231 3390 1234 3535 Ι
1259 3432 1350 3500 Deus
1372 3435 1526 3500 ccclesiae
1548 3454 1626 3499 suae
1649 3435 1836 3515 tradiderat,
1860 3458 1933 3502 eum
1953 3439 2100 3521 privaret
2117 3449 2232 3523 tyran·

236 3523 438 3607 hypocritae,
475 3520 626 3584 videmus
655 3518 766 3598 rideri,
803 3518 859 3583 ubi
888 3539 999 3583 eorum
1034 3521 1208 3587 lotionibus
1258 3524 1333 3585 nica
1362 3518 1504 3584 hostium
1534 3520 1701 3585 violentia.
1753 3522 1838 3587 Nam
1872 3544 1906 3588 se
1937 3524 2102 3589 communi
2132 3524 2232 3590 disci-

237 3607 420 3672 detrahitur
441 3605 577 3689 puritas.
622 3604 690 3669 Nos
712 3625 791 3669 vero
814 3605 962 3687 exemplo
986 3605 1133 3685 Davidis,
1156 3617 1207 3671 ut·
1258 3605 1348 3688 plina
1370 3613 1403 3669 et
1432 3606 1544 3670 ordine
1574 3626 1656 3687 opus
1686 3605 1806 3671 habere
1839 3607 1963 3692 videns,
1995 3610 2035 3673 de
2057 3611 2233 3677 retinenda

237 3714 365 3777 cunque
397 3692 434 3755 in
468 3691 605 3756 ecclesia
637 3690 803 3754 emineant
835 3688 983 3772 improbi,
1025 3692 1208 3774 templaque
1258 3691 1372 3774 templi
1400 3691 1604 3774 possessione
1631 3690 1769 3757 sollicite
1797 3695 1975 3759 contendit.
2020 3694 2117 3761 Unde
2139 3697 2232 3761 colli·

237 3786 399 3862 occupent
420 3798 532 3843 eorum
554 3786 690 3853 turmae,
715 3777 760 3841 sic
782 3776 925 3840 colamus
944 3783 1116 3841 externam
1134 3798 1208 3860 pro·
1259 3777 1366 3859 gimus
1394 3796 1489 3858 qoam
1519 3797 1659 3858 pravum
1689 3777 1732 3840 sit
1754 3797 1865 3843 eorum
1886 3779 2054 3845 fastidium
2078 3783 2134 3864 qui
2157 3793 2231 3846 tan·

238 3865 413 3931 fessionem
442 3862 527 3941 fidei,
556 3883 598 3926 ne
619 3862 702 3927 falso
725 3861 940 3927 obtendamns
961 3870 1098 3926 externa
1120 3883 1208 3946 sym·
1258 3882 1358 3945 quam
1392 3881 1594 3946 supervacua
1637 3870 1851 3929 contemnunt
1890 3867 2023 3950 pietatis
2063 3869 2231 3948 exercitia,

239 3950 321 4030 bola,
351 3970 450 4015 verae
472 3950 602 4032 pietatis
624 3948 707 4013 looo:
738 3946 854 4012 deinde
876 3956 914 4012 nt
935 3947 975 4013 ab
998 3948 1087 4012 omni
1110 3948 1208 4013 soele·
1259 3946 1376 4031 quibus
1398 3968 1440 4011 ne
1469 3949 1538 4030 ipse
1571 3948 1701 4029 quidem
1727 3947 1834 4013 David
1856 3971 1967 4016 carere
1990 3955 2106 4036 potnit.
2150 3954 2232 4019 Fuit

238 4056 313 4098 rum
347 4035 477 4100 macula
511 4035 586 4118 puri
619 4042 651 4098 et
684 4034 780 4099 vacui
812 4033 926 4099 simus.
970 4032 1057 4114 Quia
1089 4033 1208 4116 populo
1231 4036 1235 4103 l
1259 4032 1389 4114 quidem
1419 4033 1484 4097 alia
1513 4033 1584 4097 eius
1607 4034 1762 4116 temporis
1784 4034 1879 4114 ratio,
1909 4037 2023 4114 fateor,
2054 4060 2156 4122 quum
2179 4041 2234 4108 lex

239 4120 341 4185 altare
364 4121 526 4204 attingere
547 4140 612 4184 non
632 4119 757 4199 licebat,
779 4120 996 4185 circumdandi
1010 4118 1111 4185 verbo
1129 4140 1209 4185 usus
1260 4116 1365 4183 adhuc
1387 4120 1491 4181 instar
1519 4116 1698 4202 paedagogi
1722 4130 1866 4186 veterem
1889 4124 2045 4206 populum
2068 4126 2236 4196 serviliter

239 4215 289 4271 est
312 4205 432 4270 David.
1259 4224 1338 4288 prae
1361 4204 1455 4269 nobis
1478 4216 1621 4286 regeret:
1651 4204 1712 4269 hoo
1734 4215 1843 4271 tamen
1867 4208 1959 4274 nobis
1981 4230 2155 4276 commune
2174 4224 2234 4292 est,

326 4291 356 4356 7.
380 4290 440 4376 (Ut
479 4291 591 4356 audire
626 4288 770 4375 facicm.)
823 4289 887 4353 His
922 4288 1031 4353 verbis
1067 4289 1211 4354 ostendit
1260 4288 1345 4371 qnod
1364 4288 1569 4354 adminiculis
1588 4309 1669 4372 opus
1687 4289 1785 4357 habet
1801 4293 1878 4357 fidei
1897 4304 2029 4359 nostrae
2047 4297 2234 4365 infirmitas.

239 4376 399 4443 sacrificia
421 4397 455 4440 se
478 4378 512 4439 in
534 4376 717 4458 legitimum
739 4395 834 4440 usum
859 4395 896 4439 ao
918 4375 1016 4439 finem
1039 4378 1170 4457 referre,
1191 4398 1211 4440 a
1234 4336 1237 4507 i
1261 4374 1372 4455 Quum
1395 4374 1530 4439 veroin
1560 4374 1648 4441 huno
1671 4397 1766 4442 usnm
1790 4378 2004 4445 destinaverit
2027 4382 2120 4447 nohis
2142 4384 2236 4451 Deus

240 4484 303 4547 quo
325 4461 516 4545 hypocritae
539 4461 647 4542 procul
671 4462 799 4525 absunt.
844 4459 1008 4540 Quorsum
1032 4463 1119 4525 enim
1142 4463 1211 4545 pie·
1235 4512 1238 4551 Ι
1261 4470 1330 4526 tam
1363 4466 1577 4536 sacramenta,
1615 4481 1711 4543 quam
1745 4473 1853 4528 totum
1886 4466 2043 4532 ecelesiae
2075 4468 2236 4552 ordinem,

240 4549 319 4614 tatis
348 4546 505 4612 exercitia
535 4547 713 4611 instituerit
735 4546 837 4622 Deus,
860 4546 997 4609 minime
1019 4554 1140 4624 tenent,
1163 4556 1211 4612 at·
1235 4562 1238 4613 :
1262 4566 1322 4610 vae
1343 4566 1457 4612 eornm
1488 4546 1659 4628 superbiae
1687 4549 1743 4630 qui
1771 4568 1884 4615 secure
1913 4553 2122 4618 transvolant
2149 4576 2236 4638 quae

240 4654 303 4716 qne
336 4634 436 4697 ctiam
469 4632 563 4715 parvi
595 4630 759 4712 pendunt:
793 4632 870 4712 quia
902 4631 983 4696 ‘satis
1005 4641 1056 4698 est
1078 4632 1210 4697 simula·
1263 4631 1413 4697 videmus
1444 4632 1565 4696 sanctis
1594 4632 1657 4697 Dei
1688 4635 1790 4700 servis
1823 4637 1972 4702 tantuin
1994 4639 2235 4721 pretiofnisse.

240 4719 341 4784 tionis
363 4738 515 4801 pompam
541 4715 592 4780 vel
615 4725 777 4798 spectrum
803 4719 872 4781 Deo
894 4716 1077 4782 obtrudere.
1122 4719 1211 4803 Ergo
1261 4729 1351 4868 {tyn
1380 4717 1511 4800 quidam
1535 4716 1701 4784 deducunt
1724 4720 1765 4785 ab
1786 4722 1895 4786 oculo:
1925 4733 2023 4805 atque
2044 4726 2091 4789 ita
2112 4727 2235 4809 pnlcri·

241 4802 351 4870 David
375 4802 581 4888 spiritualem
610 4801 735 4865 cultum
757 4824 775 4864 a
797 4801 917 4867 lusorio
939 4814 973 4867 et
995 4806 1069 4868 ficto
1091 4804 1211 4869 discor·
1283 4803 1414 4867 udinem
1439 4803 1489 4866 vel
1511 4802 1698 4885 adspectum
1723 4815 1872 4871 vertunt:
1895 4809 1983 4891 quod
2004 4820 2164 4893 sequutus
2186 4828 2237 4880 est

242 4910 321 4955 nere
338 4890 462 4970 volens,
479 4910 514 4953 se
532 4888 572 4952 ad
591 4887 819 4953 celebrandum
838 4888 900 4951 Dei
920 4909 1038 4953 nomen
1060 4890 1096 4954 in
1107 4895 1212 4972 temp·
1261 4898 1357 4954 vetus
1385 4889 1554 4970 interpres.
1600 4888 1666 4955 Sed
1695 4892 1772 4973 quia
1800 4890 1921 4975 ubique
1950 4895 2018 4960 fere
2046 4917 2107 4979 pro
2131 4896 2235 4965 domi-

241 4975 311 5040 lum
334 4976 450 5041 venire
468 4976 618 5040 affirmat.
663 4974 725 5039 Est
742 4984 848 5038 autem
867 4973 1069 5059 synecdoche
1088 4976 1121 5039 in
1140 4976 1211 5040 eins
1261 4974 1335 5040 cilio
1358 4978 1493 5056 capitur,
1523 4974 1606 5056 quod
1637 4977 1817 5059 simplicius
1847 4991 1926 5061 erat,
1954 4982 2096 5048 retinere
2125 4986 2235 5051 malni.

242 5061 360 5140 verbis,
380 5063 456 5144 quia
473 5062 570 5127 unica
587 5068 717 5125 tentum
736 5058 859 5143 species
880 5062 1060 5144 attingitur.
1107 5060 1211 5127 Sacri·
1261 5060 1335 5128 Iam
1358 5058 1445 5141 quod
1468 5061 1693 5125 sanctuarium
1712 5061 1827 5128 domus
1846 5063 1909 5128 Dei
1928 5076 2072 5148 vocatur,
2093 5071 2235 5138 etslocus

242 5146 323 5212 ficiis
356 5148 444 5212 enim
478 5169 543 5213 uon
576 5154 706 5212 tantum
745 5144 900 5211 mandata
929 5147 998 5215 ¹fuit
1030 5147 1211 5230 gratiarnm
1263 5144 1416 5210 domicilii
1444 5145 1567 5230 gloriae
1596 5148 1675 5222 eius,
1706 5148 1827 5213 seimus
1856 5171 1954 5232 quam
1986 5154 2174 5236 frequenter
2201 5159 2234 5223 in

243 5231 336 5314 actio,
377 5232 433 5298 sed
465 5233 563 5297 etiam
597 5231 767 5298 meditatio
798 5232 1020 5315 poenitentiae
1052 5252 1090 5299 ao
1124 5231 1208 5298 fidei.
1262 5229 1716 5314 scripturaoccurranthnius
1734 5236 1862 5318 generis
1881 5236 2096 5321 loquutiones,
2114 5243 2156 5308 ad
2175 5253 2236 5310 tea
