4658 5856
172 323 235 389 723
942 322 1159 392 psalmus
1187 324 1386 391 LXXVIII.
2107 322 2166 388 tal

171 513 326 578 traditum
355 514 417 580 fuit
445 514 539 580 nobie
561 535 580 578 a
602 514 791 597 maioribus,
822 511 1012 579 studeamus
1035 531 1141 580 trans·
1167 519 1171 559 ¹
1195 515 1343 591 Iamiam,
1373 514 1425 595 59,
1447 515 1486 580 21
1515 513 1643 579 dicens:
1673 514 1796 578 Ponam
1828 511 1963 578 verbum
1995 531 2106 576 meum
2133 510 2166 575 in

172 603 301 665 mittere
323 597 363 663 ad
386 621 500 665 corum
524 612 667 683 nepotes,
697 611 794 684 atque
817 601 879 665 hoc
900 599 995 666 modo
1017 601 1144 665 tollitur
1196 621 1251 665 ore
1281 602 1415 666 seminis
1444 602 1504 685 tui,
1533 611 1565 665 et
1594 602 1727 665 seminis
1751 599 1836 682 quod
1860 599 1936 663 inde
1958 607 2113 663 nascetur
2133 597 2166 660 in

171 686 276 751 omnis
293 687 498 770 ignorantiae
515 696 712 770 praetextus,
732 688 809 769 quia
827 685 930 751 voluit
948 684 1142 764 haecDeus,
1195 697 1389 771 perpetuum
1412 707 1524 770 usque.
1559 687 1728 752 Peculiare
1750 698 1860 749 tamen
1882 684 2009 749 interea
2031 681 2166 747 manda·

171 793 227 853 per
261 772 432 836 continuas
466 784 605 837 actatum
641 774 741 837 series
770 772 986 854 promulgari,
1021 782 1056 835 ut
1084 793 1143 854 per
1195 784 1265 837 tum
1290 773 1386 837 datur
1406 772 1563 856 patribus,
1590 784 1628 836 ut
1650 771 1770 854 singuli
1793 792 1868 836 suus
1892 770 2034 835 familias
2057 767 2167 832 sedulo

169 857 317 941 singulas
340 857 479 923 familias
497 857 536 922 de
555 879 653 922 manu
671 859 705 922 in
724 879 856 922 manum
877 857 1078 935 transmissa,
1101 857 1141 922 ad
1195 858 1361 922 erudiant:
1395 873 1428 923 et
1459 861 1640 943 promiscue
1671 870 1844 923 monentur
1872 876 2001 932 omnes,
2036 874 2166 937 operam

169 943 301 1008 ultimos
323 964 428 1026 usque
448 944 667 1026 pervenirent.
712 944 807 1008 Finis
828 944 926 1008 ctiam
949 944 1141 1021 ostenditur,
1196 944 1281 1010 hanc
1311 944 1532 1027 gratissimam
1560 964 1630 1009 esse
1653 942 1733 1021 Deo,
1766 943 1794 1007 si
1824 962 1941 1006 nomen
1965 942 2039 1005 nius
2062 955 2167 1004 trans·

169 1042 207 1093 ut
225 1029 411 1094 celebrarent
429 1028 538 1094 laudes
555 1028 629 1108 Dei,
652 1033 680 1093 et
697 1030 910 1107 fortitudinem
927 1030 961 1092 in
978 1029 1142 1094 miraculis
1194 1035 1322 1094 mittere
1351 1028 1502 1094 studeant
1531 1028 1570 1094 ad
1601 1038 1724 1093 aetates
1754 1029 1888 1093 futuras.
1933 1027 2050 1110 Neque
2080 1025 2166 1089 enim

169 1116 269 1180 editis.
315 1115 488 1180 Caeterum
521 1116 596 1196 quia
618 1135 794 1180 consensus
818 1115 985 1178 hominum
1009 1115 1049 1179 ad
1073 1115 1139 1196 ple·
1192 1137 1312 1199 paucos
1341 1124 1470 1181 tantum
1501 1115 1649 1198 designat
1678 1115 1729 1179 his
1752 1115 1861 1178 verbis
1883 1113 2061 1196 Propheta,
2091 1111 2167 1175 Filii

169 1221 245 1264 nam
275 1200 440 1265 doctrinae
463 1200 559 1264 fidem
583 1222 648 1264 nou
672 1201 845 1279 sufficeret,
873 1201 1033 1283 propheta
1055 1201 1140 1264 ultra
1192 1204 1246 1284 qui
1269 1216 1442 1266 nascentur
1465 1214 1618 1284 surgant:
1649 1200 1704 1265 sed
1728 1212 1887 1283 quotquot
1908 1210 2099 1275 nascuntur,
2120 1209 2167 1260 to-

169 1286 386 1370 progreditur,
412 1285 521 1349 Deum
546 1296 692 1350 autorem
717 1286 846 1350 faciens.
891 1287 1006 1350 Refert
1029 1288 1139 1369 igitur,
1193 1288 1293 1352 tidem
1328 1288 1398 1350 vult
1429 1307 1607 1370 praecones
1640 1306 1856 1365 succrescere,
1895 1306 2033 1368 quorum
2069 1303 2166 1366 opera

168 1383 278 1455 patros
301 1393 364 1434 non
387 1393 447 1435 suo
469 1372 613 1449 arbitrio,
643 1373 699 1436 sed
723 1370 786 1435 Dei
809 1372 962 1436 mandato
985 1371 1140 1437 imbuisse
1192 1394 1320 1457 semper
1342 1375 1457 1437 floreat
1479 1394 1516 1437 ac
1539 1373 1647 1457 vigeat
1670 1393 1752 1456 pura
1774 1371 1898 1455 religio.

168 1458 252 1523 filios
273 1457 334 1522 hac
357 1455 511 1521 doctrina.
556 1456 649 1537 Quod
673 1462 822 1522 statutum
844 1463 872 1522 et
892 1457 986 1541 legem
1007 1458 1138 1540 quidam

168 1543 208 1606 ad
242 1555 446 1625 praesentem
481 1543 701 1606 narrationem
736 1545 897 1623 referunt,
930 1543 1015 1624 quod
1047 1543 1140 1607 Deus
1278 1544 1307 1608 t.
1338 1544 1378 1610 Ut
1400 1549 1524 1626 portent
1552 1545 1587 1609 ia
1609 1543 1678 1608 Deo
1701 1562 1785 1624 apem
1808 1562 1908 1622 mom,
1936 1561 2034 1623 ireque
2057 1540 2168 1606 obiici·

167 1630 312 1711 posucrit
330 1629 494 1693 decretum
515 1631 549 1692 in
563 1627 660 1693 Iacob
672 1629 776 1693 instar
788 1629 921 1712 regulae
932 1629 1139 1700 inviolabilis,
1191 1634 1318 1696 scantia
1345 1651 1472 1710 operum
1500 1629 1573 1708 Dei,
1603 1635 1630 1693 et
1656 1633 1692 1692 ct
1720 1629 1871 1693 mendam
1901 1629 1969 1692 eice
2000 1626 2166 1691 mamert.

167 1725 204 1778 ut
234 1735 362 1796 semper
384 1715 418 1777 in
442 1734 497 1778 oro
520 1715 665 1777 omnium
687 1725 819 1779 sonaret
842 1714 990 1779 liberatio
1011 1715 1138 1797 populi:
1193 1716 1223 1781 8.
1247 1715 1371 1780 Erana
1392 1717 1456 1780 sirit
1476 1715 1559 1780 ιιοιι
1574 1718 1682 1796 patres
1703 1716 1764 1791 arri,
1790 1715 1947 1797 promotio
1967 1713 2121 1795 desertrix
2141 1718 2168 1775 et

166 1801 264 1866 nimis
285 1800 414 1863 videtur
437 1800 632 1865 restrictum.
666 1799 781 1882 Itaque
802 1799 841 1864 ad
862 1801 967 1884 legem
982 1801 1137 1883 scriptam
1193 1821 1394 1884 exasperans,
1419 1802 1579 1884 generatio
1608 1821 1687 1883 quoe
1703 1818 1769 1864 aon
1791 1800 1910 1864 direxit
1930 1819 1984 1864 cor
2005 1818 2110 1871 mum,
2140 1804 2168 1862 et

166 1885 316 1962 extendo,
344 1905 425 1967 quae
449 1895 557 1949 tamen
581 1887 792 1968 expertein
817 1886 879 1950 hoc
902 1885 1073 1963 datafuit,
1103 1899 1139 1950 ut
1192 1889 1281 1952 euius
1310 1889 1444 1968 spiritus
1468 1886 1570 1968 fidelis
1596 1907 1657 1950 noa
1684 1886 1748 1967 suit
1774 1906 1848 1968 erpa
1872 1884 1984 1950 Deam.
2029 1884 2062 1969 9„
2087 1882 2168 1948 Filii

166 1971 398 2053 redemptionis
421 1973 577 2034 momoria
605 1971 760 2052 populum
784 1970 841 2052 qui
862 1972 961 2036 semel
983 1971 1138 2037 collectus
1193 1973 1352 2054 Ephraim
1381 1974 1497 2037 arctati
1525 1972 1697 2036 fonticolas
1726 1990 1802 2035 areu
1831 1972 1913 2036 versi
1941 1975 2014 2034 sunt
2048 1972 2085 2033 ia
2116 1970 2167 2034 die

166 2058 280 2135 fuerat,
311 2058 467 2120 retineret
494 2057 554 2121 sub
577 2056 640 2120 Dei
668 2058 832 2138 obseqqu.
877 2057 1038 2140 Intelligit
1060 2079 1137 2141 ergo
1185 2060 1309 2141 proelii.
1355 2058 1405 2123 10.
1431 2058 1503 2123 Noa
1530 2058 1739 2122 custodierunt
1763 2058 1872 2138 foedus
1892 2056 1965 2134 Dei,
1994 2056 2082 2121 etin
2103 2055 2167 2138 lege

165 2143 323 2226 propheta
354 2141 461 2205 Deum
492 2163 558 2206 non
588 2142 683 2207 modo
712 2145 835 2225 potenti
869 2165 968 2207 mauu
999 2143 1135 2208 Iudaeos
1189 2145 1257 2209 dus
1278 2149 1460 2209 recusarunt
1479 2141 1649 2209 ambulare.
1695 2143 1744 2206 11.
1769 2141 1814 2206 Et
1835 2141 1921 2205 obliti
1942 2149 2015 2207 curet
2035 2160 2165 2222 operum

166 2228 226 2294 sibi
260 2228 449 2310 acquisisse,
482 2227 538 2292 sed
567 2229 753 2311 obsignasse
783 2250 874 2293 suam
906 2229 1061 2313 gratiam,
1095 2250 1137 2293 ne
1189 2231 1268 2310 eius,
1289 2236 1317 2295 et
1336 2228 1529 2295 mirabilium
1550 2250 1630 2312 quoe
1650 2228 1780 2293 ostendit
1800 2228 1875 2292 illia.

164 2334 308 2397 unquam
342 2313 527 2377 aboleretur
560 2315 630 2378 cius
663 2315 788 2379 notitia.
845 2315 890 2379 Et
923 2326 1011 2380 certe
1044 2317 1136 2397 quasi

165 2400 301 2482 publicis
325 2400 445 2463 talrulis
467 2401 655 2481 consignata
676 2400 748 2475 fuit,
773 2399 827 2464 ubi
850 2401 1033 2484 perlegam
1056 2403 1134 2466 scri·
1275 2401 1303 2466 7.
1328 2399 1388 2487 (Ur
1399 2399 1542 2486 porcat.)
1575 2400 1678 2466 Usum
1699 2399 1865 2466 doctrinae
1882 2407 1988 2462 notat:
2014 2397 2163 2461 Primum

162 2498 254 2568 ptam
277 2486 436 2549 sancitum
461 2485 523 2549 fuit
545 2484 668 2563 foedus,
692 2499 728 2549 ut
750 2487 872 2551 scirent
889 2488 1011 2569 posteri
1029 2486 1135 2551 Abra·
1190 2497 1225 2551 ut
1248 2502 1314 2551 tam
1338 2490 1479 2569 pretioso
1502 2486 1621 2551 laboris
1639 2486 1689 2549 sui
1709 2486 1814 2550 fructu
1834 2484 1972 2548 alacrius
1989 2484 2164 2548 stimulen-

163 2571 225 2636 hac
258 2592 293 2635 se
322 2571 362 2634 ah
392 2570 465 2634 aliis
492 2571 646 2653 gentibus
674 2572 772 2636 fuisse
801 2584 997 2654 segregatos.
1049 2572 1134 2636 Nam
1189 2585 1243 2636 tur
1264 2582 1374 2654 patres
1396 2572 1438 2637 ad
1459 2572 1545 2637 filios
1568 2571 1738 2649 docendos,
1766 2571 1822 2636 ubi
1844 2590 1879 2635 se
1902 2578 1935 2634 et
1956 2590 2079 2652 purum
2102 2567 2162 2632 Dei

162 2671 273 2721 tencre
303 2655 461 2719 duntaxat
491 2656 611 2719 nudam
635 2655 804 2720 historiam
829 2677 936 2721 rerum
961 2667 1135 2736 gestarum,
1188 2657 1312 2721 cultum
1336 2678 1489 2736 asserere,
1512 2670 1544 2722 ct
1566 2658 1707 2723 filiorum
1734 2657 1831 2722 saluti
1850 2654 2020 2721 consulere
2039 2654 2163 2719 vident.

162 2763 215 2807 res
234 2743 347 2806 fuisset
365 2742 447 2805 levis
465 2742 632 2819 momenti,
655 2742 717 2806 uisi
737 2741 777 2804 ad
797 2743 972 2823 gratuitam
989 2742 1134 2825 adoptio·
1188 2742 1318 2807 Deinde
1355 2755 1392 2807 ut
1420 2744 1477 2807 filii
1507 2744 1649 2809 vicissim
1681 2745 1803 2807 maiore
1833 2741 1994 2805 desiderio
2024 2741 2163 2817 accensi,

163 2848 238 2892 nem
269 2828 402 2908 eiusque
432 2826 574 2889 fructum
604 2836 813 2909 spectassent.
859 2827 931 2892 Hoc
960 2829 1135 2911 igiturest
1188 2830 1344 2892 festinent
1369 2828 1407 2892 ad
1432 2827 1632 2904 discendum,
1665 2849 1770 2911 neque
1793 2837 1957 2910 vagentur
1978 2827 2013 2890 iu
2036 2826 2164 2890 frivolis

164 2913 341 2987 decretum,
369 2924 403 2975 ut
426 2925 535 2995 patres
559 2913 639 2995 legis
661 2911 807 2977 doctrina
828 2913 954 2989 imbuti,
978 2914 1070 2996 quasi
1092 2935 1135 2978 ex
1187 2914 1477 2995 speculationibus,
1510 2913 1567 2978 sed
1595 2914 1636 2978 ad
1666 2925 1789 2978 rectum
1819 2933 1953 2995 scopum
1983 2910 2161 2977 collimant.

163 3020 219 3064 orc
247 2997 319 3075 Dei,
350 2997 426 3061 filiis
454 3008 719 3077 commemorent,
748 3020 784 3063 se
812 3019 876 3063 nou
908 2999 1003 3063 modo
1033 3001 1134 3065 semel
1187 3001 1250 3065 Eat
1283 3000 1370 3064 enim
1400 3000 1456 3064 illa
1482 2999 1598 3064 infelix
1625 3010 1660 3063 et
1688 3000 1807 3064 misera
1838 2998 1995 3082 fatigatio,
2030 3017 2163 3079 semper

162 3086 262 3150 fuisso
292 3083 492 3165 redemptos,
520 3082 576 3147 scd
606 3084 755 3149 collectos
785 3085 817 3148 in
849 3106 950 3150 unum
981 3085 1134 3151 ecclesiae
1186 3086 1327 3165 discere,
1359 3094 1396 3150 ut
1424 3107 1593 3166 nunquam
1627 3085 1668 3149 ad
1701 3085 1870 3150 scientiam
1905 3083 2053 3147 veritatis
2088 3104 2163 3164 per·

161 3191 287 3253 corpus,
310 3182 347 3233 ιιι
368 3168 478 3233 Deum
500 3168 706 3234 liberatorem
729 3182 842 3235 sancte
865 3192 1008 3254 pureque
1030 3173 1134 3235 omni·
1186 3173 1309 3247 ronias,
1340 3171 1369 3237 2.
1392 3172 1475 3236 uin.
1505 3172 1535 3248 3,
1559 3172 1588 3236 I.
1633 3172 1722 3254 Ergo
1751 3191 1851 3253 quum
1881 3168 2030 3233 audimus
2061 3188 2162 3250 quor·

161 3258 221 3322 bus
243 3254 380 3320 saeculis
407 3255 562 3320 colerent.
616 3255 815 3321 Particulam
845 3270 937 3340 m
969 3259 1134 3341 exegetica
1186 3278 1257 3322 sum
1290 3257 1342 3321 lex
1373 3257 1493 3321 tradita
1523 3258 1574 3334 sit,
1606 3257 1682 3322 hinc
1713 3257 1867 3338 colligere
1893 3264 2082 3337 promptum
2111 3266 2163 3319 est

162 3342 224 3407 hoc
246 3342 314 3404 loco
337 3341 474 3422 positam
497 3361 568 3405 esse
590 3362 654 3404 non
674 3341 794 3417 dubito,
817 3362 877 3425 pro
899 3364 1025 3426 nempe.
1062 3344 1134 3427 Ego
1186 3363 1343 3426 quaenam
1368 3363 1445 3407 vere
1472 3344 1515 3408 sit
1537 3353 1636 3425 atque
1658 3342 1747 3406 utilis
1771 3344 1831 3406 rito
1853 3339 2043 3423 proficiendi
2066 3341 2159 3405 ratio.

160 3425 286 3492 reddidi
309 3445 366 3508 per
388 3426 471 3507 quia,
501 3425 584 3508 quod
608 3427 693 3490 idem
718 3426 813 3491 valet.
857 3427 1012 3491 Proximo
1036 3450 1131 3493 versu
1186 3428 1287 3510 Spem
1318 3447 1395 3492 vero
1425 3428 1508 3493 locat
1536 3429 1569 3492 in
1599 3449 1727 3493 summo
1756 3427 1878 3511 gradu:
1909 3424 2027 3490 deinde
2047 3426 2161 3490 obser·

160 3515 332 3578 confirmat
353 3510 438 3592 quod
463 3510 548 3574 dixit
570 3509 609 3575 de
632 3521 788 3594 perpetuu
812 3511 979 3578 doctrinae
1007 3535 1133 3579 succes·
1186 3518 1352 3578 rationem
1385 3514 1615 3578 mandatorum
1652 3513 1771 3596 exigit:
1805 3511 1912 3577 medio
1944 3520 2054 3575 autem
2091 3512 2160 3576 loeo

161 3604 260 3664 sione.
305 3595 389 3660 Nam
420 3596 481 3661 hoc
509 3598 593 3661 scire
621 3611 733 3661 nostra
761 3617 958 3681 magnopere
986 3599 1133 3680 interest,
1186 3601 1302 3664 statuit
1330 3600 1519 3664 memoriam
1548 3621 1683 3682 operum
1709 3599 1778 3675 Ilei,
1809 3618 1893 3680 quae
1920 3596 1960 3660 ad
1984 3595 2059 3661 fidei
2083 3618 2160 3662 oon·

161 3707 226 3750 uon
260 3684 314 3746 uni
343 3693 470 3745 tantum
494 3683 622 3746 sacculo
655 3681 764 3747 datam
795 3684 893 3747 fuisse
927 3684 1042 3767 legem,
1076 3685 1133 3749 sed
1186 3686 1403 3750 firmationem
1439 3686 1541 3769 valet,
1582 3687 1674 3768 quasi
1713 3685 1849 3763 diceret,
1889 3682 1975 3747 hanc
2007 3682 2161 3747 coelest-ie

160 3791 254 3852 qriam
267 3774 378 3850 potres
395 3767 438 3831 cd
453 3767 538 3848 filios
554 3769 796 3833 transmitterent
807 3769 899 3850 quasi
916 3769 1133 3835 haereditario
1185 3771 1363 3852 saplentiae
1392 3791 1462 3835 esse
1493 3792 1670 3850 summam,
1700 3782 1737 3833 ut
1765 3768 1904 3853 populus
1933 3768 2005 3832 Deo
2036 3768 2161 3834 affixus

160 3860 241 3935 lure,
264 3875 305 3918 ne
328 3874 469 3936 unquam
488 3855 706 3932 intercideret,
729 3854 786 3919 sod
804 3867 969 3938 superstes
987 3867 1133 3921 maneret
1185 3859 1312 3922 sincera
1342 3855 1407 3921 fide
1436 3877 1512 3920 eum
1541 3857 1681 3933 invocet,
1715 3867 1821 3937 atque,
1855 3854 1990 3918 alendae
2021 3854 2161 3919 fiduciae

161 3962 262 4026 usque
293 3939 332 4004 ad
363 3941 461 4003 finem
491 3939 614 4004 mundi.
658 3940 750 4004 Haec
777 3941 860 4004 ratio
890 3950 940 4006 est
968 3961 1027 4006 cur
1047 3944 1133 4008 dicat
1186 3964 1263 4008 suae
1292 3963 1398 4019 causa,
1429 3941 1624 4007 meditandis
1653 3943 1723 4006 eius
1745 3940 1912 4006 benefieiis
1935 3960 1969 4004 se
1990 3951 2159 4004 exerceat:

160 4028 300 4100 Paulus,
329 4024 355 4088 Ι.
378 4025 461 4089 Tim.
490 4025 528 4102 3,
559 4027 616 4102 15,
650 4026 818 4090 ecclesiam
848 4048 918 4091 esse
946 4028 1132 4092 columnam
1185 4027 1303 4092 deinde
1321 4038 1356 4091 ut
1374 4050 1408 4093 se
1426 4049 1506 4111 pure
1525 4027 1653 4091 addicat
1671 4027 1706 4090 in
1722 4028 1791 4090 eius
1807 4026 2008 4108 obsequium.
2040 4024 2159 4090 (laets-

160 4130 192 4180 ct
214 4114 455 4177 firmamentum
480 4112 641 4177 veritatis:
670 4132 735 4175 nou
758 4111 844 4193 quod
866 4134 924 4195 per
946 4135 980 4177 sc
1003 4115 1133 4178 infirma
1186 4136 1258 4178 rum
1289 4114 1365 4179 hinc
1395 4113 1557 4177 discamus
1585 4113 1766 4195 legitimum
1797 4111 1860 4175 Dei
1890 4112 2013 4176 cultum
2044 4132 2064 4175 a
2096 4111 2160 4175 fids

160 4203 217 4276 sit,
257 4196 308 4261 vel
348 4195 494 4278 indigeat
524 4198 637 4261 alienis
671 4196 837 4273 subsidiis,
879 4198 934 4261 sed
967 4200 1042 4280 quia
1076 4221 1132 4282 per
1185 4201 1344 4281 incipere:
1366 4200 1442 4281 quia
1464 4199 1636 4281 praecipua
1655 4197 1853 4264 honorissui
1871 4196 2160 4280 partefraudatur,

160 4284 328 4351 minist-ros
350 4300 422 4343 cam
445 4280 536 4346 Deus
559 4291 726 4366 propagat,
750 4283 901 4365 quidum
925 4285 1065 4349 fideliter
1083 4289 1131 4348 in·
1185 4287 1213 4350 si
1235 4286 1300 4350 alio
1323 4286 1549 4348 transferimus
1571 4306 1644 4366 spes
1668 4296 1806 4349 nostras.
2086 4289 2090 4298 '

160 4372 319 4438 cumbunt
348 4366 382 4429 iu
406 4387 524 4430 munus
547 4367 691 4445 docendi,
721 4367 958 4451 quodammodo
981 4370 1048 4434 suis
1071 4371 1133 4436 hu·
1271 4375 1301 4434 8.
1322 4367 1658 4454 (transiissent)
1691 4368 2160 4435 Haccircumstantiamelius

162 4459 261 4522 meris
292 4454 458 4519 sustinent
490 4454 673 4517 veritatem.
726 4455 890 4518 Admonet
922 4465 1029 4519 autem
1061 4477 1133 4539 pro·
1186 4456 1339 4520 admonet
1372 4475 1469 4538 quam
1502 4458 1685 4520 necessaria
1719 4457 1762 4520 sit
1797 4455 1877 4519 haec
1909 4454 2035 4533 concio,
2072 4454 2159 4536 quod

162 4544 272 4628 pheta,
294 4538 434 4603 dandam
454 4557 524 4602 csse
547 4560 688 4619 operam,
711 4551 750 4603 ut
771 4542 804 4602 ιιι
823 4539 980 4604 obeundis
999 4541 1132 4606 docendi
1185 4543 1309 4607 scilicet
1335 4542 1498 4625 proclives
1529 4541 1596 4606 sint
1623 4542 1736 4605 Iudaei
1764 4540 1805 4604 ad
1834 4539 2063 4622 delectionem,
2095 4540 2160 4604 nisi

161 4627 308 4714 partibus
331 4625 386 4689 alii
410 4624 484 4688 aliis
506 4625 724 4689 succederent.
770 4623 1052 4704 Quemadmodum
1075 4629 1134 4711 igi·
1186 4629 1289 4692 firmis
1318 4626 1459 4691 vinculis
1488 4629 1701 4691 retineantur.
1746 4626 1830 4690 Nam
1855 4645 1913 4707 pro
1935 4626 2081 4691 confesso
2105 4646 2160 4690 su·

163 4733 216 4780 tur
256 4714 328 4794 lege
366 4710 510 4776 nondum
552 4710 686 4791 scripta,
731 4707 770 4773 de
804 4710 970 4776 Abraham
1005 4712 1132 4789 dicitur,
1186 4714 1247 4777 mit
1288 4712 1392 4776 nihilo
1425 4713 1559 4776 meliore
1593 4712 1756 4795 praeditos
1789 4732 1860 4775 esse
1894 4711 2025 4794 ingenio
2060 4732 2158 4793 quam

164 4801 247 4866 Gen.
272 4799 322 4878 18,
347 4797 402 4861 19:
436 4796 592 4860 Instituet
624 4794 708 4858 filios
731 4816 806 4860 suos
829 4797 862 4860 in
887 4798 959 4877 viis,
985 4810 1018 4861 et
1040 4819 1132 4862 man·
1186 4811 1305 4881 patres,
1337 4819 1416 4879 quos
1450 4797 1527 4863 dicit
1557 4798 1704 4880 perfidos,
1739 4797 1884 4878 rebelles,
1919 4806 2091 4873 tortuosos,
2127 4808 2161 4862 et

164 4887 248 4950 datis
278 4895 311 4947 et
335 4883 516 4966 praeceptis
544 4881 692 4946 Dominis
723 4881 770 4944 ita
799 4894 873 4965 post
902 4885 971 4946 eius
994 4896 1132 4949 mortem
1187 4886 1411 4966 immorigeros
1440 4884 1550 4949 fuisse.
1595 4883 1714 4948 Statim
1743 4883 1843 4964 igitur
1866 4881 2063 4960 diffluerent,
2095 4884 2160 4948 nisi

163 4973 310 5036 iniuncta
341 4968 534 5050 patriarchis
567 4968 631 5031 fuit
663 4966 775 5030 eadem
808 4970 993 5034 necessitas.
1043 4971 1134 5053 Lege
1187 4971 1326 5036 assiduis
1356 4970 1485 5034 fulturis
1505 4971 1776 5033 confirmarentur
1799 4988 1910 5032 eorum
1932 4967 2042 5033 corda.
2087 4968 2160 5033 lmo

164 5057 230 5121 lata
257 5053 440 5121 sacerdotes
468 5054 622 5135 praefecit
654 5053 743 5118 Deus
771 5053 924 5118 ecclesiae
953 5074 1044 5131 suae,
1079 5057 1135 5138 qui
1187 5055 1270 5138 quod
1301 5054 1462 5118 Horatius
1495 5054 1536 5118 de
1567 5072 1664 5138 gente
1697 5075 1756 5117 sua
1789 5054 1917 5133 scribit,
1952 5054 2160 5137 experientia

165 5142 284 5225 publici
313 5146 423 5204 essent
447 5141 594 5222 magistri
617 5151 650 5202 et
671 5139 826 5203 doctores.
871 5139 944 5205 Hoc
966 5140 1053 5204 idem
1075 5142 1134 5206 sub
1188 5141 1389 5205 demonstrat
1421 5139 1540 5222 ubique
1575 5162 1687 5205 verum
1720 5160 1811 5204 esee:
1853 5144 1950 5204 Aetas
1985 5152 2158 5222 parentum

164 5247 267 5312 regno
297 5224 420 5291 Ohrieti
452 5245 522 5290 csse
554 5225 792 5290 observandum
825 5236 964 5291 testatus
997 5238 1046 5292 est
1077 5248 1136 5310 per
1187 5229 1278 5310 peior
1306 5227 1377 5291 avis
1407 5225 1482 5290 tulit
1503 5226 1573 5291 Nos
1598 5227 1784 5308 nequiores,
1817 5246 1895 5290 mox
1917 5225 2054 5293 daturos
2077 5227 2160 5290 Pro·
