4658 5856
111 343 173 409 scr
360 320 362 324 ‘
917 344 1134 414 Psnnuus
1156 347 1284 414 nuru.
2036 346 2099 416 eoa

110 548 239 603 enecat:
269 532 407 598 alterum
440 552 514 598 uero
567 531 629 599 uod
658 534 794 599 uredine
823 543 856 598 et
885 546 978 600 aestu
1005 556 1081 602 oon·
1131 550 1264 619 apparet
1297 558 1392 622 quam
1425 538 1547 604 furiose
1580 538 1614 602 iu
1645 538 1715 603 eius
1747 539 1920 621 perniciem
1955 548 2097 604 ruerent

110 624 211 691 sumit
241 631 350 704 partes
375 619 497 684 vitales.
542 556 666 686 bencus
688 641 767 704 ergo
789 632 848 696 est,
881 621 988 687 hostes
1010 620 1079 687 Da·
1130 623 1285 688 Proximo
1310 643 1407 688 versu
1427 637 1460 688 ιι
1481 624 1554 688 aliis
1576 623 1788 707 sequentibus
1808 624 1943 690 eandem
1967 635 2098 689 senten·

110 708 196 774 vidis
220 717 380 771 venenata
403 704 528 770 malitia
549 705 590 770 ad
614 705 795 772 nocendum
880 727 920 772 ue
943 706 1079 773 refertos
1131 709 1207 772 tiam
1237 709 1455 792 prosequitur,
1484 720 1517 774 et
1546 708 1723 792 aptissimis
1752 708 2019 777 similitudinibus
2040 730 2098 774 ex·

110 816 181 861 esse
212 814 250 858 ac
278 798 456 874 serpentes.
508 790 746 856 veteratoriam
781 791 897 857 deine
926 793 1079 858 astutiam
1130 805 1235 859 ornat.
1279 795 1428 860 Primum
1459 803 1551 879 rogat
1580 806 1618 860 nt
1640 814 1695 860 ecs
1717 794 1866 862 diffluere
1888 796 1984 863 faciat
2007 793 2098 859 Deus

110 879 294 964 expressius
313 875 472 960 designat,
494 876 617 942 similes
638 897 709 943 esse
731 875 842 943 disens
863 878 971 943 surdis
993 879 1079 961 aspi·
1130 898 1287 962 aquarum
1306 883 1419 960 instar,
1441 879 1502 946 hoe
1521 890 1572 945 est
1587 901 1686 963 quam
1703 880 1870 947 citissime.
1905 880 1981 963 Quo
1998 878 2098 945 verbo

110 967 215 1044 dibus,
237 982 320 1048 quae
342 981 437 1027 aures
454 982 531 1028 suas
549 961 589 1026 ad
606 983 715 1029 vocem
734 962 971 1029 incantantium
991 963 1078 1029 olan·
1130 986 1194 1029 non
1225 964 1393 1050 vulgarem
1423 964 1521 1031 iidem
1551 975 1689 1032 testatus
1718 974 1777 1032 ast.
1822 966 1965 1031 Videbat
1987 965 2098 1031 hostes

110 1053 211 1117 dunt:
238 1070 275 1115 ac
304 1048 331 1111 si
354 1047 485 1125 diceret,
513 1069 578 1112 non
602 1068 674 1113 esse
694 1069 735 1113 ex
758 1049 859 1134 vulgo
878 1061 1078 1134 serpentum,
1130 1068 1204 1116 suos
1237 1051 1366 1135 magnis
1398 1051 1498 1134 copiis
1532 1061 1566 1116 et
1596 1052 1711 1134 opibus
1743 1053 1933 1119 instructos:
1966 1048 2098 1117 videbat

110 1137 164 1204 sed
197 1135 324 1201 vafritie
352 1132 752 1216 superare-callidissimus
774 1155 919 1218 quasque
940 1134 1078 1218 aspides,
1130 1136 1205 1201 altis
1220 1134 1384 1203 radicibus
1401 1137 1508 1213 inniti,
1526 1149 1560 1201 et
1574 1136 1695 1219 optime
1710 1134 1883 1203 fundatum
1900 1159 1970 1205 esse
1986 1156 2098 1203 corum

110 1243 193 1308 qnae
214 1221 275 1288 sibi
294 1239 313 1282 a
332 1239 500 1302 magorum
522 1218 649 1285 insidiis
671 1229 796 1286 carent.
835 1219 961 1303 Siquis
982 1241 1078 1303 quae·
1129 1221 1245 1287 robur:
1264 1221 1401 1305 deniqne
1421 1221 1551 1288 videbat
1568 1223 1674 1288 saxeis
1693 1222 1860 1289 montibus
1878 1222 2096 1290 essesimiles:

109 1323 170 1388 rat,
192 1329 234 1373 an
256 1306 358 1390 igitur
380 1306 423 1369 sit
440 1325 494 1369 ars
515 1304 623 1404 aliqua
643 1304 850 1371 incantandi:
874 1305 1077 1390 Respondes,
1128 1308 1195 1373 imo
1230 1329 1330 1392 quum
1365 1317 1451 1374 totus
1485 1308 1623 1391 populns
1656 1321 1742 1375 esset
1774 1309 1941 1392 intensus,
1977 1306 2098 1374 multas

109 1397 137 1462 si
160 1393 271 1460 nullae
293 1402 402 1456 essent
424 1391 671 1469 incantationes,
698 1391 825 1474 puerile
846 1401 880 1456 et
899 1390 1077 1458 absurdum
1130 1414 1227 1477 rupes
1248 1395 1310 1459 sibi
1332 1392 1464 1460 videbat
1485 1394 1658 1477 oppositas,
1680 1414 1817 1477 quarum
1840 1406 2033 1477 conspectus
2050 1395 2099 1458 in·

109 1482 177 1547 fore
204 1476 290 1563 qnod
319 1475 371 1542 hic
402 1476 529 1558 dicitnr,
557 1487 702 1542 sumeret
730 1478 818 1543 anim
844 1499 885 1542 ex
909 1477 1011 1543 nihilo
1033 1478 1077 1543 si·
1129 1479 1221 1564 genti
1248 1490 1372 1545 terrere
1401 1479 1539 1546 deiicere
1566 1491 1694 1563 poterat
1716 1480 1786 1545 aius
1808 1481 1963 1546 animum.
2008 1478 2097 1563 Ergo

109 1564 346 1632 militudinem:
378 1561 441 1626 nisi
470 1563 553 1626 forte
575 1562 680 1645 magis
701 1564 828 1645 placcat
848 1584 890 1628 ex
912 1562 1078 1629 communi
1131 1565 1238 1630 Deum
1271 1567 1397 1648 precari
1429 1578 1466 1630 ut
1495 1576 1620 1630 tantam
1651 1564 1805 1631 duritiem
1835 1565 2032 1648 liquefaciat,
2065 1575 2098 1629 ιι

109 1652 202 1736 vulgi
220 1668 329 1716 errore
347 1647 517 1730 loquutum
533 1666 603 1711 esse
614 1646 788 1713 Davidem.
811 1648 951 1714 Videtur
967 1658 1077 1713 tamen
1130 1651 1278 1716 diffluere
1311 1651 1408 1717 saciat
1439 1660 1507 1716 tam
1538 1649 1656 1716 arduas
1686 1650 1803 1729 moles,
1836 1671 1930 1717 rarae
1962 1650 2032 1732 spei
2065 1658 2098 1715 et

109 1741 247 1805 innuere
286 1733 416 1800 luscinis
452 1732 614 1798 incantari
653 1747 836 1816 serpentes:
875 1733 973 1817 idque
1007 1735 1078 1800 sina
1129 1736 1331 1802 constantiae
1352 1737 1430 1801 fnit:
1453 1756 1506 1802 res
1523 1738 1611 1802 enim
1629 1749 1701 1802 erat
1719 1735 1930 1816 incredibilis,
1953 1735 2017 1802 nisi
2033 1733 2098 1800 Dei

109 1822 253 1909 periculo
274 1820 372 1885 fateri
395 1818 482 1885 licet.
514 1823 626 1901 Atque
648 1818 725 1884 olim
748 1819 846 1885 Marsi
864 1819 924 1886 hae
942 1820 1078 1886 scientia
1130 1823 1308 1905 potentiam
1337 1822 1508 1888 extulisset
1536 1841 1635 1906 supra
1656 1822 1766 1888 omnia
1781 1821 1901 1887 mnndi
1922 1820 2096 1888 obstacula

110 1909 231 1993 pollere
253 1909 287 1971 in
310 1905 405 1970 Italia
427 1903 542 1970 crediti
560 1916 646 1970 sunt.
680 1903 779 1970 Certe
795 1909 823 1971 si
841 1905 952 1972 nullae
969 1916 1078 1971 essent
1131 1906 1286 1990 Sequitur
1314 1908 1417 1973 altera
1443 1906 1632 1984 similitudo,
1661 1919 1699 1973 ιιι
1720 1907 1803 1972 irriti
1826 1927 1940 1973 eorum
1962 1919 2098 1973 conatus

109 1991 379 2067 incantantiones‚
401 1989 527 2055 frustra
547 1989 619 2073 lege
637 1988 701 2054 Dei
723 1991 904 2075 prohibitae
926 2011 964 2058 ac
986 1991 1076 2056 dam-
1129 1993 1255 2059 abeant
1300 1991 1424 2059 Sensus
1446 1993 1533 2058 enim
1556 1992 1730 2059 verborum
1753 2004 1819 2059 est:
1853 1993 1963 2074 Quum
1985 2012 2098 2058 arcum

108 2092 205 2148 natae
226 2075 542 2159 essent,Deut.18,
567 2077 617 2140 11.
650 2074 763 2158 Neque
784 2088 895 2143 tamen
917 2078 1077 2142 rationem
1128 2099 1225 2145 sunm
1247 2077 1459 2157 intenderint,
1483 2089 1520 2143 ut
1540 2079 1678 2163 sagittae
1697 2080 1818 2144 frustra
1836 2077 2008 2145 concidant
2026 2089 2100 2143 tan·

109 2168 162 2233 vel
184 2175 288 2231 artem
310 2183 381 2229 asse
398 2161 537 2228 concedo
555 2160 590 2225 in
608 2159 884 2240 fascinationibus,
907 2162 961 2228 sed
979 2162 1078 2229 meris
1128 2184 1224 2247 quam
1242 2165 1435 2230 confractae.
1468 2163 1558 2246 Quia
1575 2184 1653 2248 ergo
1671 2164 1885 2248 implacabilis
1902 2174 2097 2230 erataorum

110 2250 230 2318 diaboli
259 2247 443 2333 praestigiis
470 2246 531 2312 hoc
552 2247 634 2324 fieri,
663 2248 754 2313 onius
774 2247 963 2330 imposturis
986 2248 1077 2313 Deus
1128 2249 1314 2327 crudelitas,
1343 2248 1489 2335 postulat
1510 2249 1620 2315 David
1641 2262 1679 2314 ut
1699 2250 1877 2316 frustretur
1897 2248 1989 2315 Deus
2010 2249 2097 2332 ipso·

108 2341 194 2404 inter
215 2355 338 2417 caecos,
361 2333 422 2399 hoe
440 2341 491 2398 ιιι
505 2328 698 2407 incredulos,
718 2332 867 2398 fraenum
888 2334 987 2413 laxat,
1008 2333 1077 2400 suis
1129 2355 1203 2400 rum
1238 2345 1384 2402 conatus.
1437 2336 1543 2401 Porro
1582 2335 1644 2400 hoc
1683 2344 1796 2400 votum
1829 2336 1997 2419 concipere
2030 2354 2096 2399 non

109 2432 230 2504 autem,
255 2419 372 2505 quibus
394 2439 452 2568 per
474 2416 609 2483 verbum
632 2429 665 2481 et
686 2418 837 2501 spiritum
861 2440 957 2485 suurn
980 2418 1076 2485 afful·
1128 2422 1242 2504 potuit,
1273 2421 1335 2486 nisi
1356 2421 1480 2487 invicta
1502 2420 1691 2487 fortitudine
1713 2421 1903 2500 instructus,
1933 2434 1968 2487 nt
1989 2419 2099 2485 lormi-

108 2520 173 2594 get,
205 2529 268 2573 non
298 2507 346 2570 ita
372 2503 396 2568 il
411 2503 511 2569 udare
542 2502 710 2586 permittit.
755 2503 794 2570 Si
822 2516 933 2570 tamen
962 2525 1075 2570 ansam
1128 2505 1251 2572 dabiles
1278 2504 1420 2572 hostiurn
1450 2516 1626 2590 apparatus
1654 2507 1716 2571 Dei
1744 2506 1877 2573 arbitrio
1908 2506 2097 2572 subiiceret:

108 2596 243 2660 curiosis
272 2591 511 2676 quaestionibus
541 2585 725 2671 praesidere
758 2590 869 2674 libeat,
901 2610 1077 2674 sequamur
1127 2594 1193 2658 imo
1217 2593 1263 2658 ita
1288 2589 1448 2675 precando
1477 2601 1581 2657 totam
1611 2612 1725 2658 eorum
1748 2593 1925 2676 potentiam
1950 2590 2011 2657 snb
2032 2591 2097 2657 Dei

108 2679 193 2763 quod
226 2698 331 2761 nuper
362 2675 471 2759 attigi,
507 2672 669 2740 Davidem
701 2697 743 2741 ex
771 2678 937 2742 communi
967 2695 1077 2740 errore
1129 2677 1264 2762 pedibus
1282 2677 1465 2760 prosternit.
1498 2677 1588 2761 Ergo
1605 2676 1686 2743 base
1697 2678 1943 2744 circumstantia
1954 2675 2098 2742 notanda

109 2764 357 2833 similitudinem
383 2761 469 2826 hanc
496 2780 568 2826 csse
588 2769 791 2826 mutuatum:
820 2781 858 2829 ac
879 2763 905 2829 si
930 2759 1076 2844 dixisset,
1128 2776 1188 2842 est,
1211 2785 1252 2828 ne
1275 2762 1487 2847 languescant
1505 2784 1617 2846 preces
1635 2772 1776 2840 nostrae,
1799 2763 1949 2846 quamvis
1966 2773 2098 2846 aptatae

108 2851 235 2918 nullam
256 2847 403 2933 possein
422 2844 626 2930 serpentibus
644 2847 822 2913 versutiam
841 2845 1077 2929 inveniriqnae
1128 2848 1193 2914 iam
1214 2848 1352 2932 sagittae
1374 2849 1559 2914 mortiferos
1580 2849 1664 2914 ictus
1685 2848 1866 2914 minentur.

109 2958 174 3004 non
191 2937 224 3002 in
240 2934 427 3001 bominibus
447 2932 519 2998 istis
536 2941 667 3015 regnet:
689 2933 789 2998 etiam
807 2932 835 2999 si
850 2953 933 3017 quae
949 2932 1076 3017 aspides
1214 2935 1245 3002 9.
1267 2933 1550 3021 (Quemadmodum
1578 2933 1702 3020 limax.)
1746 2935 1838 3000 Duae
1862 2935 1945 3000 istae
1967 2953 2098 3018 compa·

109 3023 268 3089 adversus
295 3021 532 3085 incantationes
559 3026 633 3082 astu
659 3039 719 3084 suo
741 3018 886 3083 munitae
907 3018 982 3098 sint,
1012 3038 1077 3084 non
1130 3021 1273 3085 rationes
1304 3020 1340 3083 in
1373 3018 1512 3085 eundem
1545 3017 1687 3083 tendunt
1719 3039 1852 3102 scopum
1885 3040 1949 3102 quo
1981 3022 2096 3103 prima,

110 3110 215 3193 magis
237 3118 348 3172 tamen
370 3125 440 3170 esse
462 3102 607 3170 callidas.
816 3131 819 3135 ·
1130 3126 1248 3189 nempe
1276 3114 1313 3170 ut
1340 3105 1488 3170 celeriter
1510 3115 1664 3186 tanquam
1685 3125 1738 3170 res
1756 3104 1875 3169 fluidae
1896 3104 2095 3172 aboleantur.

1130 3192 1244 3256 Posset
1267 3190 1328 3256 boo
1346 3189 1451 3256 videri
1473 3187 1655 3266 ridiculum,
1681 3189 1919 3256 robustissimos
1947 3191 2096 3275 gigantes

197 3278 226 3343 l.
249 3276 338 3344 Deua
367 3273 517 3341 cmlcade
543 3275 647 3340 deame
668 3274 810 3355 ipsorum
830 3274 867 3338 iu
886 3293 938 3339 ore
958 3293 1079 3339 coram:
1129 3276 1268 3343 cochleis
1297 3274 1351 3340 val
1372 3274 1543 3341 limacibus
1564 3275 1713 3356 conferri,
1743 3274 1917 3341 nisibunc
1939 3274 2097 3341 bonoram

110 3363 263 3431 maxillas
285 3363 405 3428 ῐιιιιιιι
426 3359 718 3426 numeretur.
763 3359 793 3425 8.
815 3358 979 3442 Difllucut
998 3360 1080 3425 ιιιιι
1129 3362 1201 3426 1)ιο
1234 3362 1393 3426 tribueret
1422 3359 1551 3440 David,
1588 3380 1682 3442 posse
1714 3373 1879 3426 momento
1911 3370 1944 3425 et
1976 3359 2097 3446 absque

108 3469 220 3532 aquae,
249 3447 358 3513 cbecrd
386 3447 467 3512 sibi:
495 3446 660 3511 extendant
686 3464 796 3511 orcum
823 3465 917 3510 ecum
936 3465 974 3510 cc
994 3447 1025 3510 ai
1045 3465 1079 3512 aa
1129 3447 1259 3531 negotio
1289 3445 1451 3513 discutere
1480 3468 1518 3512 ae
1548 3447 1696 3531 redigere
1717 3448 1752 3511 in
1774 3445 1918 3523 nibilum
1940 3445 2097 3531 quidquid

109 3535 343 3620 consriupereut.
387 3532 417 3598 9.
445 3530 707 3613 Quemadmodum
729 3530 829 3597 iimcc
849 3531 1080 3612 liquefactionis
1128 3535 1163 3598 in
1197 3531 1320 3598 mundo
1348 3531 1566 3615 insuperabile
1599 3530 1738 3597 ducitur.
1786 3530 1853 3598 Sed
1886 3530 1961 3597 fidei
1994 3532 2097 3598 oculis

108 3624 278 3699 accaeecct,
306 3619 481 3684 abortivum
510 3616 655 3683 mulieris
678 3617 761 3700 qaod
786 3636 847 3682 acu
874 3615 955 3682 aad
975 3615 1077 3683 solam
1128 3618 1192 3684 Dei
1213 3617 1334 3686 iudicia
1355 3618 1564 3684 considerans
1593 3628 1712 3702 sperat,
1736 3618 1821 3682 vires
1843 3617 1926 3696 illas,
1959 3639 2096 3701 quarum

111 3707 162 3771 10.
182 3707 359 3788 Auchum
376 3703 511 3768 aeolicat
527 3703 606 3769 odae
622 3699 780 3786 vastrad)
797 3701 973 3783 rhamnum,
997 3704 1079 3769 sicat
1128 3704 1249 3770 fiducia
1274 3725 1349 3770 suas
1371 3702 1620 3768 deliberationes
1642 3705 1675 3767 in
1698 3703 1807 3769 decem
1831 3702 1960 3768 saecula
1981 3717 2096 3768 exten·

108 3792 241 3859 ινιᾱιιιι
262 3790 356 3873 quusi
377 3787 465 3853 arto
487 3789 646 3871 disperdat
667 3807 744 3853 eam.
1130 3789 1223 3873 dunt,
1245 3789 1354 3857 statim
1377 3807 1471 3872 posse
1490 3788 1631 3854 dissolvi.
1666 3789 1806 3854 Videtur
1824 3801 1932 3853 autem
1950 3788 2096 3854 alludere

1129 3875 1169 3939 ad
1200 3875 1326 3942 subitos
1347 3884 1480 3938 exortus
1501 3873 1683 3956 impiorum,
1714 3895 1751 3940 ae
1772 3874 1800 3940 si
1822 3873 1952 3953 diceret,
1979 3895 2095 3956 repen·

197 3962 227 4026 l.
249 3959 352 4045 (Deae
379 3959 552 4045 centauria)
594 3958 666 4025 Iam
694 3958 860 4025 descendit
888 3958 929 4024 ad
958 3958 1077 4041 impre·
1130 3962 1235 4026 tinum
1263 3960 1430 4025 interitum
1460 3957 1598 4024 similem
1627 3959 1697 4025 lore
1718 3959 1853 4044 origini:
1885 3980 1926 4024 ne
1947 3958 2096 4025 facilibus

109 4048 281 4125 cntionem,
299 4045 470 4127 Deumque
485 4044 645 4111 vindicem
665 4045 815 4128 appellat,
834 4045 1078 4128 sicutpropriae
1129 4046 1337 4113 incrementis
1358 4044 1482 4109 frustra
1503 4045 1700 4126 superbiant.
1741 4044 1863 4111 Eadem
1887 4054 1937 4110 est
1957 4044 2096 4111 abortivi

107 4145 188 4201 sunt
210 4133 280 4198 eius
302 4142 411 4215 partes
429 4129 602 4212 impiorum
622 4128 799 4195 violentiae
819 4129 1078 4209 resistere,'dum
1129 4133 1228 4198 ratio:
1257 4131 1333 4214 quia
1361 4131 1390 4195 si
1419 4139 1608 4213 reputamus
1637 4139 1795 4213 qnantum
1825 4131 1980 4215 temporis
2004 4131 2095 4196 inani

106 4219 251 4285 innoxiis
282 4216 462 4282 molestiam
486 4216 659 4282 lacessunt.
704 4213 769 4283 Sed
793 4215 847 4282 hie
866 4214 945 4280 ordo
967 4225 1079 4280 notan·
1129 4217 1248 4284 fiducia
1270 4216 1436 4292 devorent,
1458 4215 1553 4282 facile
1574 4226 1763 4296 statuemus,
1785 4228 1960 4300 antequam
1982 4218 2095 4282 vivere

109 4306 170 4370 dus
203 4316 268 4379 est,
300 4299 384 4385 quod
417 4301 506 4382 prius
535 4300 576 4365 de
609 4301 753 4366 hostium
785 4322 919 4370 suorum
953 4300 1079 4366 malitia
1129 4303 1297 4386 incipiant,
1319 4302 1411 4384 quasi
1434 4302 1474 4367 ab
1496 4301 1574 4384 ipsis
1596 4301 1778 4368 carceribus
1801 4312 1978 4367 retrorsum
1997 4300 2093 4368 trahi.

109 4401 305 4472 conquestus
334 4398 384 4452 est
414 4384 538 4460 David.
571 4398 604 4451 ιι
632 4385 751 4452 bonam
781 4386 1013 4452 conscientiam
1043 4387 1076 4451 in
1216 4389 1266 4472 10.
1289 4387 1476 4474 (Antequam
1496 4386 1652 4472 ιιιιίιιι.)
1695 4388 1735 4453 In
1764 4388 1826 4454 boc
1855 4408 1951 4453 versu
1974 4387 2092 4471 partim

111 4473 252 4541 medium
275 4472 442 4558 produxit,
465 4491 561 4556 quam
581 4473 687 4538 Deum
710 4471 848 4539 advocet
865 4492 982 4537 causae
999 4493 1079 4537 suae
1128 4475 1169 4541 ob
1187 4493 1281 4540 voces
1300 4472 1478 4557 ambiguas,
1499 4474 1619 4557 partim
1638 4474 1678 4538 ob
1696 4474 1887 4557 perplexum
1905 4482 2094 4538 contextum

110 4571 284 4645 patronum
307 4571 363 4623 aut
385 4558 540 4624 indicem:
563 4558 639 4641 quia
660 4557 794 4623 minime
815 4556 1011 4641 sperandum
1029 4569 1080 4624 est
1128 4559 1240 4626 subest
1271 4557 1430 4624 nonnulla
1458 4558 1654 4634 obscuritas,
1689 4560 1765 4643 quia
1793 4572 1903 4642 nwn
1933 4557 2031 4622 ollam
2062 4572 2094 4622 et

110 4656 150 4711 ut
171 4645 273 4711 malas
295 4665 410 4710 causas
433 4643 569 4709 tuendas
588 4643 749 4726 suscipiat.
784 4644 871 4708 Petit
889 4652 998 4708 autem
1016 4643 1078 4711 hoc
1128 4647 1255 4730 spinam
1277 4645 1303 4710 si
1330 4645 1448 4720 nificat,
1471 4645 1592 4727 duplex
1613 4665 1730 4710 sensns
1752 4654 1859 4728 potest
1880 4644 1969 4709 elici:
1993 4647 2095 4708 Ante·

111 4752 220 4811 vorsu,
250 4741 287 4796 ut
313 4730 405 4795 Dens
434 4730 556 4794 virtute
585 4750 645 4794 sua
674 4729 804 4813 frangat
833 4728 1010 4813 improbos,
1042 4750 1080 4796 ao
1129 4752 1225 4815 quam
1254 4666 1440 4796 adolescant
1468 4732 1580 4813 spineo
1610 4731 1795 4796 vestraein
1818 4730 2004 4810 rhamnum,
2034 4729 2095 4794 hoc

111 4829 296 4900 compescat
324 4815 460 4880 nocendi
490 4814 613 4881 rabiem
635 4836 698 4897 qua
719 4815 869 4898 flagrant.
914 4814 998 4880 Nam
1021 4834 1080 4897 per
1129 4827 1188 4892 est,
1217 4828 1365 4882 crescant
1394 4816 1429 4881 in
1454 4816 1610 4881 maiorem
1632 4814 1845 4893 altitudinem,
1874 4828 1906 4879 ιι
1928 4815 2095 4882 densiores

112 4904 218 4969 dmtcs
245 4902 408 4988 significat
438 4923 500 4966 non
530 4922 623 4967 secus
651 4900 796 4965 laniandi
819 4921 857 4965 ac
876 4899 1080 4983 discerpendi
1129 4903 1220 4969 liant
1264 4900 1337 4980 Vel,
1366 4913 1538 4984 antequam
1568 4900 1651 4967 ollae
1673 4913 1799 4966 vestrae
1821 4902 1962 4967 sentiant
1984 4902 2093 4985 ignem

112 5009 184 5055 esse
213 4987 346 5070 cupidos
373 5008 411 5053 ιι
439 4987 524 5052 ieras
554 4987 688 5052 bestias:
717 4984 802 5069 quod
824 4984 966 5052 secunda
987 4993 1079 5068 parte
1129 5009 1171 5052 ex
1193 4986 1297 5069 spinis
1319 5007 1500 5053 accensum.
1544 4986 1582 5053 Si
1604 4985 1644 5050 de
1665 4985 1739 5051 ollis
1761 4987 1963 5069 exponimus,
1990 4988 2095 5052 vicum

111 5075 232 5141 elarius
265 5073 433 5156 exprimit,
465 5091 521 5138 eos
552 5072 697 5139 leonibus
729 5091 929 5153 comparans.
983 5070 1080 5137 Unda
1130 5084 1277 5138 sumetur
1299 5093 1357 5156 pro
1374 5092 1472 5138 carne
1489 5071 1599 5150 cruda,
1618 5071 1715 5138 sicuti
1733 5075 1830 5138 etiam
1849 5093 1907 5137 nos
1926 5075 2093 5150 vertimus,

1130 5159 1160 5224 si
1189 5167 1299 5224 autem
1329 5178 1387 5240 pro
1419 5158 1535 5241 spinis,
1569 5169 1716 5222 sumetur
1749 5178 1807 5240 pro
1836 5159 2011 5224 immaturo
2041 5160 2093 5224 vel

201 5262 231 5331 ¹)
247 5279 296 5316 vos
312 5269 384 5332 poa,
402 5275 437 5315 ea
453 5274 559 5329 acrys:
577 5277 612 5315 on
630 5276 678 5316 vos
697 5259 810 5330 sepinas.
1131 5254 1254 5310 tenero.
1298 5242 1482 5328 Prophetae
1510 5253 1620 5309 tamen
1643 5243 1813 5310 consilium
1836 5245 1970 5308 minime
1992 5245 2094 5310 ambi·

215 5345 326 5405 cusat
340 5360 434 5417 epea
454 5345 514 5402 ιιι
528 5345 646 5401 mr.
1150 5417 1152 5420 ¹
1856 5346 1891 5400 ιι
