4658 5856
87 329 151 395 553

87 520 233 584 fatentur
261 487 375 585 omues
405 521 501 584 anius
529 520 593 585 Dei
622 521 785 603 praesidio
814 541 850 585 se
878 519 949 585 fare
977 521 1086 625 satis}

88 615 185 683 tutos,
216 607 418 688 experientia
443 618 553 669 tamen
575 604 729 685 ostendit,
751 605 896 670 minimis
924 605 1058 688 quibus·

111 711 151 755 ue
180 692 412 774 agitationibus
446 689 487 755 ab
514 712 553 756 eo
575 711 636 756 nos
665 691 821 757 abstrahi.
865 691 955 775 Ergo
982 712 1057 757 cum

88 712 219 840 barido
247 776 378 842 assidue
407 776 603 841 meditemur
629 778 714 842 hanc
736 777 933 842 doctrinam:
963 775 1057 859 quid·

89 860 168 943 quid
189 862 355 927 intentent
376 863 533 938 homines,
556 860 802 946 quibuscunque
824 862 967 945 polleant
984 883 1058 929 aon-

89 947 178 1023 siliis,
196 956 255 1011 aut
272 946 404 1024 viribus,
423 968 617 1030 quoeunque
635 964 793 1031 apparata
812 950 878 1012 siut
896 948 1057 1027 instructi,

89 1034 118 1098 si
144 1052 199 1097 eos
222 1033 421 1099 conferimus
451 1054 524 1098 aum
553 1033 640 1109 Deo,
670 1056 736 1098 non
761 1055 832 1099 esse
856 1053 915 1098 cur
936 1043 1056 1098 terrea·

88 1138 174 1268 ῒίιτ,
204 1119 280 1200 quia
302 1130 474 1184 evanescet
496 1117 653 1202 quidquid
676 1120 797 1202 alioqui
818 1120 852 1183 iu
876 1119 941 1185 illis
962 1121 1057 1184 terri·

111 1204 154 1268 ie
175 1214 234 1268 est.

176 1375 227 1440 13.
247 1374 350 1459 Super
369 1396 418 1441 me
433 1375 522 1442 Deras
541 1380 611 1440 uota
628 1380 695 1460 tua,
716 1375 833 1442 eduam
854 1375 964 1442 laudm
985 1375 1059 1441 tibi:

92 1461 143 1525 14.
171 1461 254 1542 Quia
283 1460 424 1527 liberasti
451 1463 592 1527 aninam
617 1481 718 1527 mam
744 1482 766 1527 a
786 1467 895 1527 mab:
925 1482 969 1527 arr
996 1481 1059 1527 aaa

85 1546 326 1699 memma
340 1547 556 1629 praecipitio?
578 1552 613 1612 at
633 1547 788 1614 ambulem
809 1567 914 1613 auram
930 1547 1001 1613 Deo
1023 1550 1059 1613 irs

178 1802 229 1867 13.
254 1801 372 1888 (Super
392 1803 465 1889 rue.)
508 1803 664 1869 Diximus
694 1804 798 1884 initio,
824 1806 901 1887 quia
922 1805 987 1869 iam
1010 1805 1060 1869 di·

91 1889 233 1955 scrimen
256 1899 405 1954 evaserat
426 1888 535 1955 David
559 1889 637 1955 dum
660 1889 831 1955 Psalmum
855 1891 943 1957 hune
973 1911 1059 1956 com·

91 1975 210 2125 ffisuit,
234 1974 398 2058 probabile
420 1995 502 2054 esse,
535 1994 686 2041 successu
708 1975 857 2042 edoctum
881 1979 1060 2042 attexuisse

138 2081 180 2125 nc
208 2061 390 2144 gratiarum
419 2063 589 2127 actionem.
634 2060 765 2125 Interea
794 2060 972 2128 tenendum
1000 2071 1059 2142 est,

93 2147 126 2210 in
156 2145 273 2211 mediis
300 2146 532 2212 afflictionibus
560 2166 598 2210 ea
627 2165 755 2230 semper
783 2146 902 2212 fiducia
934 2148 1060 2213 anima·

92 2245 162 2295 tum
184 2231 292 2308 fuisse,
315 2241 351 2295 ut
372 2241 504 2315 paratus
526 2242 561 2296 et
582 2231 747 2298 accinctus
768 2243 854 2297 esset
875 2234 916 2298 ad
937 2234 1061 2318 gratias

92 2317 244 2399 agendas.
288 2316 379 2383 Dicit
401 2327 509 2384 autem
531 2323 602 2383 rom
623 2317 688 2384 Dei
709 2337 774 2383 esse
795 2338 888 2399 saper
909 2338 952 2400 se,
982 2320 1061 2401 quia

93 2399 132 2466 ad
157 2422 194 2466 ea
216 2400 380 2467 reddenda
401 2404 577 2470 obstrictus
599 2404 656 2468 sit:
687 2403 781 2469 sicuti
805 2405 917 2469 Latini
947 2405 1061 2470 dicant

94 2489 161 2552 voti
183 2508 219 2552 ss
241 2488 421 2566 damnatos,
451 2489 530 2553 dum
558 2487 667 2572 adepti
696 2499 772 2553 sunt
802 2489 887 2571 quod
915 2491 975 2556 sub
995 2494 1060 2556 voti

94 2575 335 2656 nuncupatione
353 2574 526 2656 petierant.
558 2573 775 2640 contrahitur
792 2576 880 2640 enim
898 2575 1059 2660 obligatio,

94 2660 147 2724 ubi
178 2659 314 2741 polliciti
343 2680 457 2725 sumus
486 2680 546 2724 nos
574 2671 685 2743 gratos
714 2660 800 2741 fore,
830 2662 921 2726 Deus
950 2674 1061 2727 autem

93 2745 243 2827 precibus
266 2748 386 2809 nostris
408 2746 533 2811 annuit.
578 2746 666 2810 Vota
686 2755 795 2811 autem
818 2747 881 2810 Dei
904 2748 1061 2831 intellige,

94 2850 131 2894 ae
153 2831 179 2894 si
203 2831 308 2896 dicam
330 2832 501 2913 pecuniam
524 2852 607 2915 quas
629 2832 663 2895 iu
687 2852 786 2897 manu
809 2853 883 2897 mea
905 2843 963 2912 est,
991 2854 1062 2899 ease

93 2916 272 2992 creditoris,
295 2918 371 2998 quia
392 2917 463 3002 ipse
484 2937 613 3000 quoque
635 2938 707 2982 sum
730 2918 765 2981 in
787 2918 857 2982 eius
878 2939 962 2984 aere.
993 2919 1062 2984 Da·

95 3001 149 3066 vid
172 3021 250 3085 ergo
280 3001 443 3080 liberatus,
474 3002 612 3068 salutem
637 3003 722 3067 hano
743 3023 762 3066 a
785 3002 856 3068 Deo
884 3005 1062 3088 prolectam

93 3088 230 3152 fatetur:
252 3087 390 3170 ideoque
412 3090 498 3153 votis
515 3108 597 3170 quae
620 3099 813 3171 conceperat
834 3109 870 3154 se
892 3099 1061 3155 oneratum

95 3172 191 3240 dicit:
220 3175 297 3255 quia
325 3173 467 3239 conditio
493 3175 557 3237 iam
584 3173 718 3255 impleta
740 3184 820 3240 erat.
867 3175 917 3238 Da
946 3173 1062 3257 quibus

94 3270 203 3323 autam
225 3259 308 3324 votis
331 3258 493 3343 loquatur,
522 3267 612 3341 patet
641 3281 681 3323 ex
704 3259 847 3324 secunda
874 3271 967 3343 parte
990 3281 1062 3325 ver-

95 3366 160 3409 sus.
206 3344 301 3425 Quod
332 3345 406 3409 ideo
427 3344 608 3410 notandum
631 3354 691 3424 set,
721 3366 762 3409 ne
784 3345 857 3427 quis
880 3346 1062 3410 inconside-

94 3445 164 3494 rate
186 3451 258 3496 cam
282 3430 436 3514 Papistis,
459 3442 538 3495 vota
561 3429 724 3512 quaelibet
745 3432 875 3513 probari
903 3433 1059 3514 imagine-

906 329 1123 399 PSALMUS
1146 331 1255 397 LVII.

2014 331 2078 399 554

1111 519 1189 584 dam
1208 533 1268 602 est,
1290 520 1344 586 ubi
1363 540 1423 585 nos
1444 518 1565 601 eripuit
1584 520 1674 584 Deus
1693 541 1734 584 ex
1754 520 1863 604 aliqua
1880 520 2077 603 discrimine,

1109 615 1148 670 ut
1180 605 1425 672 meminerimus
1465 617 1623 688 quantum
1664 616 1697 670 et
1736 626 1833 689 quam
1873 606 2077 674 formidabile

1109 692 1217 758 faerit.
1253 690 1378 758 Sumus
1399 693 1485 757 enim
1508 689 1542 755 in
1566 690 1646 776 ipsis
1669 691 1763 757 malis
1786 691 1860 775 plus
1882 694 1960 758 satis
1982 695 2077 758 meti·

1110 777 1225 842 culosi:
1257 778 1313 843 sed
1345 788 1454 860 postea
1483 777 1580 842 simul
1608 798 1682 842 cum
1704 791 1794 844 metu
1818 781 1981 844 evanescit
2002 800 2077 862 gra·

1110 863 1176 927 tiae
1194 863 1257 928 Dei
1280 864 1447 927 memoria.
1483 861 1657 928 Ambulare
1677 864 1712 927 irs
1735 863 1800 928 bace
1820 865 1970 948 uiuorum,
1993 864 2077 930 nihil

1109 948 1197 1012 aliud
1220 962 1269 1013 est
1292 969 1390 1032 quam
1412 949 1507 1012 vitali
1529 948 1607 1015 solis
1629 949 1700 1015 luce
1718 950 1792 1016 frui.
1828 949 1895 1016 Sed
1917 950 2078 1033 particula

1110 1034 1308 1116 interposita,
1327 1054 1431 1099 coram
1448 1033 1526 1118 Deo,
1549 1033 1721 1101 discrimen
1742 1047 1834 1101 notat
1850 1036 1939 1101 inter
1957 1035 2077 1114 fideles,

1110 1119 1228 1202 quibus
1246 1120 1445 1202 propositum
1463 1131 1514 1184 est
1532 1120 1632 1184 vitam
1649 1141 1742 1186 suam
1760 1123 1881 1187 reterre
1899 1125 1939 1186 ad
1953 1122 2076 1187 Deum:

1110 1213 1144 1269 et
1155 1206 1305 1286 profanos
1319 1205 1475 1282 homines,
1496 1206 1553 1289 qui
1565 1206 1655 1271 velut
1668 1207 1797 1291 bigitiri
1808 1207 1974 1273 licentiose
1989 1207 2079 1272 ober-

1110 1301 1204 1440 rantb
1225 1309 1291 1355 non
1309 1290 1394 1373 quod
1413 1292 1541 1375 fugiant
1558 1290 1621 1356 Dei
1640 1292 1757 1371 oculos,
1781 1293 1837 1358 sed
1855 1295 1930 1377 quia
1948 1304 2075 1377 tergum

1110 1377 1140 1442 ei
1163 1396 1182 1442 o
1206 1386 1349 1442 vertant.

1423 1751 1630 1822 retusus
1652 1752 1761 1821 nvn.
1844 1720 1847 1725 ’

1112 1941 1196 1996 ABG.
1215 1941 1290 1995 Duae
1308 1948 1372 1994 sant
1389 1940 1467 1993 haias
1485 1940 1585 1994 Psalmi
1604 1949 1710 2010 partes:
1736 1941 1832 1995 Priore
1856 1943 1927 1996 enim
1950 1960 2012 1996 suae
2030 1962 2077 1997 an·

1214 2011 1332 2063 xietatss
1358 2011 1469 2078 exponit
1494 2009 1595 2063 David:
1624 2016 1706 2130 stasne
1733 2016 1765 2064 at
1790 2014 1937 2065 necessitas
1963 2013 2076 2079 serebat,

1215 2094 1294 2147 opem
1318 2078 1367 2130 Dei
1390 2079 1519 2146 implorat
1542 2084 1638 2132 eontra
1681 2079 1768 2132 aulem
1792 2088 1820 2133 et
1840 2081 1961 2150 reliquos
1984 2080 2077 2135 hostes

1215 2163 1285 2201 enos.
1321 2146 1425 2199 Deinde
1448 2146 1616 2200 liberationis
1636 2163 1685 2216 spe
1703 2155 1842 2218 concepte,
1866 2151 1901 2203 ad
1918 2149 2077 2205 solvendam

1213 2215 1272 2269 Deo
1290 2215 1448 2268 sacrificinm
1466 2232 1495 2268 se
1513 2216 1637 2284 accingit.

1200 2390 1229 2451 1.
1262 2385 1423 2469 Praefecto
1464 2386 1514 2452 Ne
1551 2387 1682 2468 pedae,
1722 2387 1862 2454 meida
1895 2388 2079 2465 Miebtbam,

1113 2492 1208 2554 quam
1228 2471 1349 2556 fugeret
1369 2494 1390 2538 a
1409 2472 1493 2553 [aas
1515 2471 1602 2550 Saul,
1626 2475 1661 2537 irt
1681 2472 1837 2556 spelunea.
1877 2474 1907 2538 2.
1927 2472 2080 2540 Miserere

1113 2560 1174 2624 mei
1190 2557 1290 2638 Deus,
1311 2560 1551 2624 misereremei:
1568 2560 1716 2639 quoniam
1733 2559 1767 2622 in
1783 2564 1812 2624 te
1828 2559 1953 2638 confidit
1969 2563 2080 2625 anima

1112 2665 1199 2723 mea,
1227 2645 1311 2709 stirs
1331 2642 1442 2709 umbra
1468 2642 1595 2708 abaram
1624 2647 1752 2710 tuarum
1778 2644 1910 2724 sperabo
1919 2644 1959 2730 θ’)
1987 2645 2080 2710 donec

1113 2733 1251 2794 trauseat
1280 2729 1445 2811 iniquitas.
1489 2729 1519 2794 3.
1543 2729 1691 2795 Οῑιιιιιαὸο
1716 2729 1758 2794 ad
1785 2728 1890 2795 Deam
1918 2731 2080 2808 excelsam,

1113 2816 1157 2881 ad
1174 2814 1278 2880 Deum
1298 2817 1354 2897 qai
1368 2814 1492 2896 perficit
1512 2835 1589 2898 erpa
1613 2835 1670 2880 me
1715 2816 1745 2881 4.
1770 2814 1874 2880 Mittet
1896 2835 1912 2880 e
1933 2815 2030 2895 coelo,
2053 2821 2082 2880 et

1114 2900 1248 2967 servabit
1278 2921 1327 2965 me
1356 2900 1397 2966 ab
1425 2899 1588 2982 opprobrio
1614 2900 1801 2966 absorbentis
1829 2900 1952 2986 meriti)
1984 2903 2082 2967 mittet

1114 2986 1205 3052 Deus
1225 2986 1413 3051 moutam
1434 3005 1527 3050 suam
1548 2991 1577 3051 et
1597 2988 1756 3051 ueritatem
1775 3006 1876 3052 suam.

1201 3175 1230 3237 1.
1248 3172 1400 3259 (Doridis
1417 3170 1616 3256 Micbtbam.)
1645 3171 1730 3252 Quia
1750 3172 1789 3236 de
1808 3192 1887 3238 voce
1898 3171 2081 3238 Miehtham

1115 3258 1198 3323 nihil
1231 3270 1361 3342 praeter
1393 3259 1611 3323 coniecturam
1645 3258 1754 3322 afferri
1788 3267 1912 3341 potest,
1944 3258 2081 3340 posthoc

1115 3344 1196 3408 nihil
1229 3345 1397 3428 attingam.
1441 3343 1554 3408 Nihilo
1584 3344 1683 3409 otiam
1714 3343 1831 3408 certior
1860 3343 1942 3409 ratio
1968 3344 2080 3408 afferri

1115 3439 1231 3514 potest,
1255 3451 1314 3495 cur
1330 3429 1481 3494 Psalmus
1502 3429 1676 3512 inscriptus
1694 3430 1747 3508 sit,
1772 3429 1823 3494 Ne
1838 3430 1969 3510 padus,
1991 3429 2080 3494 ideo·

95 3528 158 3580 tur.
204 3517 293 3580 Dicit
315 3517 402 3581 enim
426 3538 461 3580 se
483 3515 685 3581 redditurum
709 3515 830 3595 laudes,
854 3517 907 3580 vel
929 3517 1061 3582 laudum
1116 3536 1188 3597 que,
1212 3525 1248 3580 ut
1270 3516 1303 3579 ia
1328 3537 1363 3579 re
1385 3516 1521 3581 obscura
1543 3529 1574 3579 et
1597 3514 1704 3591 dubia,
1728 3515 1858 3580 variant
1875 3516 2079 3598 interpretes.

95 3602 262 3666 sacrificia.
307 3602 391 3667 Nam
416 3602 478 3667 hoa
501 3622 619 3666 nomon
641 3603 792 3683 quamvis
821 3601 934 3666 laudes
960 3604 1061 3686 signi·
1117 3601 1258 3682 Quidam
1290 3602 1419 3666 initium
1455 3602 1553 3666 fuisse
1585 3610 1701 3684 patant
1733 3602 1855 3665 veteris
1891 3601 2081 3666 cantilenae.

95 3689 179 3763 ficet,
202 3685 243 3751 ad
266 3689 424 3753 sacrificia
447 3700 566 3765 tamen,
594 3698 757 3769 quatenus
779 3709 892 3752 earam
915 3688 1063 3772 symbola
1116 3687 1185 3752 Alii
1206 3708 1319 3753 vocem
1349 3688 1434 3752 hauc
1456 3684 1579 3751 Davidi
1608 3707 1796 3769 expressam
1825 3687 1924 3750 luisse
1954 3696 2081 3768 putant,

95 3785 206 3849 erant,
236 3775 442 3839 transfertur.
488 3771 620 3839 Sciebat
648 3772 775 3855 quidem
799 3772 924 3852 David,
954 3772 1061 3838 Deum
1116 3793 1215 3855 quum
1240 3772 1366 3837 nullum
1390 3783 1517 3854 pateret
1537 3771 1705 3856 effugiam,
1727 3770 1758 3837 Ο
1778 3771 1868 3836 Deus
1892 3791 1932 3835 ne
1951 3770 2079 3853 perdas.

95 3857 253 3923 sacrificia
282 3880 387 3942 nequo
416 3860 559 3942 praecise
589 3871 622 3922 ot
650 3878 707 3940 per
728 3879 764 3924 se
786 3859 926 3941 exigere,
958 3880 1062 3942 neque
1116 3858 1183 3923 Alii
1213 3859 1273 3923 hac
1300 3879 1377 3923 voce
1407 3857 1531 3922 laudari
1560 3869 1679 3941 putant
1705 3856 1845 3922 Davidis
1875 3856 2080 3938 probitatem,

94 3945 235 4007 morari:
268 3944 325 4008 sed
356 3945 432 4027 quia
460 3945 524 4028 legi
555 3944 720 4009 subiectus
753 3943 921 4028 negligere
954 3965 1063 4010 sacras
1114 3947 1168 4026 qui
1192 3945 1303 4009 Abisai
1332 3946 1364 4007 iu
1394 3943 1526 4008 caedem
1549 3941 1658 4008 Saulis
1688 3954 1854 4020 ruentem,
1886 3939 1928 4006 ab
1955 3943 2080 4025 impetu

94 4030 314 4094 caeremonias
336 4051 401 4094 non
420 4029 540 4105 debuit,
563 4048 647 4111 quse
669 4029 728 4093 toti
746 4029 866 4113 populo
888 4030 1062 4097 mandatae
1115 4031 1297 4094 revocavit:
1319 4030 1395 4110 qaia
1416 4029 1513 4093 etiam
1537 4031 1572 4092 in
1595 4047 1687 4093 sacra
1708 4027 1844 4092 historia
1866 4027 1947 4093 haec
1969 4025 2078 4092 obiur-

95 4125 204 4191 erant,
233 4115 413 4179 verisimile
443 4129 494 4180 eet
522 4113 562 4179 de
593 4114 719 4180 solenni
749 4116 935 4180 testimonio
964 4116 1061 4199 loqui,
1114 4114 1202 4197 gatio
1223 4116 1373 4198 ponitur,
1406 4114 1455 4178 Ne
1471 4115 1599 4195 partas.
1645 4112 1711 4180 Sed
1732 4114 1807 4197 quia
1827 4123 1903 4179 ante
1930 4123 2079 4195 precatus

95 4201 193 4282 quale
219 4199 369 4265 solebant
395 4200 530 4266 reddere
552 4199 664 4264 fideles
687 4221 785 4283 quum
810 4202 932 4285 insigni
954 4202 1061 4284 aliquo
1113 4201 1220 4264 fuerat
1238 4199 1358 4278 David,
1381 4199 1539 4282 quadrare
1558 4221 1622 4264 uon
1641 4208 1748 4282 potest
1765 4199 1822 4265 illa
1838 4199 1956 4282 opinio.
1990 4199 2079 4281 Ergo

96 4283 158 4350 Dei
182 4287 336 4352 mneficio
358 4287 466 4353 affecti
488 4297 606 4351 esseut.
1114 4286 1309 4350 alterutrum
1338 4307 1380 4350 ex
1412 4286 1478 4350 illis
1510 4284 1635 4351 duobus
1668 4286 1788 4369 eligere
1821 4285 1991 4352 convenit:
2025 4285 2078 4349 vel

182 4374 231 4436 14.
269 4369 368 4455 (Quia
400 4370 561 4456 liberasti.)
615 4371 800 4436 Confirmat
836 4371 919 4455 qaod
956 4393 1062 4456 nuper
1113 4369 1199 4453 qaod
1222 4371 1263 4436 ad
1282 4392 1433 4437 numeros
1451 4372 1547 4435 tritae
1565 4371 1748 4437 cautilenae
1766 4371 1962 4454 compositus
1980 4371 2080 4434 fuerit

94 4456 173 4533 dixi,
202 4459 360 4522 saritam
383 4478 475 4522 suam
498 4455 570 4522 Deo
591 4468 755 4540 acceptam
784 4457 878 4535 ferre,
907 4460 983 4540 quia
1006 4479 1060 4541 pe·
1112 4457 1282 4523 Psalmus:
1307 4458 1358 4522 vel
1381 4455 1466 4541 quod
1490 4456 1595 4521 David
1619 4458 1836 4541 precationem
1860 4454 1966 4522 subite
1988 4463 2078 4520 metu

94 4543 207 4621 rierat,
244 4544 305 4607 nisi
335 4544 530 4608 mirabiliter
557 4550 706 4607 servatus
736 4544 831 4607 foret.
879 4542 965 4609 Nam
995 4564 1060 4627 quo
1113 4543 1175 4607 sibi
1199 4552 1378 4618 extortam,
1413 4552 1449 4607 ut
1471 4541 1505 4606 in
1539 4564 1575 4606 re
1603 4541 1821 4620 memorabili,
1855 4541 1999 4605 breviter
2027 4540 2080 4604 hic

93 4627 330 4694 dubitationem
359 4629 491 4703 eximat,
522 4627 601 4693 dicit
627 4648 692 4692 non
722 4628 817 4693 modo
838 4649 873 4693 se
896 4651 915 4693 a
937 4629 1060 4711 fraudo,
1113 4640 1227 4692 notare
1250 4629 1397 4693 voluerit.

93 4714 377 4815 malitia,'impetu
400 4726 432 4780 et
455 4714 572 4798 gladiis
596 4713 737 4811 hostium
759 4714 858 4815 fuisse
881 4726 1060 4799 servatum,
1196 4732 1227 4795 2,
1249 4729 1415 4815 (Miserere
1435 4730 1520 4815 meg)
1564 4731 1713 4796 precatio
1741 4730 1904 4812 duplicata
1933 4725 2075 4793 ostendit
2165 4800 2169 4807 Ι

93 4799 150 4864 8θά
172 4801 213 4866 ⁸¹)
234 4819 307 4883 ¹1>ssss
327 4811 441 4865 Μθῐῑθ·
485 4799 575 4864 Idem
599 4798 664 4863 ³¹¹⁸
690 4799 841 4883 ¹⁰q⁰⁰¹¹d¹
870 4802 974 4865 f0fm³
1002 4822 1059 4866 ⁰¹·
1114 4816 1274 4881 Davidem
1302 4838 1368 4880 uon
1397 4817 1460 4882 levi
1490 4837 1652 4894 moerore,
1685 4837 1762 4881 cura
1795 4826 1827 4879 et
1861 4823 1948 4879 metu
1976 4814 2076 4878 fuisse

92 4886 223 4986 primit,
255 4885 367 4968 Quum
397 4906 551 4986 P¹²0⁰0l>⁸
580 4893 768 4983 1¹¹⁰‚f0i280
798 4896 960 4951 retentum
990 4908 1060 4951 ⁰⁸⁸⁰
1112 4903 1334 4967 constrictum.
1378 4901 1445 4968 Sed
1467 4903 1549 4966 ratio
1571 4901 1730 4986 petendae
1754 4901 1993 4966 misericordiae
2017 4919 2074 4964 uo·

93 4972 159 5037 Der
183 4993 294 5037 manu.
340 4984 440 5053 imp>
469 4992 557 5036 earm
586 4968 716 5053 quidam
747 4972 832 5036 malo
855 4983 999 5055 vortunt,
1029 4974 1060 5036 A
1421 5022 1425 5029 .

94 5061 204 5140 lapsu:
238 5078 337 5141 quum
367 5061 474 5140 potius
496 5056 676 5122 violentum
700 5057 876 5139 impulsum
899 5059 1062 5141 significet

93 5144 212 5209 David.
248 5144 289 5208 In
307 5165 443 5221 summa,
466 5143 590 5226 colligit
612 5160 652 5205 ox
670 5143 894 5227 magnitudine
916 5144 1060 5226 periculi,

93 5252 128 5297 se
151 5230 308 5297 divinitus
329 5231 430 5295 fuisse
451 5239 627 5295 servatum.
665 5231 771 5312 Atque
793 5228 824 5292 id
849 5230 942 5297 nabis
964 5251 1060 5314 agen·
1083 5204 1087 5293 l

1198 5107 1227 5173 ⁸)
1243 5107 1412 5229 i’espsreray,
1430 5122 1465 5161 ert
1487 5120 1594 5174 marae:
1613 5106 1840 5187 ouhcbergerap

1181 5174 1226 5243 **)
1243 5176 1278 5229 do
1305 5176 1448 5245 ’approbro
1465 5177 1498 5230 de
1516 5178 1594 5257 celuy
1612 5193 1659 5244 qur
1677 5175 1855 5245 m'euglontrt,
1872 5190 1904 5228 ert
1919 5189 2024 5242 marus:
2042 5190 2077 5228 oa

1112 5264 1144 5301 en
1163 5248 1189 5300 la
1207 5246 1344 5299 confusion
1364 5246 1397 5299 de
1416 5245 1493 5316 celuy
1512 5262 1558 5313 qur
1576 5243 1728 5313 m’agastte.
