<?xml version="1.0" encoding="UTF-8"?>
<!DOCTYPE html PUBLIC "-//W3C//DTD XHTML 1.0 Transitional//EN"
    "http://www.w3.org/TR/xhtml1/DTD/xhtml1-transitional.dtd">
<html xmlns="http://www.w3.org/1999/xhtml" xml:lang="en" lang="en">
 <head>
  <title>
</title>
<meta http-equiv="Content-Type" content="text/html;charset=utf-8" />
  <meta name='ocr-system' content='tesseract 3.04.00' />
  <meta name='ocr-capabilities' content='ocr_page ocr_carea ocr_par ocr_line ocrx_word'/>
</head>
<body>
  <div class='ocr_page' id='page_1' title='image "./corpusreformato05melagoog_0105.png"; bbox 0 0 4658 5856; ppageno 0'>
   <div class='ocr_carea' id='block_1_1' title="bbox 195 295 2187 366">
    <p class='ocr_par' dir='ltr' id='par_1_1' title="bbox 195 295 2187 366">
     <span class='ocr_line' id='line_1_1' title="bbox 195 295 2187 366; baseline -0.002 -2"><span class='ocrx_word' id='word_1_1' title='bbox 195 297 258 365; x_wconf 76' lang='grc'><strong>187</strong></span> <span class='ocrx_word' id='word_1_2' title='bbox 1002 296 1218 366; x_wconf 78' lang='lat' dir='ltr'>PSALMUS</span> <span class='ocrx_word' id='word_1_3' title='bbox 1240 296 1374 363; x_wconf 88' lang='lat' dir='ltr'>XVIII.</span> <span class='ocrx_word' id='word_1_4' title='bbox 2125 295 2187 361; x_wconf 89' lang='grc'><strong>188</strong></span> 
     </span>
    </p>
   </div>
   <div class='ocr_carea' id='block_1_2' title="bbox 189 485 2193 3143">
    <p class='ocr_par' dir='ltr' id='par_1_2' title="bbox 193 485 2190 2196">
     <span class='ocr_line' id='line_1_2' title="bbox 193 485 2187 572; baseline -0.003 -19"><span class='ocrx_word' id='word_1_5' title='bbox 193 509 229 554; x_wconf 87' lang='lat' dir='ltr'><strong>se</strong></span> <span class='ocrx_word' id='word_1_6' title='bbox 252 488 351 553; x_wconf 87' lang='lat' dir='ltr'><strong>inisse</strong></span> <span class='ocrx_word' id='word_1_7' title='bbox 372 487 573 571; x_wconf 86' lang='lat' dir='ltr'><strong>expositum:</strong></span> <span class='ocrx_word' id='word_1_8' title='bbox 602 497 699 569; x_wconf 88' lang='lat' dir='ltr'><strong>atque</strong></span> <span class='ocrx_word' id='word_1_9' title='bbox 726 487 772 551; x_wconf 91' lang='lat' dir='ltr'><strong>ita</strong></span> <span class='ocrx_word' id='word_1_10' title='bbox 793 485 929 572; x_wconf 80' lang='lat' dir='ltr'><strong>clypeus</strong></span> <span class='ocrx_word' id='word_1_11' title='bbox 951 486 1069 553; x_wconf 91' lang='lat' dir='ltr'><strong>salutis</strong></span> <span class='ocrx_word' id='word_1_12' title='bbox 1090 486 1165 565; x_wconf 89' lang='lat' dir='ltr'><strong>Dei,</strong></span> <span class='ocrx_word' id='word_1_13' title='bbox 1215 485 1419 551; x_wconf 85' lang='lat' dir='ltr'><strong>demonstrat</strong></span> <span class='ocrx_word' id='word_1_14' title='bbox 1441 485 1523 550; x_wconf 90' lang='lat' dir='ltr'><strong>nihil</strong></span> <span class='ocrx_word' id='word_1_15' title='bbox 1545 487 1575 550; x_wconf 91' lang='lat' dir='ltr'><strong>ei</strong></span> <span class='ocrx_word' id='word_1_16' title='bbox 1597 488 1701 568; x_wconf 81' lang='lat' dir='ltr'><strong>magis</strong></span> <span class='ocrx_word' id='word_1_17' title='bbox 1725 485 1814 552; x_wconf 91' lang='lat' dir='ltr'><strong>oordi</strong></span> <span class='ocrx_word' id='word_1_18' title='bbox 1834 485 1944 565; x_wconf 85' lang='lat' dir='ltr'><strong>inisse,</strong></span> <span class='ocrx_word' id='word_1_19' title='bbox 1965 504 2063 567; x_wconf 92' lang='lat' dir='ltr'><strong>quam</strong></span> <span class='ocrx_word' id='word_1_20' title='bbox 2082 493 2118 548; x_wconf 91' lang='lat' dir='ltr'><strong>ut</strong></span> <span class='ocrx_word' id='word_1_21' title='bbox 2136 505 2187 548; x_wconf 88' lang='lat' dir='ltr'><strong>re-</strong></span> 
     </span>
     <span class='ocr_line' id='line_1_3' title="bbox 195 568 2186 658; baseline -0.004 -18"><span class='ocrx_word' id='word_1_22' title='bbox 195 574 392 658; x_wconf 86' lang='lat' dir='ltr'><strong>tegumentis</strong></span> <span class='ocrx_word' id='word_1_23' title='bbox 422 573 573 638; x_wconf 90' lang='lat' dir='ltr'><strong>omnibus</strong></span> <span class='ocrx_word' id='word_1_24' title='bbox 598 582 632 638; x_wconf 88' lang='lat' dir='ltr'><strong>et</strong></span> <span class='ocrx_word' id='word_1_25' title='bbox 653 573 752 638; x_wconf 88' lang='lat' dir='ltr'><strong>armis</strong></span> <span class='ocrx_word' id='word_1_26' title='bbox 774 572 892 655; x_wconf 91' lang='lat' dir='ltr'><strong>quibus</strong></span> <span class='ocrx_word' id='word_1_27' title='bbox 914 573 1062 639; x_wconf 89' lang='lat' dir='ltr'><strong>munitus</strong></span> <span class='ocrx_word' id='word_1_28' title='bbox 1083 581 1164 648; x_wconf 88' lang='lat' dir='ltr'><strong>erat,</strong></span> <span class='ocrx_word' id='word_1_29' title='bbox 1215 571 1442 656; x_wconf 88' lang='lat' dir='ltr'><strong>sipisuentibus</strong></span> <span class='ocrx_word' id='word_1_30' title='bbox 1475 585 1631 655; x_wconf 88' lang='lat' dir='ltr'><strong>parceret.</strong></span> <span class='ocrx_word' id='word_1_31' title='bbox 1688 571 1793 638; x_wconf 84' lang='lat' dir='ltr'><strong>Sicuti</strong></span> <span class='ocrx_word' id='word_1_32' title='bbox 1823 571 1976 638; x_wconf 79' lang='lat' dir='ltr'><strong>Christus</strong></span> <span class='ocrx_word' id='word_1_33' title='bbox 2003 569 2044 634; x_wconf 89' lang='lat' dir='ltr'><strong>ad</strong></span> <span class='ocrx_word' id='word_1_34' title='bbox 2074 568 2186 652; x_wconf 89' lang='lat' dir='ltr'><strong>poeni·</strong></span> 
     </span>
     <span class='ocr_line' id='line_1_4' title="bbox 195 656 2188 742; baseline -0.003 -18"><span class='ocrx_word' id='word_1_35' title='bbox 195 661 292 727; x_wconf 89' lang='lat' dir='ltr'><strong>tacite</strong></span> <span class='ocrx_word' id='word_1_36' title='bbox 313 658 496 742; x_wconf 89' lang='lat' dir='ltr'><strong>opponitur.</strong></span> <span class='ocrx_word' id='word_1_37' title='bbox 530 658 615 724; x_wconf 79' lang='lat' dir='ltr'><strong>llius</strong></span> <span class='ocrx_word' id='word_1_38' title='bbox 636 659 683 723; x_wconf 89' lang='lat' dir='ltr'><strong>rei</strong></span> <span class='ocrx_word' id='word_1_39' title='bbox 705 678 835 724; x_wconf 88' lang='lat' dir='ltr'><strong>causam</strong></span> <span class='ocrx_word' id='word_1_40' title='bbox 859 658 977 723; x_wconf 88' lang='lat' dir='ltr'><strong>iterum</strong></span> <span class='ocrx_word' id='word_1_41' title='bbox 1001 659 1103 724; x_wconf 90' lang='lat' dir='ltr'><strong>relert</strong></span> <span class='ocrx_word' id='word_1_42' title='bbox 1123 656 1164 722; x_wconf 90' lang='lat' dir='ltr'><strong>ad</strong></span> <span class='ocrx_word' id='word_1_43' title='bbox 1216 657 1352 722; x_wconf 80' lang='lat' dir='ltr'><strong>tentiam</strong></span> <span class='ocrx_word' id='word_1_44' title='bbox 1374 657 1510 723; x_wconf 89' lang='lat' dir='ltr'><strong>comiter</strong></span> <span class='ocrx_word' id='word_1_45' title='bbox 1531 677 1647 724; x_wconf 85' lang='lat' dir='ltr'><strong>omnes</strong></span> <span class='ocrx_word' id='word_1_46' title='bbox 1668 656 1822 733; x_wconf 87' lang='lat' dir='ltr'><strong>invitans,</strong></span> <span class='ocrx_word' id='word_1_47' title='bbox 1845 657 1951 722; x_wconf 85' lang='lat' dir='ltr'><strong>ferreo</strong></span> <span class='ocrx_word' id='word_1_48' title='bbox 1968 666 2095 739; x_wconf 85' lang='lat' dir='ltr'><strong>sceptro</strong></span> <span class='ocrx_word' id='word_1_49' title='bbox 2112 673 2188 720; x_wconf 92' lang='lat' dir='ltr'><strong>oon·</strong></span> 
     </span>
     <span class='ocr_line' id='line_1_5' title="bbox 195 738 2188 832; baseline -0.003 -23"><span class='ocrx_word' id='word_1_50' title='bbox 195 746 373 832; x_wconf 78' lang='lat' dir='ltr'><strong>gratuitam</strong></span> <span class='ocrx_word' id='word_1_51' title='bbox 385 744 448 808; x_wconf 88' lang='lat' dir='ltr'><strong>Dei</strong></span> <span class='ocrx_word' id='word_1_52' title='bbox 461 743 649 820; x_wconf 89' lang='lat' dir='ltr'><strong>bonitatem,</strong></span> <span class='ocrx_word' id='word_1_53' title='bbox 672 765 735 827; x_wconf 91' lang='lat' dir='ltr'><strong>qua</strong></span> <span class='ocrx_word' id='word_1_54' title='bbox 752 744 830 809; x_wconf 91' lang='lat' dir='ltr'><strong>dicit</strong></span> <span class='ocrx_word' id='word_1_55' title='bbox 848 765 883 809; x_wconf 90' lang='lat' dir='ltr'><strong>se</strong></span> <span class='ocrx_word' id='word_1_56' title='bbox 901 755 1034 810; x_wconf 90' lang='lat' dir='ltr'><strong>auctum</strong></span> <span class='ocrx_word' id='word_1_57' title='bbox 1056 745 1165 822; x_wconf 81' lang='lat' dir='ltr'><strong>fuisse,</strong></span> <span class='ocrx_word' id='word_1_58' title='bbox 1215 742 1293 808; x_wconf 88' lang='lat' dir='ltr'><strong>terit</strong></span> <span class='ocrx_word' id='word_1_59' title='bbox 1303 743 1359 825; x_wconf 92' lang='lat' dir='ltr'><strong>qui</strong></span> <span class='ocrx_word' id='word_1_60' title='bbox 1375 743 1588 825; x_wconf 87' lang='lat' dir='ltr'><strong>pervicaciter</strong></span> <span class='ocrx_word' id='word_1_61' title='bbox 1603 743 1644 808; x_wconf 91' lang='lat' dir='ltr'><strong>ad</strong></span> <span class='ocrx_word' id='word_1_62' title='bbox 1659 755 1844 809; x_wconf 85' lang='lat' dir='ltr'><strong>extremum</strong></span> <span class='ocrx_word' id='word_1_63' title='bbox 1859 744 2026 808; x_wconf 85' lang='lat' dir='ltr'><strong>resistunt.</strong></span> <span class='ocrx_word' id='word_1_64' title='bbox 2048 738 2188 808; x_wconf 87' lang='lat' dir='ltr'><strong>Summa</strong></span> 
     </span>
     <span class='ocr_line' id='line_1_6' title="bbox 196 826 2186 914; baseline -0.002 -18"><span class='ocrx_word' id='word_1_65' title='bbox 196 832 247 897; x_wconf 90' lang='lat' dir='ltr'><strong>vel</strong></span> <span class='ocrx_word' id='word_1_66' title='bbox 285 830 391 914; x_wconf 85' lang='lat' dir='ltr'><strong>magis</strong></span> <span class='ocrx_word' id='word_1_67' title='bbox 431 852 469 895; x_wconf 87' lang='lat' dir='ltr'><strong>ac</strong></span> <span class='ocrx_word' id='word_1_68' title='bbox 501 830 606 913; x_wconf 80' lang='lat' dir='ltr'><strong>magis</strong></span> <span class='ocrx_word' id='word_1_69' title='bbox 638 841 838 912; x_wconf 89' lang='lat' dir='ltr'><strong>proveetum.</strong></span> <span class='ocrx_word' id='word_1_70' title='bbox 893 828 1045 913; x_wconf 77' lang='lat' dir='ltr'><strong>Augendi</strong></span> <span class='ocrx_word' id='word_1_71' title='bbox 1078 830 1164 894; x_wconf 90' lang='lat' dir='ltr'><strong>enim</strong></span> <span class='ocrx_word' id='word_1_72' title='bbox 1215 838 1276 910; x_wconf 81' lang='lat' dir='ltr'><strong>ost,</strong></span> <span class='ocrx_word' id='word_1_73' title='bbox 1309 826 1482 906; x_wconf 77' lang='lat' dir='ltr'><strong>Davidem,</strong></span> <span class='ocrx_word' id='word_1_74' title='bbox 1515 848 1617 912; x_wconf 91' lang='lat' dir='ltr'><strong>quum</strong></span> <span class='ocrx_word' id='word_1_75' title='bbox 1650 829 1807 894; x_wconf 74' lang='lat' dir='ltr'><strong>militaret</strong></span> <span class='ocrx_word' id='word_1_76' title='bbox 1837 828 1898 895; x_wconf 86' lang='lat' dir='ltr'><strong>sub</strong></span> <span class='ocrx_word' id='word_1_77' title='bbox 1928 827 1989 893; x_wconf 91' lang='lat' dir='ltr'><strong>Dei</strong></span> <span class='ocrx_word' id='word_1_78' title='bbox 2021 828 2186 909; x_wconf 88' lang='lat' dir='ltr'><strong>auspiciis,</strong></span> 
     </span>
     <span class='ocr_line' id='line_1_7' title="bbox 195 911 2186 1012; baseline -0.003 -30"><span class='ocrx_word' id='word_1_79' title='bbox 195 916 295 982; x_wconf 89' lang='lat' dir='ltr'><strong>verbo</strong></span> <span class='ocrx_word' id='word_1_80' title='bbox 316 917 491 983; x_wconf 88' lang='lat' dir='ltr'><strong>continuos</strong></span> <span class='ocrx_word' id='word_1_81' title='bbox 512 916 631 981; x_wconf 83' lang='lat' dir='ltr'><strong>favoris</strong></span> <span class='ocrx_word' id='word_1_82' title='bbox 654 916 715 980; x_wconf 90' lang='lat' dir='ltr'><strong>Dei</strong></span> <span class='ocrx_word' id='word_1_83' title='bbox 738 937 929 999; x_wconf 84' lang='lat' dir='ltr'><strong>progressus</strong></span> <span class='ocrx_word' id='word_1_84' title='bbox 952 926 1055 980; x_wconf 88' lang='lat' dir='ltr'><strong>notat.</strong></span> <span class='ocrx_word' id='word_1_85' title='bbox 1099 915 1165 980; x_wconf 90' lang='lat' dir='ltr'><strong>Per</strong></span> <span class='ocrx_word' id='word_1_86' title='bbox 1215 934 1274 979; x_wconf 87' lang='lat' dir='ltr'><strong>rex</strong></span> <span class='ocrx_word' id='word_1_87' title='bbox 1294 913 1561 995; x_wconf 90' lang='lat' dir='ltr'><strong>abipsoeleotus,</strong></span> <span class='ocrx_word' id='word_1_88' title='bbox 1582 926 1615 979; x_wconf 93' lang='lat' dir='ltr'><strong>ot</strong></span> <span class='ocrx_word' id='word_1_89' title='bbox 1624 913 1707 979; x_wconf 93' lang='lat' dir='ltr'><strong>nihil</strong></span> <span class='ocrx_word' id='word_1_90' title='bbox 1716 915 1828 980; x_wconf 87' lang='lat' dir='ltr'><strong>nisiex</strong></span> <span class='ocrx_word' id='word_1_91' title='bbox 1841 915 1930 982; x_wconf 87' lang='lat' dir='ltr'><strong>iussu</strong></span> <span class='ocrx_word' id='word_1_92' title='bbox 1943 911 2186 1012; x_wconf 78' lang='lat' dir='ltr'><strong>eiusageudum</strong></span> 
     </span>
     <span class='ocr_line' id='line_1_8' title="bbox 193 998 2188 1085; baseline -0.003 -17"><span class='ocrx_word' id='word_1_93' title='bbox 193 1003 421 1069; x_wconf 76' lang='lat' dir='ltr'><strong>dilatationem</strong></span> <span class='ocrx_word' id='word_1_94' title='bbox 452 1002 617 1085; x_wconf 85' lang='lat' dir='ltr'><strong>ingressus</strong></span> <span class='ocrx_word' id='word_1_95' title='bbox 646 1001 801 1085; x_wconf 87' lang='lat' dir='ltr'><strong>intelligit</strong></span> <span class='ocrx_word' id='word_1_96' title='bbox 839 1003 922 1065; x_wconf 88' lang='lat' dir='ltr'><strong>viem</strong></span> <span class='ocrx_word' id='word_1_97' title='bbox 953 1001 1014 1066; x_wconf 88' lang='lat' dir='ltr'><strong>sibi</strong></span> <span class='ocrx_word' id='word_1_98' title='bbox 1047 1021 1164 1084; x_wconf 87' lang='lat' dir='ltr'><strong>aequa·</strong></span> <span class='ocrx_word' id='word_1_99' title='bbox 1215 999 1404 1083; x_wconf 84' lang='lat' dir='ltr'><strong>suscipiens,</strong></span> <span class='ocrx_word' id='word_1_100' title='bbox 1417 1000 1590 1082; x_wconf 87' lang='lat' dir='ltr'><strong>fuisseque</strong></span> <span class='ocrx_word' id='word_1_101' title='bbox 1614 1021 1655 1066; x_wconf 92' lang='lat' dir='ltr'><strong>ue</strong></span> <span class='ocrx_word' id='word_1_102' title='bbox 1666 1001 1827 1067; x_wconf 89' lang='lat' dir='ltr'><strong>divinitus</strong></span> <span class='ocrx_word' id='word_1_103' title='bbox 1838 998 1984 1065; x_wconf 83' lang='lat' dir='ltr'><strong>adiutum</strong></span> <span class='ocrx_word' id='word_1_104' title='bbox 1997 1008 2033 1063; x_wconf 93' lang='lat' dir='ltr'><strong>nt</strong></span> <span class='ocrx_word' id='word_1_105' title='bbox 2044 999 2188 1064; x_wconf 80' lang='lat' dir='ltr'><strong>invictus</strong></span> 
     </span>
     <span class='ocr_line' id='line_1_9' title="bbox 196 1084 2186 1172; baseline -0.004 -18"><span class='ocrx_word' id='word_1_106' title='bbox 196 1089 292 1154; x_wconf 92' lang='lat' dir='ltr'><strong>bilem</strong></span> <span class='ocrx_word' id='word_1_107' title='bbox 327 1109 385 1172; x_wconf 90' lang='lat' dir='ltr'><strong>por</strong></span> <span class='ocrx_word' id='word_1_108' title='bbox 416 1086 509 1152; x_wconf 86' lang='lat' dir='ltr'><strong>invia</strong></span> <span class='ocrx_word' id='word_1_109' title='bbox 542 1087 640 1152; x_wconf 83' lang='lat' dir='ltr'><strong>tuisse</strong></span> <span class='ocrx_word' id='word_1_110' title='bbox 665 1088 869 1169; x_wconf 78' lang='lat' dir='ltr'><strong>patefactam.</strong></span> <span class='ocrx_word' id='word_1_111' title='bbox 925 1085 1045 1154; x_wconf 84' lang='lat' dir='ltr'><strong>Subest</strong></span> <span class='ocrx_word' id='word_1_112' title='bbox 1076 1086 1164 1151; x_wconf 86' lang='lat' dir='ltr'><strong>enim</strong></span> <span class='ocrx_word' id='word_1_113' title='bbox 1216 1086 1596 1151; x_wconf 86' lang='lat' dir='ltr'><strong>staretoontraomnium</strong></span> <span class='ocrx_word' id='word_1_114' title='bbox 1627 1084 2186 1168; x_wconf 84' lang='lat' dir='ltr'><strong>ostinminsultus,imoiugenteset</strong></span> 
     </span>
     <span class='ocr_line' id='line_1_10' title="bbox 194 1169 2189 1257; baseline -0.004 -17"><span class='ocrx_word' id='word_1_115' title='bbox 194 1173 370 1241; x_wconf 87' lang='lat' dir='ltr'><strong>antithesis</strong></span> <span class='ocrx_word' id='word_1_116' title='bbox 408 1173 494 1238; x_wconf 91' lang='lat' dir='ltr'><strong>inter</strong></span> <span class='ocrx_word' id='word_1_117' title='bbox 526 1173 627 1237; x_wconf 90' lang='lat' dir='ltr'><strong>latum</strong></span> <span class='ocrx_word' id='word_1_118' title='bbox 661 1173 803 1256; x_wconf 89' lang='lat' dir='ltr'><strong>spatium</strong></span> <span class='ocrx_word' id='word_1_119' title='bbox 835 1184 869 1236; x_wconf 86' lang='lat' dir='ltr'><strong>et</strong></span> <span class='ocrx_word' id='word_1_120' title='bbox 900 1173 1084 1257; x_wconf 81' lang='lat' dir='ltr'><strong>angtrstiae,</strong></span> <span class='ocrx_word' id='word_1_121' title='bbox 1124 1192 1165 1236; x_wconf 86' lang='lat' dir='ltr'><strong>ex</strong></span> <span class='ocrx_word' id='word_1_122' title='bbox 1218 1169 1434 1236; x_wconf 90' lang='lat' dir='ltr'><strong>validissimas</strong></span> <span class='ocrx_word' id='word_1_123' title='bbox 1456 1171 1566 1255; x_wconf 88' lang='lat' dir='ltr'><strong>copias</strong></span> <span class='ocrx_word' id='word_1_124' title='bbox 1588 1173 1681 1254; x_wconf 85' lang='lat' dir='ltr'><strong>prodi</strong></span> <span class='ocrx_word' id='word_1_125' title='bbox 1727 1180 1787 1239; x_wconf 86' lang='lat' dir='ltr'><strong>ret.</strong></span> <span class='ocrx_word' id='word_1_126' title='bbox 1820 1171 1924 1236; x_wconf 92' lang='lat' dir='ltr'><strong>Porro</strong></span> <span class='ocrx_word' id='word_1_127' title='bbox 1945 1169 2005 1236; x_wconf 89' lang='lat' dir='ltr'><strong>sub</strong></span> <span class='ocrx_word' id='word_1_128' title='bbox 2028 1169 2089 1234; x_wconf 92' lang='lat' dir='ltr'><strong>hoo</strong></span> <span class='ocrx_word' id='word_1_129' title='bbox 2108 1180 2189 1254; x_wconf 78' lang='lat' dir='ltr'><strong>typo</strong></span> 
     </span>
     <span class='ocr_line' id='line_1_11' title="bbox 196 1254 2187 1344; baseline -0.002 -19"><span class='ocrx_word' id='word_1_130' title='bbox 196 1261 315 1344; x_wconf 90' lang='lat' dir='ltr'><strong>quibus</strong></span> <span class='ocrx_word' id='word_1_131' title='bbox 336 1258 449 1343; x_wconf 90' lang='lat' dir='ltr'><strong>pedem</strong></span> <span class='ocrx_word' id='word_1_132' title='bbox 474 1279 603 1323; x_wconf 88' lang='lat' dir='ltr'><strong>movere</strong></span> <span class='ocrx_word' id='word_1_133' title='bbox 626 1280 689 1322; x_wconf 92' lang='lat' dir='ltr'><strong>non</strong></span> <span class='ocrx_word' id='word_1_134' title='bbox 712 1257 795 1324; x_wconf 86' lang='lat' dir='ltr'><strong>lieet</strong></span> <span class='ocrx_word' id='word_1_135' title='bbox 836 1257 962 1323; x_wconf 80' lang='lat' dir='ltr'><strong>Sensus</strong></span> <span class='ocrx_word' id='word_1_136' title='bbox 984 1273 1043 1339; x_wconf 85' lang='lat' dir='ltr'><strong>est,</strong></span> <span class='ocrx_word' id='word_1_137' title='bbox 1065 1277 1165 1342; x_wconf 91' lang='lat' dir='ltr'><strong>quum</strong></span> <span class='ocrx_word' id='word_1_138' title='bbox 1216 1257 1356 1322; x_wconf 87' lang='lat' dir='ltr'><strong>sciamus</strong></span> <span class='ocrx_word' id='word_1_139' title='bbox 1378 1259 1534 1322; x_wconf 89' lang='lat' dir='ltr'><strong>invictam</strong></span> <span class='ocrx_word' id='word_1_140' title='bbox 1557 1257 1690 1341; x_wconf 83' lang='lat' dir='ltr'><strong>regniO</strong></span> <span class='ocrx_word' id='word_1_141' title='bbox 1716 1258 1788 1324; x_wconf 90' lang='lat' dir='ltr'><strong>risti</strong></span> <span class='ocrx_word' id='word_1_142' title='bbox 1810 1264 1933 1323; x_wconf 87' lang='lat' dir='ltr'><strong>statum</strong></span> <span class='ocrx_word' id='word_1_143' title='bbox 1951 1256 2050 1321; x_wconf 84' lang='lat' dir='ltr'><strong>luisse</strong></span> <span class='ocrx_word' id='word_1_144' title='bbox 2072 1254 2187 1321; x_wconf 89' lang='lat' dir='ltr'><strong>adum·</strong></span> 
     </span>
     <span class='ocr_line' id='line_1_12' title="bbox 195 1340 2188 1426; baseline -0.003 -14"><span class='ocrx_word' id='word_1_145' title='bbox 195 1349 231 1412; x_wconf 92' lang='lat' dir='ltr'><strong>in</strong></span> <span class='ocrx_word' id='word_1_146' title='bbox 260 1355 439 1411; x_wconf 85' lang='lat' dir='ltr'><strong>extremam</strong></span> <span class='ocrx_word' id='word_1_147' title='bbox 470 1344 728 1426; x_wconf 78' lang='lat' dir='ltr'><strong>desperationem</strong></span> <span class='ocrx_word' id='word_1_148' title='bbox 757 1344 922 1409; x_wconf 85' lang='lat' dir='ltr'><strong>coniectus</strong></span> <span class='ocrx_word' id='word_1_149' title='bbox 949 1354 1052 1422; x_wconf 87' lang='lat' dir='ltr'><strong>esset,</strong></span> <span class='ocrx_word' id='word_1_150' title='bbox 1082 1343 1166 1408; x_wconf 92' lang='lat' dir='ltr'><strong>divi·</strong></span> <span class='ocrx_word' id='word_1_151' title='bbox 1218 1342 1357 1421; x_wconf 81' lang='lat' dir='ltr'><strong>brutum,</strong></span> <span class='ocrx_word' id='word_1_152' title='bbox 1381 1352 1417 1408; x_wconf 89' lang='lat' dir='ltr'><strong>ut</strong></span> <span class='ocrx_word' id='word_1_153' title='bbox 1439 1343 1503 1408; x_wconf 90' lang='lat' dir='ltr'><strong>Dei</strong></span> <span class='ocrx_word' id='word_1_154' title='bbox 1526 1344 1648 1409; x_wconf 88' lang='lat' dir='ltr'><strong>virtute</strong></span> <span class='ocrx_word' id='word_1_155' title='bbox 1669 1344 1773 1409; x_wconf 83' lang='lat' dir='ltr'><strong>fretus</strong></span> <span class='ocrx_word' id='word_1_156' title='bbox 1795 1343 1967 1426; x_wconf 88' lang='lat' dir='ltr'><strong>prostratis</strong></span> <span class='ocrx_word' id='word_1_157' title='bbox 1989 1343 2056 1408; x_wconf 90' lang='lat' dir='ltr'><strong>suis</strong></span> <span class='ocrx_word' id='word_1_158' title='bbox 2083 1340 2188 1406; x_wconf 90' lang='lat' dir='ltr'><strong>hosti·</strong></span> 
     </span>
     <span class='ocr_line' id='line_1_13' title="bbox 196 1428 2189 1515; baseline -0.004 -18"><span class='ocrx_word' id='word_1_159' title='bbox 196 1434 286 1497; x_wconf 89' lang='lat' dir='ltr'><strong>nitus</strong></span> <span class='ocrx_word' id='word_1_160' title='bbox 304 1431 404 1496; x_wconf 85' lang='lat' dir='ltr'><strong>fuisse</strong></span> <span class='ocrx_word' id='word_1_161' title='bbox 422 1428 619 1512; x_wconf 87' lang='lat' dir='ltr'><strong>expeditum.</strong></span> <span class='ocrx_word' id='word_1_162' title='bbox 653 1429 762 1512; x_wconf 83' lang='lat' dir='ltr'><strong>Atque</strong></span> <span class='ocrx_word' id='word_1_163' title='bbox 779 1429 860 1495; x_wconf 88' lang='lat' dir='ltr'><strong>haec</strong></span> <span class='ocrx_word' id='word_1_164' title='bbox 876 1430 918 1496; x_wconf 88' lang='lat' dir='ltr'><strong>ad</strong></span> <span class='ocrx_word' id='word_1_165' title='bbox 939 1429 1165 1515; x_wconf 75' lang='lat' dir='ltr'><strong>corrigendam</strong></span> <span class='ocrx_word' id='word_1_166' title='bbox 1218 1429 1280 1493; x_wconf 91' lang='lat' dir='ltr'><strong>bus</strong></span> <span class='ocrx_word' id='word_1_167' title='bbox 1319 1437 1466 1513; x_wconf 87' lang='lat' dir='ltr'><strong>emergat</strong></span> <span class='ocrx_word' id='word_1_168' title='bbox 1510 1449 1639 1512; x_wconf 89' lang='lat' dir='ltr'><strong>semper</strong></span> <span class='ocrx_word' id='word_1_169' title='bbox 1685 1430 1850 1512; x_wconf 79' lang='lat' dir='ltr'><strong>superior,</strong></span> <span class='ocrx_word' id='word_1_170' title='bbox 1894 1448 2019 1511; x_wconf 87' lang='lat' dir='ltr'><strong>rexque</strong></span> <span class='ocrx_word' id='word_1_171' title='bbox 2057 1442 2189 1493; x_wconf 91' lang='lat' dir='ltr'><strong>maneat</strong></span> 
     </span>
     <span class='ocr_line' id='line_1_14' title="bbox 197 1513 2189 1597; baseline -0.004 -13"><span class='ocrx_word' id='word_1_172' title='bbox 197 1530 340 1584; x_wconf 89' lang='lat' dir='ltr'><strong>nostram</strong></span> <span class='ocrx_word' id='word_1_173' title='bbox 371 1515 585 1580; x_wconf 84' lang='lat' dir='ltr'><strong>diffidentiam</strong></span> <span class='ocrx_word' id='word_1_174' title='bbox 607 1515 756 1597; x_wconf 89' lang='lat' dir='ltr'><strong>apprime</strong></span> <span class='ocrx_word' id='word_1_175' title='bbox 781 1515 870 1582; x_wconf 87' lang='lat' dir='ltr'><strong>utilis</strong></span> <span class='ocrx_word' id='word_1_176' title='bbox 901 1528 950 1581; x_wconf 87' lang='lat' dir='ltr'><strong>est</strong></span> <span class='ocrx_word' id='word_1_177' title='bbox 979 1515 1165 1592; x_wconf 86' lang='lat' dir='ltr'><strong>admonitio,</strong></span> <span class='ocrx_word' id='word_1_178' title='bbox 1216 1513 1322 1589; x_wconf 80' lang='lat' dir='ltr'><strong>invito</strong></span> <span class='ocrx_word' id='word_1_179' title='bbox 1353 1514 1485 1579; x_wconf 83' lang='lat' dir='ltr'><strong>mundo.</strong></span> <span class='ocrx_word' id='word_1_180' title='bbox 1536 1513 1647 1594; x_wconf 79' lang='lat' dir='ltr'><strong>Quum</strong></span> <span class='ocrx_word' id='word_1_181' title='bbox 1676 1535 1755 1581; x_wconf 90' lang='lat' dir='ltr'><strong>vero</strong></span> <span class='ocrx_word' id='word_1_182' title='bbox 1781 1514 1876 1582; x_wconf 93' lang='lat' dir='ltr'><strong>nobis</strong></span> <span class='ocrx_word' id='word_1_183' title='bbox 1904 1532 2093 1580; x_wconf 88' lang='lat' dir='ltr'><strong>communes</strong></span> <span class='ocrx_word' id='word_1_184' title='bbox 2122 1513 2189 1578; x_wconf 89' lang='lat' dir='ltr'><strong>sint</strong></span> 
     </span>
     <span class='ocr_line' id='line_1_15' title="bbox 199 1599 2186 1686; baseline -0.002 -17"><span class='ocrx_word' id='word_1_185' title='bbox 199 1603 263 1669; x_wconf 86' lang='lat' dir='ltr'><strong>nisi</strong></span> <span class='ocrx_word' id='word_1_186' title='bbox 285 1603 372 1666; x_wconf 85' lang='lat' dir='ltr'><strong>enim</strong></span> <span class='ocrx_word' id='word_1_187' title='bbox 396 1599 489 1667; x_wconf 89' lang='lat' dir='ltr'><strong>uobis</strong></span> <span class='ocrx_word' id='word_1_188' title='bbox 511 1622 647 1666; x_wconf 86' lang='lat' dir='ltr'><strong>amoena</strong></span> <span class='ocrx_word' id='word_1_189' title='bbox 670 1602 714 1665; x_wconf 86' lang='lat' dir='ltr'><strong>sit</strong></span> <span class='ocrx_word' id='word_1_190' title='bbox 736 1612 811 1667; x_wconf 89' lang='lat' dir='ltr'><strong>ants</strong></span> <span class='ocrx_word' id='word_1_191' title='bbox 832 1602 943 1669; x_wconf 91' lang='lat' dir='ltr'><strong>oeulos</strong></span> <span class='ocrx_word' id='word_1_192' title='bbox 961 1601 1112 1686; x_wconf 88' lang='lat' dir='ltr'><strong>planities</strong></span> <span class='ocrx_word' id='word_1_193' title='bbox 1130 1601 1166 1665; x_wconf 91' lang='lat' dir='ltr'><strong>iu</strong></span> <span class='ocrx_word' id='word_1_194' title='bbox 1217 1599 1287 1665; x_wconf 87' lang='lat' dir='ltr'><strong>eius</strong></span> <span class='ocrx_word' id='word_1_195' title='bbox 1309 1599 1473 1675; x_wconf 89' lang='lat' dir='ltr'><strong>victoriae,</strong></span> <span class='ocrx_word' id='word_1_196' title='bbox 1502 1602 1658 1683; x_wconf 85' lang='lat' dir='ltr'><strong>sequitur.</strong></span> <span class='ocrx_word' id='word_1_197' title='bbox 1688 1600 1943 1684; x_wconf 78' lang='lat' dir='ltr'><strong>inexpugnabile</strong></span> <span class='ocrx_word' id='word_1_198' title='bbox 1973 1599 2065 1664; x_wconf 88' lang='lat' dir='ltr'><strong>nobis</strong></span> <span class='ocrx_word' id='word_1_199' title='bbox 2094 1619 2186 1683; x_wconf 85' lang='lat' dir='ltr'><strong>prae·</strong></span> 
     </span>
     <span class='ocr_line' id='line_1_16' title="bbox 196 1684 2189 1772; baseline -0.003 -18"><span class='ocrx_word' id='word_1_200' title='bbox 196 1709 261 1772; x_wconf 90' lang='lat' dir='ltr'><strong>qua</strong></span> <span class='ocrx_word' id='word_1_201' title='bbox 282 1688 384 1752; x_wconf 87' lang='lat' dir='ltr'><strong>libore</strong></span> <span class='ocrx_word' id='word_1_202' title='bbox 406 1687 551 1751; x_wconf 85' lang='lat' dir='ltr'><strong>exsultet</strong></span> <span class='ocrx_word' id='word_1_203' title='bbox 571 1707 655 1763; x_wconf 90' lang='lat' dir='ltr'><strong>caro,</strong></span> <span class='ocrx_word' id='word_1_204' title='bbox 679 1685 880 1769; x_wconf 89' lang='lat' dir='ltr'><strong>trepidamus</strong></span> <span class='ocrx_word' id='word_1_205' title='bbox 901 1708 939 1755; x_wconf 90' lang='lat' dir='ltr'><strong>ac</strong></span> <span class='ocrx_word' id='word_1_206' title='bbox 956 1689 985 1753; x_wconf 89' lang='lat' dir='ltr'><strong>sl</strong></span> <span class='ocrx_word' id='word_1_207' title='bbox 1002 1708 1061 1753; x_wconf 90' lang='lat' dir='ltr'><strong>nos</strong></span> <span class='ocrx_word' id='word_1_208' title='bbox 1079 1696 1167 1752; x_wconf 87' lang='lat' dir='ltr'><strong>terra</strong></span> <span class='ocrx_word' id='word_1_209' title='bbox 1217 1684 1337 1750; x_wconf 93' lang='lat' dir='ltr'><strong>sidium</strong></span> <span class='ocrx_word' id='word_1_210' title='bbox 1360 1698 1475 1752; x_wconf 89' lang='lat' dir='ltr'><strong>eontra</strong></span> <span class='ocrx_word' id='word_1_211' title='bbox 1496 1706 1611 1752; x_wconf 91' lang='lat' dir='ltr'><strong>omnes</strong></span> <span class='ocrx_word' id='word_1_212' title='bbox 1628 1686 1748 1752; x_wconf 91' lang='lat' dir='ltr'><strong>diaboli</strong></span> <span class='ocrx_word' id='word_1_213' title='bbox 1766 1696 1913 1764; x_wconf 85' lang='lat' dir='ltr'><strong>conatus,</strong></span> <span class='ocrx_word' id='word_1_214' title='bbox 1934 1705 2048 1750; x_wconf 92' lang='lat' dir='ltr'><strong>omnes</strong></span> <span class='ocrx_word' id='word_1_215' title='bbox 2065 1686 2189 1768; x_wconf 88' lang='lat' dir='ltr'><strong>peceati</strong></span> 
     </span>
     <span class='ocr_line' id='line_1_17' title="bbox 194 1769 2190 1855; baseline -0.002 -16"><span class='ocrx_word' id='word_1_216' title='bbox 194 1773 357 1841; x_wconf 86' lang='lat' dir='ltr'><strong>deficeret.</strong></span> <span class='ocrx_word' id='word_1_217' title='bbox 402 1773 585 1837; x_wconf 83' lang='lat' dir='ltr'><strong>Teneamus</strong></span> <span class='ocrx_word' id='word_1_218' title='bbox 613 1792 698 1855; x_wconf 85' lang='lat' dir='ltr'><strong>ergo,</strong></span> <span class='ocrx_word' id='word_1_219' title='bbox 728 1794 793 1839; x_wconf 90' lang='lat' dir='ltr'><strong>non</strong></span> <span class='ocrx_word' id='word_1_220' title='bbox 821 1774 942 1839; x_wconf 83' lang='lat' dir='ltr'><strong>frustra</strong></span> <span class='ocrx_word' id='word_1_221' title='bbox 963 1793 1084 1839; x_wconf 90' lang='lat' dir='ltr'><strong>munus</strong></span> <span class='ocrx_word' id='word_1_222' title='bbox 1107 1772 1168 1838; x_wconf 88' lang='lat' dir='ltr'><strong>hoe</strong></span> <span class='ocrx_word' id='word_1_223' title='bbox 1218 1770 1386 1837; x_wconf 87' lang='lat' dir='ltr'><strong>machinas</strong></span> <span class='ocrx_word' id='word_1_224' title='bbox 1413 1782 1447 1837; x_wconf 92' lang='lat' dir='ltr'><strong>et</strong></span> <span class='ocrx_word' id='word_1_225' title='bbox 1474 1773 1582 1837; x_wconf 87' lang='lat' dir='ltr'><strong>cernis</strong></span> <span class='ocrx_word' id='word_1_226' title='bbox 1610 1772 1806 1838; x_wconf 86' lang='lat' dir='ltr'><strong>tentationes</strong></span> <span class='ocrx_word' id='word_1_227' title='bbox 1827 1771 1983 1855; x_wconf 85' lang='lat' dir='ltr'><strong>promitti.</strong></span> <span class='ocrx_word' id='word_1_228' title='bbox 2027 1769 2190 1850; x_wconf 78' lang='lat' dir='ltr'><strong>Quamvis</strong></span> 
     </span>
     <span class='ocr_line' id='line_1_18' title="bbox 198 1855 2190 1942; baseline -0.002 -18"><span class='ocrx_word' id='word_1_229' title='bbox 198 1860 270 1927; x_wconf 88' lang='lat' dir='ltr'><strong>Deo</strong></span> <span class='ocrx_word' id='word_1_230' title='bbox 297 1858 446 1931; x_wconf 85' lang='lat' dir='ltr'><strong>adscribi,</strong></span> <span class='ocrx_word' id='word_1_231' title='bbox 478 1872 514 1923; x_wconf 95' lang='lat' dir='ltr'><strong>ut</strong></span> <span class='ocrx_word' id='word_1_232' title='bbox 536 1858 606 1924; x_wconf 91' lang='lat' dir='ltr'><strong>vias</strong></span> <span class='ocrx_word' id='word_1_233' title='bbox 628 1869 757 1925; x_wconf 89' lang='lat' dir='ltr'><strong>nostras</strong></span> <span class='ocrx_word' id='word_1_234' title='bbox 778 1856 892 1925; x_wconf 89' lang='lat' dir='ltr'><strong>dilatet</strong></span> <span class='ocrx_word' id='word_1_235' title='bbox 915 1880 953 1926; x_wconf 87' lang='lat' dir='ltr'><strong>ao</strong></span> <span class='ocrx_word' id='word_1_236' title='bbox 973 1860 1166 1942; x_wconf 85' lang='lat' dir='ltr'><strong>complanet.</strong></span> <span class='ocrx_word' id='word_1_237' title='bbox 1216 1857 1327 1940; x_wconf 85' lang='lat' dir='ltr'><strong>itaque</strong></span> <span class='ocrx_word' id='word_1_238' title='bbox 1343 1856 1556 1940; x_wconf 89' lang='lat' dir='ltr'><strong>tranquillum</strong></span> <span class='ocrx_word' id='word_1_239' title='bbox 1571 1877 1712 1940; x_wconf 84' lang='lat' dir='ltr'><strong>regnum</strong></span> <span class='ocrx_word' id='word_1_240' title='bbox 1722 1856 1877 1924; x_wconf 87' lang='lat' dir='ltr'><strong>Ohristus</strong></span> <span class='ocrx_word' id='word_1_241' title='bbox 1891 1856 2022 1922; x_wconf 75' lang='lat' dir='ltr'><strong>nonnisi</strong></span> <span class='ocrx_word' id='word_1_242' title='bbox 2039 1855 2190 1923; x_wconf 90' lang='lat' dir='ltr'><strong>bellando</strong></span> 
     </span>
     <span class='ocr_line' id='line_1_19' title="bbox 197 1942 2190 2029; baseline -0.003 -18"><span class='ocrx_word' id='word_1_243' title='bbox 197 1946 305 2011; x_wconf 88' lang='lat' dir='ltr'><strong>Huius</strong></span> <span class='ocrx_word' id='word_1_244' title='bbox 323 1944 449 2028; x_wconf 83' lang='lat' dir='ltr'><strong>gratiae</strong></span> <span class='ocrx_word' id='word_1_245' title='bbox 471 1944 623 2009; x_wconf 85' lang='lat' dir='ltr'><strong>effectum</strong></span> <span class='ocrx_word' id='word_1_246' title='bbox 649 1945 788 2021; x_wconf 86' lang='lat' dir='ltr'><strong>subiicit,</strong></span> <span class='ocrx_word' id='word_1_247' title='bbox 812 1945 897 2028; x_wconf 92' lang='lat' dir='ltr'><strong>quod</strong></span> <span class='ocrx_word' id='word_1_248' title='bbox 915 1944 1013 2029; x_wconf 92' lang='lat' dir='ltr'><strong>pedes</strong></span> <span class='ocrx_word' id='word_1_249' title='bbox 1031 1946 1081 2010; x_wconf 91' lang='lat' dir='ltr'><strong>sni</strong></span> <span class='ocrx_word' id='word_1_250' title='bbox 1101 1966 1166 2009; x_wconf 91' lang='lat' dir='ltr'><strong>uon</strong></span> <span class='ocrx_word' id='word_1_251' title='bbox 1217 1943 1371 2017; x_wconf 85' lang='lat' dir='ltr'><strong>obtinent,</strong></span> <span class='ocrx_word' id='word_1_252' title='bbox 1405 1944 1498 2009; x_wconf 89' lang='lat' dir='ltr'><strong>nobis</strong></span> <span class='ocrx_word' id='word_1_253' title='bbox 1531 1943 1611 2008; x_wconf 88' lang='lat' dir='ltr'><strong>satis</strong></span> <span class='ocrx_word' id='word_1_254' title='bbox 1644 1944 1688 2009; x_wconf 89' lang='lat' dir='ltr'><strong>sit</strong></span> <span class='ocrx_word' id='word_1_255' title='bbox 1719 1942 1761 2008; x_wconf 90' lang='lat' dir='ltr'><strong>ad</strong></span> <span class='ocrx_word' id='word_1_256' title='bbox 1794 1944 1866 2010; x_wconf 90' lang='lat' dir='ltr'><strong>eius</strong></span> <span class='ocrx_word' id='word_1_257' title='bbox 1897 1942 2190 2021; x_wconf 90' lang='lat' dir='ltr'><strong>conservationem,</strong></span> 
     </span>
     <span class='ocr_line' id='line_1_20' title="bbox 198 2026 2188 2113; baseline -0.003 -17"><span class='ocrx_word' id='word_1_258' title='bbox 198 2033 355 2108; x_wconf 90' lang='lat' dir='ltr'><strong>nutarint,</strong></span> <span class='ocrx_word' id='word_1_259' title='bbox 377 2028 515 2106; x_wconf 85' lang='lat' dir='ltr'><strong>honest,</strong></span> <span class='ocrx_word' id='word_1_260' title='bbox 535 2029 624 2093; x_wconf 93' lang='lat' dir='ltr'><strong>nullo</strong></span> <span class='ocrx_word' id='word_1_261' title='bbox 642 2031 782 2096; x_wconf 90' lang='lat' dir='ltr'><strong>adversu</strong></span> <span class='ocrx_word' id='word_1_262' title='bbox 800 2050 878 2097; x_wconf 89' lang='lat' dir='ltr'><strong>casu</strong></span> <span class='ocrx_word' id='word_1_263' title='bbox 897 2030 1038 2097; x_wconf 84' lang='lat' dir='ltr'><strong>deiectus</strong></span> <span class='ocrx_word' id='word_1_264' title='bbox 1057 2030 1166 2096; x_wconf 87' lang='lat' dir='ltr'><strong>fuerit.</strong></span> <span class='ocrx_word' id='word_1_265' title='bbox 1218 2048 1349 2110; x_wconf 80' lang='lat' dir='ltr'><strong>semper</strong></span> <span class='ocrx_word' id='word_1_266' title='bbox 1367 2038 1512 2110; x_wconf 87' lang='lat' dir='ltr'><strong>paratam</strong></span> <span class='ocrx_word' id='word_1_267' title='bbox 1535 2027 1603 2094; x_wconf 85' lang='lat' dir='ltr'><strong>fore</strong></span> <span class='ocrx_word' id='word_1_268' title='bbox 1616 2027 1681 2094; x_wconf 88' lang='lat' dir='ltr'><strong>Dei</strong></span> <span class='ocrx_word' id='word_1_269' title='bbox 1694 2049 1840 2096; x_wconf 91' lang='lat' dir='ltr'><strong>manum.</strong></span> <span class='ocrx_word' id='word_1_270' title='bbox 1874 2029 2038 2113; x_wconf 76' lang='lat' dir='ltr'><strong>Prologus</strong></span> <span class='ocrx_word' id='word_1_271' title='bbox 2059 2026 2188 2111; x_wconf 89' lang='lat' dir='ltr'><strong>quidem</strong></span> 
     </span>
     <span class='ocr_line' id='line_1_21' title="bbox 1218 2113 2190 2196; baseline 0 -18"><span class='ocrx_word' id='word_1_272' title='bbox 1218 2113 1259 2178; x_wconf 90' lang='lat' dir='ltr'><strong>ad</strong></span> <span class='ocrx_word' id='word_1_273' title='bbox 1282 2124 1412 2196; x_wconf 88' lang='lat' dir='ltr'><strong>tempus</strong></span> <span class='ocrx_word' id='word_1_274' title='bbox 1440 2116 1502 2179; x_wconf 90' lang='lat' dir='ltr'><strong>fuit</strong></span> <span class='ocrx_word' id='word_1_275' title='bbox 1525 2114 1642 2194; x_wconf 90' lang='lat' dir='ltr'><strong>David,</strong></span> <span class='ocrx_word' id='word_1_276' title='bbox 1671 2126 1709 2180; x_wconf 91' lang='lat' dir='ltr'><strong>ut</strong></span> <span class='ocrx_word' id='word_1_277' title='bbox 1730 2115 1832 2181; x_wconf 91' lang='lat' dir='ltr'><strong>vitam</strong></span> <span class='ocrx_word' id='word_1_278' title='bbox 1854 2134 1949 2180; x_wconf 90' lang='lat' dir='ltr'><strong>suam</strong></span> <span class='ocrx_word' id='word_1_279' title='bbox 1970 2115 2113 2179; x_wconf 87' lang='lat' dir='ltr'><strong>lerarnm</strong></span> <span class='ocrx_word' id='word_1_280' title='bbox 2136 2134 2190 2179; x_wconf 90' lang='lat' dir='ltr'><strong>ca·</strong></span> 
     </span>
    </p>

    <p class='ocr_par' dir='ltr' id='par_1_3' title="bbox 189 2198 2193 2885">
     <span class='ocr_line' id='line_1_22' title="bbox 282 2198 2190 2286; baseline -0.002 -19"><span class='ocrx_word' id='word_1_281' title='bbox 282 2201 333 2267; x_wconf 83' lang='lat'><strong>38.</strong></span> <span class='ocrx_word' id='word_1_282' title='bbox 364 2200 541 2281; x_wconf 76' lang='lat' dir='ltr'><strong>Persequar</strong></span> <span class='ocrx_word' id='word_1_283' title='bbox 567 2199 708 2267; x_wconf 86' lang='lat' dir='ltr'><strong>inimicos</strong></span> <span class='ocrx_word' id='word_1_284' title='bbox 734 2222 826 2285; x_wconf 73' lang='lat' dir='ltr'><strong>nuos,</strong></span> <span class='ocrx_word' id='word_1_285' title='bbox 856 2207 883 2267; x_wconf 84' lang='lat' dir='ltr'><strong>al</strong></span> <span class='ocrx_word' id='word_1_286' title='bbox 912 2202 1168 2286; x_wconf 79' lang='lat' dir='ltr'><strong>comprabandam</strong></span> <span class='ocrx_word' id='word_1_287' title='bbox 1218 2201 1329 2265; x_wconf 92' lang='lat' dir='ltr'><strong>vernis</strong></span> <span class='ocrx_word' id='word_1_288' title='bbox 1352 2201 1409 2265; x_wconf 88' lang='lat' dir='ltr'><strong>vix</strong></span> <span class='ocrx_word' id='word_1_289' title='bbox 1433 2211 1574 2283; x_wconf 83' lang='lat' dir='ltr'><strong>tegeret:</strong></span> <span class='ocrx_word' id='word_1_290' title='bbox 1595 2200 1758 2267; x_wconf 85' lang='lat' dir='ltr'><strong>sedDeue</strong></span> <span class='ocrx_word' id='word_1_291' title='bbox 1774 2198 1907 2266; x_wconf 91' lang='lat' dir='ltr'><strong>tandem</strong></span> <span class='ocrx_word' id='word_1_292' title='bbox 1929 2209 2022 2285; x_wconf 82' lang='lat' dir='ltr'><strong>terga</strong></span> <span class='ocrx_word' id='word_1_293' title='bbox 2044 2199 2190 2266; x_wconf 91' lang='lat' dir='ltr'><strong>hostium</strong></span> 
     </span>
     <span class='ocr_line' id='line_1_23' title="bbox 193 2274 2190 2371; baseline -0.003 -17"><span class='ocrx_word' id='word_1_294' title='bbox 193 2309 262 2354; x_wconf 84' lang='lat' dir='ltr'><strong>aas:</strong></span> <span class='ocrx_word' id='word_1_295' title='bbox 282 2307 336 2354; x_wconf 81' lang='lat' dir='ltr'><strong>neo</strong></span> <span class='ocrx_word' id='word_1_296' title='bbox 356 2292 494 2352; x_wconf 83' lang='lat' dir='ltr'><strong>reuertar</strong></span> <span class='ocrx_word' id='word_1_297' title='bbox 510 2285 603 2352; x_wconf 79' lang='lat' dir='ltr'><strong>donea</strong></span> <span class='ocrx_word' id='word_1_298' title='bbox 621 2290 863 2369; x_wconf 80' lang='lat' dir='ltr'><strong>consumpserim</strong></span> <span class='ocrx_word' id='word_1_299' title='bbox 880 2308 940 2354; x_wconf 82' lang='lat' dir='ltr'><strong>eoa.</strong></span> <span class='ocrx_word' id='word_1_300' title='bbox 975 2288 1026 2354; x_wconf 85' lang='lat'><strong>39.</strong></span> <span class='ocrx_word' id='word_1_301' title='bbox 1049 2274 1168 2370; x_wconf 69' lang='lat' dir='ltr'><strong>Asflixi</strong></span> <span class='ocrx_word' id='word_1_302' title='bbox 1219 2286 1327 2362; x_wconf 91' lang='lat' dir='ltr'><strong>vertit,</strong></span> <span class='ocrx_word' id='word_1_303' title='bbox 1350 2307 1410 2352; x_wconf 90' lang='lat' dir='ltr'><strong>neo</strong></span> <span class='ocrx_word' id='word_1_304' title='bbox 1432 2287 1527 2353; x_wconf 92' lang='lat' dir='ltr'><strong>modo</strong></span> <span class='ocrx_word' id='word_1_305' title='bbox 1549 2288 1685 2354; x_wconf 88' lang='lat' dir='ltr'><strong>coniecit</strong></span> <span class='ocrx_word' id='word_1_306' title='bbox 1705 2287 1739 2352; x_wconf 92' lang='lat' dir='ltr'><strong>iu</strong></span> <span class='ocrx_word' id='word_1_307' title='bbox 1762 2286 1884 2371; x_wconf 85' lang='lat' dir='ltr'><strong>lugam,</strong></span> <span class='ocrx_word' id='word_1_308' title='bbox 1913 2285 1970 2352; x_wconf 85' lang='lat' dir='ltr'><strong>sed</strong></span> <span class='ocrx_word' id='word_1_309' title='bbox 1992 2286 2091 2352; x_wconf 91' lang='lat' dir='ltr'><strong>etiam</strong></span> <span class='ocrx_word' id='word_1_310' title='bbox 2113 2305 2190 2369; x_wconf 90' lang='lat' dir='ltr'><strong>pro·</strong></span> 
     </span>
     <span class='ocr_line' id='line_1_24' title="bbox 193 2371 2193 2457; baseline -0.002 -18"><span class='ocrx_word' id='word_1_311' title='bbox 193 2395 260 2453; x_wconf 81' lang='lat' dir='ltr'><strong>cos,</strong></span> <span class='ocrx_word' id='word_1_312' title='bbox 299 2392 354 2437; x_wconf 85' lang='lat' dir='ltr'><strong>nro</strong></span> <span class='ocrx_word' id='word_1_313' title='bbox 379 2376 548 2454; x_wconf 80' lang='lat' dir='ltr'><strong>potuerant</strong></span> <span class='ocrx_word' id='word_1_314' title='bbox 578 2394 712 2456; x_wconf 71' lang='lat' dir='ltr'><strong>surpere,</strong></span> <span class='ocrx_word' id='word_1_315' title='bbox 745 2374 917 2440; x_wconf 80' lang='lat' dir='ltr'><strong>acciderant</strong></span> <span class='ocrx_word' id='word_1_316' title='bbox 949 2374 1006 2438; x_wconf 85' lang='lat' dir='ltr'><strong>sab</strong></span> <span class='ocrx_word' id='word_1_317' title='bbox 1035 2373 1167 2456; x_wconf 80' lang='lat' dir='ltr'><strong>pedibus</strong></span> <span class='ocrx_word' id='word_1_318' title='bbox 1218 2371 1378 2455; x_wconf 82' lang='lat' dir='ltr'><strong>fligandos</strong></span> <span class='ocrx_word' id='word_1_319' title='bbox 1397 2371 1540 2438; x_wconf 84' lang='lat' dir='ltr'><strong>tradidit.</strong></span> <span class='ocrx_word' id='word_1_320' title='bbox 1558 2373 1612 2438; x_wconf 90' lang='lat' dir='ltr'><strong>Ita</strong></span> <span class='ocrx_word' id='word_1_321' title='bbox 1628 2373 1778 2457; x_wconf 89' lang='lat' dir='ltr'><strong>quamvis</strong></span> <span class='ocrx_word' id='word_1_322' title='bbox 1796 2371 1978 2456; x_wconf 88' lang='lat' dir='ltr'><strong>adtempus</strong></span> <span class='ocrx_word' id='word_1_323' title='bbox 1996 2372 2193 2439; x_wconf 89' lang='lat' dir='ltr'><strong>immineant</strong></span> 
     </span>
     <span class='ocr_line' id='line_1_25' title="bbox 196 2453 2193 2543; baseline -0.002 -18"><span class='ocrx_word' id='word_1_324' title='bbox 196 2461 284 2525; x_wconf 81' lang='lat' dir='ltr'><strong>maio.</strong></span> <span class='ocrx_word' id='word_1_325' title='bbox 318 2457 370 2523; x_wconf 84' lang='lat'><strong>40.</strong></span> <span class='ocrx_word' id='word_1_326' title='bbox 394 2453 440 2522; x_wconf 77' lang='lat' dir='ltr'><strong>m</strong></span> <span class='ocrx_word' id='word_1_327' title='bbox 467 2458 633 2524; x_wconf 74' lang='lat' dir='ltr'><strong>accinxisti</strong></span> <span class='ocrx_word' id='word_1_328' title='bbox 653 2480 701 2525; x_wconf 90' lang='lat' dir='ltr'><strong>ma</strong></span> <span class='ocrx_word' id='word_1_329' title='bbox 720 2460 905 2543; x_wconf 81' lang='lat' dir='ltr'><strong>fortitudine</strong></span> <span class='ocrx_word' id='word_1_330' title='bbox 933 2461 976 2525; x_wconf 83' lang='lat' dir='ltr'><strong>ad</strong></span> <span class='ocrx_word' id='word_1_331' title='bbox 993 2459 1168 2541; x_wconf 81' lang='lat' dir='ltr'><strong>proelium:</strong></span> <span class='ocrx_word' id='word_1_332' title='bbox 1218 2458 1400 2523; x_wconf 88' lang='lat' dir='ltr'><strong>cervicibus</strong></span> <span class='ocrx_word' id='word_1_333' title='bbox 1434 2459 1556 2524; x_wconf 85' lang='lat' dir='ltr'><strong>nostrie</strong></span> <span class='ocrx_word' id='word_1_334' title='bbox 1588 2458 1706 2538; x_wconf 89' lang='lat' dir='ltr'><strong>hostes,</strong></span> <span class='ocrx_word' id='word_1_335' title='bbox 1738 2459 1834 2525; x_wconf 86' lang='lat' dir='ltr'><strong>faciet</strong></span> <span class='ocrx_word' id='word_1_336' title='bbox 1868 2457 2000 2524; x_wconf 90' lang='lat' dir='ltr'><strong>tandem</strong></span> <span class='ocrx_word' id='word_1_337' title='bbox 2030 2457 2123 2523; x_wconf 90' lang='lat' dir='ltr'><strong>Deus</strong></span> <span class='ocrx_word' id='word_1_338' title='bbox 2153 2471 2193 2521; x_wconf 92' lang='lat' dir='ltr'><strong>ut</strong></span> 
     </span>
     <span class='ocr_line' id='line_1_26' title="bbox 197 2542 2192 2627; baseline -0.002 -17"><span class='ocrx_word' id='word_1_339' title='bbox 197 2545 371 2612; x_wconf 75' lang='lat' dir='ltr'><strong>incurvasti</strong></span> <span class='ocrx_word' id='word_1_340' title='bbox 404 2545 546 2610; x_wconf 80' lang='lat' dir='ltr'><strong>inimicos</strong></span> <span class='ocrx_word' id='word_1_341' title='bbox 575 2565 657 2611; x_wconf 77' lang='lat' dir='ltr'><strong>mcor</strong></span> <span class='ocrx_word' id='word_1_342' title='bbox 684 2546 792 2611; x_wconf 77' lang='lat' dir='ltr'><strong>sabine</strong></span> <span class='ocrx_word' id='word_1_343' title='bbox 820 2566 876 2611; x_wconf 86' lang='lat' dir='ltr'><strong>ma.</strong></span> <span class='ocrx_word' id='word_1_344' title='bbox 921 2546 973 2610; x_wconf 84' lang='lat'><strong>41.</strong></span> <span class='ocrx_word' id='word_1_345' title='bbox 996 2545 1041 2610; x_wconf 84' lang='lat' dir='ltr'><strong>Et</strong></span> <span class='ocrx_word' id='word_1_346' title='bbox 1062 2545 1168 2610; x_wconf 85' lang='lat' dir='ltr'><strong>inimi·</strong></span> <span class='ocrx_word' id='word_1_347' title='bbox 1219 2562 1284 2607; x_wconf 92' lang='lat' dir='ltr'><strong>non</strong></span> <span class='ocrx_word' id='word_1_348' title='bbox 1318 2543 1424 2608; x_wconf 90' lang='lat' dir='ltr'><strong>solum</strong></span> <span class='ocrx_word' id='word_1_349' title='bbox 1457 2557 1548 2627; x_wconf 83' lang='lat' dir='ltr'><strong>terga</strong></span> <span class='ocrx_word' id='word_1_350' title='bbox 1582 2544 1675 2610; x_wconf 91' lang='lat' dir='ltr'><strong>nobis</strong></span> <span class='ocrx_word' id='word_1_351' title='bbox 1708 2557 1846 2623; x_wconf 89' lang='lat' dir='ltr'><strong>vertant,</strong></span> <span class='ocrx_word' id='word_1_352' title='bbox 1880 2544 1936 2610; x_wconf 91' lang='lat' dir='ltr'><strong>sed</strong></span> <span class='ocrx_word' id='word_1_353' title='bbox 1971 2553 2047 2608; x_wconf 90' lang='lat' dir='ltr'><strong>ante</strong></span> <span class='ocrx_word' id='word_1_354' title='bbox 2079 2542 2192 2610; x_wconf 89' lang='lat' dir='ltr'><strong>oculos</strong></span> 
     </span>
     <span class='ocr_line' id='line_1_27' title="bbox 192 2629 2190 2713; baseline -0.003 -16"><span class='ocrx_word' id='word_1_355' title='bbox 192 2651 301 2697; x_wconf 84' lang='lat' dir='ltr'><strong>eornm</strong></span> <span class='ocrx_word' id='word_1_356' title='bbox 322 2650 460 2694; x_wconf 85' lang='lat' dir='ltr'><strong>meorum</strong></span> <span class='ocrx_word' id='word_1_357' title='bbox 481 2629 596 2695; x_wconf 79' lang='lat' dir='ltr'><strong>dedisti</strong></span> <span class='ocrx_word' id='word_1_358' title='bbox 616 2631 696 2694; x_wconf 83' lang='lat' dir='ltr'><strong>mihi</strong></span> <span class='ocrx_word' id='word_1_359' title='bbox 717 2631 870 2709; x_wconf 77' lang='lat' dir='ltr'><strong>cervicata,</strong></span> <span class='ocrx_word' id='word_1_360' title='bbox 908 2637 1063 2697; x_wconf 81' lang='lat' dir='ltr'><strong>etosores</strong></span> <span class='ocrx_word' id='word_1_361' title='bbox 1084 2651 1169 2696; x_wconf 82' lang='lat' dir='ltr'><strong>meos</strong></span> <span class='ocrx_word' id='word_1_362' title='bbox 1219 2641 1347 2693; x_wconf 91' lang='lat' dir='ltr'><strong>nostros</strong></span> <span class='ocrx_word' id='word_1_363' title='bbox 1376 2641 1511 2710; x_wconf 89' lang='lat' dir='ltr'><strong>pereant</strong></span> <span class='ocrx_word' id='word_1_364' title='bbox 1543 2639 1579 2695; x_wconf 91' lang='lat' dir='ltr'><strong>ut</strong></span> <span class='ocrx_word' id='word_1_365' title='bbox 1611 2629 1702 2713; x_wconf 80' lang='lat' dir='ltr'><strong>digni</strong></span> <span class='ocrx_word' id='word_1_366' title='bbox 1732 2641 1819 2696; x_wconf 90' lang='lat' dir='ltr'><strong>sunt.</strong></span> <span class='ocrx_word' id='word_1_367' title='bbox 1864 2630 2029 2696; x_wconf 83' lang='lat' dir='ltr'><strong>Memores</strong></span> <span class='ocrx_word' id='word_1_368' title='bbox 2055 2629 2190 2694; x_wconf 89' lang='lat' dir='ltr'><strong>interim</strong></span> 
     </span>
     <span class='ocr_line' id='line_1_28' title="bbox 189 2715 2192 2799; baseline -0.001 -17"><span class='ocrx_word' id='word_1_369' title='bbox 189 2717 322 2799; x_wconf 81' lang='lat' dir='ltr'><strong>perdidi</strong></span> <span class='ocrx_word' id='word_1_370' title='bbox 343 2716 439 2795; x_wconf 78' lang='lat' dir='ltr'><strong>ipsos.</strong></span> <span class='ocrx_word' id='word_1_371' title='bbox 1219 2715 1321 2779; x_wconf 88' lang='lat' dir='ltr'><strong>simus</strong></span> <span class='ocrx_word' id='word_1_372' title='bbox 1344 2715 1384 2779; x_wconf 90' lang='lat' dir='ltr'><strong>ad</strong></span> <span class='ocrx_word' id='word_1_373' title='bbox 1408 2734 1507 2797; x_wconf 90' lang='lat' dir='ltr'><strong>qnam</strong></span> <span class='ocrx_word' id='word_1_374' title='bbox 1531 2715 1679 2780; x_wconf 86' lang='lat' dir='ltr'><strong>militium</strong></span> <span class='ocrx_word' id='word_1_375' title='bbox 1703 2737 1760 2781; x_wconf 92' lang='lat' dir='ltr'><strong>nos</strong></span> <span class='ocrx_word' id='word_1_376' title='bbox 1783 2715 1875 2781; x_wconf 88' lang='lat' dir='ltr'><strong>Deus</strong></span> <span class='ocrx_word' id='word_1_377' title='bbox 1898 2725 2000 2796; x_wconf 88' lang='lat' dir='ltr'><strong>vocet,</strong></span> <span class='ocrx_word' id='word_1_378' title='bbox 2028 2735 2102 2781; x_wconf 91' lang='lat' dir='ltr'><strong>enm</strong></span> <span class='ocrx_word' id='word_1_379' title='bbox 2126 2735 2192 2798; x_wconf 90' lang='lat' dir='ltr'><strong>quo</strong></span> 
     </span>
     <span class='ocr_line' id='line_1_29' title="bbox 1220 2797 2192 2885; baseline 0.002 -22"><span class='ocrx_word' id='word_1_380' title='bbox 1220 2797 1389 2864; x_wconf 91' lang='lat' dir='ltr'><strong>homiuum</strong></span> <span class='ocrx_word' id='word_1_381' title='bbox 1422 2821 1542 2884; x_wconf 85' lang='lat' dir='ltr'><strong>genere</strong></span> <span class='ocrx_word' id='word_1_382' title='bbox 1574 2802 1749 2885; x_wconf 84' lang='lat' dir='ltr'><strong>confligere</strong></span> <span class='ocrx_word' id='word_1_383' title='bbox 1783 2822 1841 2867; x_wconf 90' lang='lat' dir='ltr'><strong>nos</strong></span> <span class='ocrx_word' id='word_1_384' title='bbox 1882 2801 1961 2867; x_wconf 93' lang='lat' dir='ltr'><strong>velit</strong></span> <span class='ocrx_word' id='word_1_385' title='bbox 2000 2812 2033 2865; x_wconf 88' lang='lat' dir='ltr'><strong>et</strong></span> <span class='ocrx_word' id='word_1_386' title='bbox 2071 2801 2192 2883; x_wconf 90' lang='lat' dir='ltr'><strong>quibus</strong></span> 
     </span>
    </p>

    <p class='ocr_par' dir='ltr' id='par_1_4' title="bbox 198 2885 2192 3143">
     <span class='ocr_line' id='line_1_30' title="bbox 283 2885 2192 2971; baseline 0 -20"><span class='ocrx_word' id='word_1_387' title='bbox 283 2886 323 2951; x_wconf 93' lang='lat' dir='ltr'><strong>In</strong></span> <span class='ocrx_word' id='word_1_388' title='bbox 337 2886 398 2950; x_wconf 91' lang='lat' dir='ltr'><strong>hoc</strong></span> <span class='ocrx_word' id='word_1_389' title='bbox 413 2897 501 2949; x_wconf 90' lang='lat' dir='ltr'><strong>totus</strong></span> <span class='ocrx_word' id='word_1_390' title='bbox 518 2898 567 2950; x_wconf 89' lang='lat' dir='ltr'><strong>est</strong></span> <span class='ocrx_word' id='word_1_391' title='bbox 578 2885 686 2951; x_wconf 90' lang='lat' dir='ltr'><strong>David</strong></span> <span class='ocrx_word' id='word_1_392' title='bbox 705 2897 742 2950; x_wconf 91' lang='lat' dir='ltr'><strong>ut</strong></span> <span class='ocrx_word' id='word_1_393' title='bbox 761 2888 800 2953; x_wconf 91' lang='lat' dir='ltr'><strong>ab</strong></span> <span class='ocrx_word' id='word_1_394' title='bbox 820 2888 937 2953; x_wconf 84' lang='lat' dir='ltr'><strong>effectu</strong></span> <span class='ocrx_word' id='word_1_395' title='bbox 957 2888 1166 2962; x_wconf 89' lang='lat' dir='ltr'><strong>demonstret,</strong></span> <span class='ocrx_word' id='word_1_396' title='bbox 1220 2887 1320 2951; x_wconf 89' lang='lat' dir='ltr'><strong>armis</strong></span> <span class='ocrx_word' id='word_1_397' title='bbox 1352 2887 1511 2951; x_wconf 88' lang='lat' dir='ltr'><strong>instruat:</strong></span> <span class='ocrx_word' id='word_1_398' title='bbox 1544 2897 1582 2951; x_wconf 89' lang='lat' dir='ltr'><strong>ut</strong></span> <span class='ocrx_word' id='word_1_399' title='bbox 1614 2886 1705 2952; x_wconf 88' lang='lat' dir='ltr'><strong>nobis</strong></span> <span class='ocrx_word' id='word_1_400' title='bbox 1735 2889 1893 2968; x_wconf 86' lang='lat' dir='ltr'><strong>sufficiat,</strong></span> <span class='ocrx_word' id='word_1_401' title='bbox 1926 2886 2087 2971; x_wconf 89' lang='lat' dir='ltr'><strong>spirituali</strong></span> <span class='ocrx_word' id='word_1_402' title='bbox 2119 2887 2192 2952; x_wconf 88' lang='lat' dir='ltr'><strong>eius</strong></span> 
     </span>
     <span class='ocr_line' id='line_1_31' title="bbox 198 2970 2192 3056; baseline 0 -19"><span class='ocrx_word' id='word_1_403' title='bbox 198 2973 270 3038; x_wconf 92' lang='lat' dir='ltr'><strong>Deo</strong></span> <span class='ocrx_word' id='word_1_404' title='bbox 302 2994 337 3036; x_wconf 91' lang='lat' dir='ltr'><strong>se</strong></span> <span class='ocrx_word' id='word_1_405' title='bbox 367 2970 508 3056; x_wconf 91' lang='lat' dir='ltr'><strong>propitio</strong></span> <span class='ocrx_word' id='word_1_406' title='bbox 537 2975 569 3035; x_wconf 92' lang='lat' dir='ltr'><strong>in</strong></span> <span class='ocrx_word' id='word_1_407' title='bbox 599 2971 749 3038; x_wconf 85' lang='lat' dir='ltr'><strong>omnibus</strong></span> <span class='ocrx_word' id='word_1_408' title='bbox 780 2974 924 3041; x_wconf 88' lang='lat' dir='ltr'><strong>victoriis</strong></span> <span class='ocrx_word' id='word_1_409' title='bbox 953 2994 1048 3038; x_wconf 89' lang='lat' dir='ltr'><strong>usum</strong></span> <span class='ocrx_word' id='word_1_410' title='bbox 1079 2994 1166 3038; x_wconf 87' lang='lat' dir='ltr'><strong>esso:</strong></span> <span class='ocrx_word' id='word_1_411' title='bbox 1219 2972 1340 3037; x_wconf 91' lang='lat' dir='ltr'><strong>virtute</strong></span> <span class='ocrx_word' id='word_1_412' title='bbox 1363 2971 1536 3049; x_wconf 90' lang='lat' dir='ltr'><strong>diabolum,</strong></span> <span class='ocrx_word' id='word_1_413' title='bbox 1559 2992 1700 3051; x_wconf 85' lang='lat' dir='ltr'><strong>carnem,</strong></span> <span class='ocrx_word' id='word_1_414' title='bbox 1722 2984 1756 3038; x_wconf 89' lang='lat' dir='ltr'><strong>et</strong></span> <span class='ocrx_word' id='word_1_415' title='bbox 1776 2985 1945 3056; x_wconf 87' lang='lat' dir='ltr'><strong>peecatum</strong></span> <span class='ocrx_word' id='word_1_416' title='bbox 1968 2972 2030 3039; x_wconf 92' lang='lat' dir='ltr'><strong>snb</strong></span> <span class='ocrx_word' id='word_1_417' title='bbox 2052 2971 2192 3056; x_wconf 87' lang='lat' dir='ltr'><strong>pedibus</strong></span> 
     </span>
     <span class='ocr_line' id='line_1_32' title="bbox 201 3056 2191 3143; baseline -0.001 -20"><span class='ocrx_word' id='word_1_418' title='bbox 201 3059 285 3124; x_wconf 87' lang='lat' dir='ltr'><strong>unde</strong></span> <span class='ocrx_word' id='word_1_419' title='bbox 308 3057 465 3140; x_wconf 87' lang='lat' dir='ltr'><strong>sequitur,</strong></span> <span class='ocrx_word' id='word_1_420' title='bbox 488 3068 607 3123; x_wconf 85' lang='lat' dir='ltr'><strong>rectam</strong></span> <span class='ocrx_word' id='word_1_421' title='bbox 631 3073 664 3123; x_wconf 90' lang='lat' dir='ltr'><strong>et</strong></span> <span class='ocrx_word' id='word_1_422' title='bbox 684 3060 802 3124; x_wconf 92' lang='lat' dir='ltr'><strong>iustam</strong></span> <span class='ocrx_word' id='word_1_423' title='bbox 821 3060 921 3125; x_wconf 81' lang='lat' dir='ltr'><strong>fuisse</strong></span> <span class='ocrx_word' id='word_1_424' title='bbox 937 3061 1008 3126; x_wconf 90' lang='lat' dir='ltr'><strong>eins</strong></span> <span class='ocrx_word' id='word_1_425' title='bbox 1025 3078 1167 3124; x_wconf 89' lang='lat' dir='ltr'><strong>oausam.</strong></span> <span class='ocrx_word' id='word_1_426' title='bbox 1220 3057 1340 3122; x_wconf 88' lang='lat' dir='ltr'><strong>nostris</strong></span> <span class='ocrx_word' id='word_1_427' title='bbox 1368 3060 1523 3141; x_wconf 87' lang='lat' dir='ltr'><strong>posterni.</strong></span> <span class='ocrx_word' id='word_1_428' title='bbox 1575 3057 1704 3138; x_wconf 79' lang='lat' dir='ltr'><strong>Quibus</strong></span> <span class='ocrx_word' id='word_1_429' title='bbox 1733 3072 1843 3124; x_wconf 89' lang='lat' dir='ltr'><strong>autem</strong></span> <span class='ocrx_word' id='word_1_430' title='bbox 1872 3058 2016 3143; x_wconf 85' lang='lat' dir='ltr'><strong>gladium</strong></span> <span class='ocrx_word' id='word_1_431' title='bbox 2041 3056 2140 3136; x_wconf 87' lang='lat' dir='ltr'><strong>dedit,</strong></span> <span class='ocrx_word' id='word_1_432' title='bbox 2162 3058 2191 3122; x_wconf 87' lang='lat' dir='ltr'><strong>si</strong></span> 
     </span>
    </p>
   </div>
   <div class='ocr_carea' id='block_1_3' title="bbox 90 3141 2192 3231">
    <p class='ocr_par' dir='ltr' id='par_1_5' title="bbox 90 3141 2192 3231">
     <span class='ocr_line' id='line_1_33' title="bbox 90 3141 2192 3231; baseline -0.002 -19"><span class='ocrx_word' id='word_1_433' title='bbox 90 3206 94 3212; x_wconf 90' lang='lat'>.</span> <span class='ocrx_word' id='word_1_434' title='bbox 200 3145 283 3210; x_wconf 88' lang='lat' dir='ltr'><strong>Nam</strong></span> <span class='ocrx_word' id='word_1_435' title='bbox 306 3145 366 3209; x_wconf 90' lang='lat' dir='ltr'><strong>etsi</strong></span> <span class='ocrx_word' id='word_1_436' title='bbox 387 3143 498 3226; x_wconf 92' lang='lat' dir='ltr'><strong>impiis</strong></span> <span class='ocrx_word' id='word_1_437' title='bbox 518 3164 644 3226; x_wconf 91' lang='lat' dir='ltr'><strong>quoque</strong></span> <span class='ocrx_word' id='word_1_438' title='bbox 665 3156 698 3208; x_wconf 91' lang='lat' dir='ltr'><strong>et</strong></span> <span class='ocrx_word' id='word_1_439' title='bbox 719 3145 885 3212; x_wconf 87' lang='lat' dir='ltr'><strong>sceleratis</strong></span> <span class='ocrx_word' id='word_1_440' title='bbox 907 3166 1077 3231; x_wconf 87' lang='lat' dir='ltr'><strong>prosperos</strong></span> <span class='ocrx_word' id='word_1_441' title='bbox 1094 3167 1167 3211; x_wconf 90' lang='lat' dir='ltr'><strong>suc·</strong></span> <span class='ocrx_word' id='word_1_442' title='bbox 1220 3141 1315 3207; x_wconf 90' lang='lat' dir='ltr'><strong>modo</strong></span> <span class='ocrx_word' id='word_1_443' title='bbox 1334 3144 1394 3208; x_wconf 88' lang='lat' dir='ltr'><strong>snb</strong></span> <span class='ocrx_word' id='word_1_444' title='bbox 1406 3143 1539 3210; x_wconf 80' lang='lat' dir='ltr'><strong>Christo</strong></span> <span class='ocrx_word' id='word_1_445' title='bbox 1555 3144 1661 3227; x_wconf 88' lang='lat' dir='ltr'><strong>eapite</strong></span> <span class='ocrx_word' id='word_1_446' title='bbox 1678 3154 1828 3229; x_wconf 87' lang='lat' dir='ltr'><strong>regnent,</strong></span> <span class='ocrx_word' id='word_1_447' title='bbox 1846 3165 1901 3211; x_wconf 91' lang='lat' dir='ltr'><strong>eos</strong></span> <span class='ocrx_word' id='word_1_448' title='bbox 1919 3145 2018 3211; x_wconf 85' lang='lat' dir='ltr'><strong>etiam</strong></span> <span class='ocrx_word' id='word_1_449' title='bbox 2037 3143 2192 3223; x_wconf 88' lang='lat' dir='ltr'><strong>tuebitur,</strong></span> 
     </span>
    </p>
   </div>
   <div class='ocr_carea' id='block_1_4' title="bbox 196 3228 2195 4948">
    <p class='ocr_par' dir='ltr' id='par_1_6' title="bbox 196 3228 2193 3743">
     <span class='ocr_line' id='line_1_34' title="bbox 196 3228 2190 3314; baseline -0.003 -17"><span class='ocrx_word' id='word_1_450' title='bbox 196 3251 308 3297; x_wconf 78' lang='lat' dir='ltr'><strong>casem</strong></span> <span class='ocrx_word' id='word_1_451' title='bbox 329 3228 496 3294; x_wconf 90' lang='lat' dir='ltr'><strong>interdum</strong></span> <span class='ocrx_word' id='word_1_452' title='bbox 519 3228 612 3294; x_wconf 91' lang='lat' dir='ltr'><strong>Deus</strong></span> <span class='ocrx_word' id='word_1_453' title='bbox 633 3231 789 3310; x_wconf 87' lang='lat' dir='ltr'><strong>concedit,</strong></span> <span class='ocrx_word' id='word_1_454' title='bbox 811 3233 902 3297; x_wconf 89' lang='lat' dir='ltr'><strong>exitu</strong></span> <span class='ocrx_word' id='word_1_455' title='bbox 923 3242 1035 3297; x_wconf 87' lang='lat' dir='ltr'><strong>tamen</strong></span> <span class='ocrx_word' id='word_1_456' title='bbox 1057 3241 1165 3297; x_wconf 90' lang='lat' dir='ltr'><strong>osten·</strong></span> <span class='ocrx_word' id='word_1_457' title='bbox 1219 3249 1279 3295; x_wconf 89' lang='lat' dir='ltr'><strong>nec</strong></span> <span class='ocrx_word' id='word_1_458' title='bbox 1301 3230 1420 3295; x_wconf 90' lang='lat' dir='ltr'><strong>iniuste</strong></span> <span class='ocrx_word' id='word_1_459' title='bbox 1442 3231 1584 3314; x_wconf 91' lang='lat' dir='ltr'><strong>opprimi</strong></span> <span class='ocrx_word' id='word_1_460' title='bbox 1605 3232 1700 3297; x_wconf 87' lang='lat' dir='ltr'><strong>sinet.</strong></span> <span class='ocrx_word' id='word_1_461' title='bbox 1745 3230 1843 3310; x_wconf 83' lang='lat' dir='ltr'><strong>Quod</strong></span> <span class='ocrx_word' id='word_1_462' title='bbox 1872 3232 1992 3297; x_wconf 88' lang='lat' dir='ltr'><strong>attinet</strong></span> <span class='ocrx_word' id='word_1_463' title='bbox 2015 3229 2056 3295; x_wconf 90' lang='lat' dir='ltr'><strong>ad</strong></span> <span class='ocrx_word' id='word_1_464' title='bbox 2080 3229 2190 3305; x_wconf 84' lang='lat' dir='ltr'><strong>verba,</strong></span> 
     </span>
     <span class='ocr_line' id='line_1_35' title="bbox 196 3313 2192 3403; baseline 0.002 -22"><span class='ocrx_word' id='word_1_465' title='bbox 196 3315 256 3393; x_wconf 94' lang='lat' dir='ltr'><strong>dit,</strong></span> <span class='ocrx_word' id='word_1_466' title='bbox 289 3336 325 3381; x_wconf 88' lang='lat' dir='ltr'><strong>se</strong></span> <span class='ocrx_word' id='word_1_467' title='bbox 358 3314 424 3379; x_wconf 93' lang='lat' dir='ltr'><strong>illis</strong></span> <span class='ocrx_word' id='word_1_468' title='bbox 456 3313 632 3379; x_wconf 80' lang='lat' dir='ltr'><strong>adversum</strong></span> <span class='ocrx_word' id='word_1_469' title='bbox 662 3316 760 3382; x_wconf 84' lang='lat' dir='ltr'><strong>luisse</strong></span> <span class='ocrx_word' id='word_1_470' title='bbox 790 3330 825 3383; x_wconf 91' lang='lat' dir='ltr'><strong>et</strong></span> <span class='ocrx_word' id='word_1_471' title='bbox 846 3319 1019 3384; x_wconf 82' lang='lat' dir='ltr'><strong>intensum.</strong></span> <span class='ocrx_word' id='word_1_472' title='bbox 1064 3318 1170 3402; x_wconf 77' lang='lat' dir='ltr'><strong>Signa</strong></span> <span class='ocrx_word' id='word_1_473' title='bbox 1219 3315 1411 3403; x_wconf 82' lang='lat' dir='ltr'><strong>interpretes</strong></span> <span class='ocrx_word' id='word_1_474' title='bbox 1434 3317 1502 3381; x_wconf 86' lang='lat' dir='ltr'><strong>fere</strong></span> <span class='ocrx_word' id='word_1_475' title='bbox 1523 3337 1589 3382; x_wconf 91' lang='lat' dir='ltr'><strong>uno</strong></span> <span class='ocrx_word' id='word_1_476' title='bbox 1610 3337 1771 3383; x_wconf 90' lang='lat' dir='ltr'><strong>consensu</strong></span> <span class='ocrx_word' id='word_1_477' title='bbox 1790 3327 1939 3383; x_wconf 88' lang='lat' dir='ltr'><strong>vertunt:</strong></span> <span class='ocrx_word' id='word_1_478' title='bbox 1970 3317 2060 3382; x_wconf 90' lang='lat' dir='ltr'><strong>Dare</strong></span> <span class='ocrx_word' id='word_1_479' title='bbox 2079 3316 2192 3385; x_wconf 78' lang='lat' dir='ltr'><strong>hostes</strong></span> 
     </span>
     <span class='ocr_line' id='line_1_36' title="bbox 197 3399 2191 3552; baseline -0.002 -84"><span class='ocrx_word' id='word_1_480' title='bbox 197 3415 307 3468; x_wconf 90' lang='lat' dir='ltr'><strong>autem</strong></span> <span class='ocrx_word' id='word_1_481' title='bbox 338 3399 460 3465; x_wconf 86' lang='lat' dir='ltr'><strong>favoris</strong></span> <span class='ocrx_word' id='word_1_482' title='bbox 489 3400 599 3482; x_wconf 91' lang='lat' dir='ltr'><strong>qualia</strong></span> <span class='ocrx_word' id='word_1_483' title='bbox 626 3404 780 3483; x_wconf 86' lang='lat' dir='ltr'><strong>patefecit</strong></span> <span class='ocrx_word' id='word_1_484' title='bbox 808 3423 887 3487; x_wconf 89' lang='lat' dir='ltr'><strong>erga</strong></span> <span class='ocrx_word' id='word_1_485' title='bbox 908 3403 1080 3479; x_wconf 87' lang='lat' dir='ltr'><strong>Davidem,</strong></span> <span class='ocrx_word' id='word_1_486' title='bbox 1107 3405 1167 3470; x_wconf 90' lang='lat' dir='ltr'><strong>soli</strong></span> <span class='ocrx_word' id='word_1_487' title='bbox 1219 3400 1360 3482; x_wconf 87' lang='lat' dir='ltr'><strong>dorsum,</strong></span> <span class='ocrx_word' id='word_1_488' title='bbox 1382 3423 1441 3485; x_wconf 91' lang='lat' dir='ltr'><strong>pro</strong></span> <span class='ocrx_word' id='word_1_489' title='bbox 1465 3403 1497 3466; x_wconf 92' lang='lat' dir='ltr'><strong>in</strong></span> <span class='ocrx_word' id='word_1_490' title='bbox 1522 3404 1631 3481; x_wconf 74' lang='lat' dir='ltr'><strong>fugam</strong></span> <span class='ocrx_word' id='word_1_491' title='bbox 1653 3404 1820 3480; x_wconf 89' lang='lat' dir='ltr'><strong>coniicere,</strong></span> <span class='ocrx_word' id='word_1_492' title='bbox 1843 3403 1900 3468; x_wconf 87' lang='lat' dir='ltr'><strong>sed</strong></span> <span class='ocrx_word' id='word_1_493' title='bbox 1918 3403 1994 3486; x_wconf 88' lang='lat' dir='ltr'><strong>quia</strong></span> <span class='ocrx_word' id='word_1_494' title='bbox 2015 3412 2098 3552; x_wconf 54' lang='lat' dir='ltr'><strong>Ty</strong></span> <span class='ocrx_word' id='word_1_495' title='bbox 2117 3421 2191 3485; x_wconf 89' lang='lat' dir='ltr'><strong>pro·</strong></span> 
     </span>
     <span class='ocr_line' id='line_1_37' title="bbox 198 3485 2193 3572; baseline -0.001 -19"><span class='ocrx_word' id='word_1_496' title='bbox 198 3490 269 3553; x_wconf 91' lang='lat' dir='ltr'><strong>eius</strong></span> <span class='ocrx_word' id='word_1_497' title='bbox 290 3486 378 3551; x_wconf 91' lang='lat' dir='ltr'><strong>servi</strong></span> <span class='ocrx_word' id='word_1_498' title='bbox 400 3485 565 3551; x_wconf 73' lang='lat' dir='ltr'><strong>senhnnt:</strong></span> <span class='ocrx_word' id='word_1_499' title='bbox 594 3498 632 3550; x_wconf 91' lang='lat' dir='ltr'><strong>ut</strong></span> <span class='ocrx_word' id='word_1_500' title='bbox 661 3486 722 3554; x_wconf 91' lang='lat' dir='ltr'><strong>hoo</strong></span> <span class='ocrx_word' id='word_1_501' title='bbox 752 3487 846 3552; x_wconf 90' lang='lat' dir='ltr'><strong>modo</strong></span> <span class='ocrx_word' id='word_1_502' title='bbox 869 3499 1008 3554; x_wconf 88' lang='lat' dir='ltr'><strong>testetur</strong></span> <span class='ocrx_word' id='word_1_503' title='bbox 1028 3509 1084 3554; x_wconf 91' lang='lat' dir='ltr'><strong>eos</strong></span> <span class='ocrx_word' id='word_1_504' title='bbox 1107 3489 1168 3555; x_wconf 90' lang='lat' dir='ltr'><strong>sibi</strong></span> <span class='ocrx_word' id='word_1_505' title='bbox 1218 3488 1287 3569; x_wconf 86' lang='lat' dir='ltr'><strong>prio</strong></span> <span class='ocrx_word' id='word_1_506' title='bbox 1309 3488 1467 3554; x_wconf 89' lang='lat' dir='ltr'><strong>cervicem</strong></span> <span class='ocrx_word' id='word_1_507' title='bbox 1490 3489 1652 3554; x_wconf 85' lang='lat' dir='ltr'><strong>Hebraeis</strong></span> <span class='ocrx_word' id='word_1_508' title='bbox 1671 3489 1846 3572; x_wconf 85' lang='lat' dir='ltr'><strong>significat,</strong></span> <span class='ocrx_word' id='word_1_509' title='bbox 1875 3509 1942 3554; x_wconf 91' lang='lat' dir='ltr'><strong>uon</strong></span> <span class='ocrx_word' id='word_1_510' title='bbox 1964 3489 2017 3554; x_wconf 91' lang='lat' dir='ltr'><strong>inc</strong></span> <span class='ocrx_word' id='word_1_511' title='bbox 2040 3485 2193 3553; x_wconf 86' lang='lat' dir='ltr'><strong>mmodus</strong></span> 
     </span>
     <span class='ocr_line' id='line_1_38' title="bbox 199 3572 2193 3657; baseline 0.001 -20"><span class='ocrx_word' id='word_1_512' title='bbox 199 3572 329 3655; x_wconf 90' lang='lat' dir='ltr'><strong>probari</strong></span> <span class='ocrx_word' id='word_1_513' title='bbox 358 3582 391 3635; x_wconf 90' lang='lat' dir='ltr'><strong>et</strong></span> <span class='ocrx_word' id='word_1_514' title='bbox 420 3581 532 3655; x_wconf 83' lang='lat' dir='ltr'><strong>gratos</strong></span> <span class='ocrx_word' id='word_1_515' title='bbox 555 3592 634 3637; x_wconf 86' lang='lat' dir='ltr'><strong>esse.</strong></span> <span class='ocrx_word' id='word_1_516' title='bbox 679 3572 874 3656; x_wconf 83' lang='lat' dir='ltr'><strong>Quanquam</strong></span> <span class='ocrx_word' id='word_1_517' title='bbox 897 3586 1006 3638; x_wconf 88' lang='lat' dir='ltr'><strong>autom</strong></span> <span class='ocrx_word' id='word_1_518' title='bbox 1028 3575 1168 3641; x_wconf 91' lang='lat' dir='ltr'><strong>nimium</strong></span> <span class='ocrx_word' id='word_1_519' title='bbox 1218 3572 1417 3652; x_wconf 88' lang='lat' dir='ltr'><strong>eritsensus,</strong></span> <span class='ocrx_word' id='word_1_520' title='bbox 1436 3573 1544 3640; x_wconf 88' lang='lat' dir='ltr'><strong>datam</strong></span> <span class='ocrx_word' id='word_1_521' title='bbox 1557 3573 1993 3653; x_wconf 77' lang='lat' dir='ltr'><strong>inissehostiumcervioem</strong></span> <span class='ocrx_word' id='word_1_522' title='bbox 2011 3574 2193 3657; x_wconf 88' lang='lat' dir='ltr'><strong>quiaDeus</strong></span> 
     </span>
     <span class='ocr_line' id='line_1_39' title="bbox 199 3655 1616 3743; baseline 0.001 -21"><span class='ocrx_word' id='word_1_523' title='bbox 199 3657 386 3723; x_wconf 90' lang='lat' dir='ltr'><strong>militariter</strong></span> <span class='ocrx_word' id='word_1_524' title='bbox 408 3655 538 3721; x_wconf 86' lang='lat' dir='ltr'><strong>videtur</strong></span> <span class='ocrx_word' id='word_1_525' title='bbox 560 3657 659 3740; x_wconf 89' lang='lat' dir='ltr'><strong>loqui,</strong></span> <span class='ocrx_word' id='word_1_526' title='bbox 688 3659 766 3723; x_wconf 92' lang='lat' dir='ltr'><strong>dnm</strong></span> <span class='ocrx_word' id='word_1_527' title='bbox 795 3661 992 3743; x_wconf 87' lang='lat' dir='ltr'><strong>pronunciat</strong></span> <span class='ocrx_word' id='word_1_528' title='bbox 1013 3681 1047 3725; x_wconf 87' lang='lat' dir='ltr'><strong>se</strong></span> <span class='ocrx_word' id='word_1_529' title='bbox 1069 3662 1168 3726; x_wconf 91' lang='lat' dir='ltr'><strong>finem</strong></span> <span class='ocrx_word' id='word_1_530' title='bbox 1220 3659 1412 3724; x_wconf 87' lang='lat' dir='ltr'><strong>mactandos</strong></span> <span class='ocrx_word' id='word_1_531' title='bbox 1434 3659 1616 3725; x_wconf 88' lang='lat' dir='ltr'><strong>tradiderit.</strong></span> 
     </span>
    </p>

    <p class='ocr_par' dir='ltr' id='par_1_7' title="bbox 197 3741 1168 3822">
     <span class='ocr_line' id='line_1_40' title="bbox 197 3741 1168 3822; baseline 0.002 -12"><span class='ocrx_word' id='word_1_532' title='bbox 197 3741 351 3810; x_wconf 83' lang='lat' dir='ltr'><strong>caedibus</strong></span> <span class='ocrx_word' id='word_1_533' title='bbox 374 3763 438 3807; x_wconf 92' lang='lat' dir='ltr'><strong>non</strong></span> <span class='ocrx_word' id='word_1_534' title='bbox 461 3742 634 3822; x_wconf 83' lang='lat' dir='ltr'><strong>iacturum,</strong></span> <span class='ocrx_word' id='word_1_535' title='bbox 663 3744 727 3810; x_wconf 89' lang='lat' dir='ltr'><strong>nisi</strong></span> <span class='ocrx_word' id='word_1_536' title='bbox 749 3744 901 3811; x_wconf 90' lang='lat' dir='ltr'><strong>omnibns</strong></span> <span class='ocrx_word' id='word_1_537' title='bbox 923 3744 1072 3811; x_wconf 89' lang='lat' dir='ltr'><strong>hostibus</strong></span> <span class='ocrx_word' id='word_1_538' title='bbox 1093 3768 1168 3812; x_wconf 93' lang='lat' dir='ltr'><strong>con·</strong></span> 
     </span>
    </p>

    <p class='ocr_par' dir='ltr' id='par_1_8' title="bbox 198 3828 2195 4598">
     <span class='ocr_line' id='line_1_41' title="bbox 198 3828 2192 3914; baseline 0.001 -20"><span class='ocrx_word' id='word_1_539' title='bbox 198 3831 356 3914; x_wconf 86' lang='lat' dir='ltr'><strong>sumptis:</strong></span> <span class='ocrx_word' id='word_1_540' title='bbox 390 3829 456 3894; x_wconf 91' lang='lat' dir='ltr'><strong>imo</strong></span> <span class='ocrx_word' id='word_1_541' title='bbox 489 3828 621 3894; x_wconf 89' lang='lat' dir='ltr'><strong>videtur</strong></span> <span class='ocrx_word' id='word_1_542' title='bbox 650 3830 935 3897; x_wconf 86' lang='lat' dir='ltr'><strong>mansuetudinem</strong></span> <span class='ocrx_word' id='word_1_543' title='bbox 969 3831 1058 3896; x_wconf 87' lang='lat' dir='ltr'><strong>illam</strong></span> <span class='ocrx_word' id='word_1_544' title='bbox 1088 3831 1169 3898; x_wconf 92' lang='lat' dir='ltr'><strong>obli·</strong></span> <span class='ocrx_word' id='word_1_545' title='bbox 1303 3829 1356 3894; x_wconf 78' lang='lat'><strong>42.</strong></span> <span class='ocrx_word' id='word_1_546' title='bbox 1394 3829 1661 3911; x_wconf 69' lang='lat' dir='ltr'><strong>Vociferabnntar,</strong></span> <span class='ocrx_word' id='word_1_547' title='bbox 1689 3836 1717 3895; x_wconf 81' lang='lat' dir='ltr'><strong>at</strong></span> <span class='ocrx_word' id='word_1_548' title='bbox 1744 3830 1851 3896; x_wconf 75' lang='lat' dir='ltr'><strong>nudae</strong></span> <span class='ocrx_word' id='word_1_549' title='bbox 1877 3837 2034 3898; x_wconf 67' lang='lat' dir='ltr'><strong>cerumar:</strong></span> <span class='ocrx_word' id='word_1_550' title='bbox 2067 3832 2110 3895; x_wconf 86' lang='lat' dir='ltr'><strong>ad</strong></span> <span class='ocrx_word' id='word_1_551' title='bbox 2140 3830 2192 3895; x_wconf 88' lang='lat' dir='ltr'><strong>Ie-</strong></span> 
     </span>
     <span class='ocr_line' id='line_1_42' title="bbox 201 3914 2193 3998; baseline 0.001 -19"><span class='ocrx_word' id='word_1_552' title='bbox 201 3917 291 3996; x_wconf 81' lang='lat' dir='ltr'><strong>vieoi,</strong></span> <span class='ocrx_word' id='word_1_553' title='bbox 323 3936 406 3998; x_wconf 88' lang='lat' dir='ltr'><strong>quae</strong></span> <span class='ocrx_word' id='word_1_554' title='bbox 439 3914 545 3980; x_wconf 87' lang='lat' dir='ltr'><strong>lucere</strong></span> <span class='ocrx_word' id='word_1_555' title='bbox 580 3915 676 3981; x_wconf 89' lang='lat' dir='ltr'><strong>dehet</strong></span> <span class='ocrx_word' id='word_1_556' title='bbox 706 3916 740 3981; x_wconf 93' lang='lat' dir='ltr'><strong>in</strong></span> <span class='ocrx_word' id='word_1_557' title='bbox 773 3919 901 3984; x_wconf 88' lang='lat' dir='ltr'><strong>eunctis</strong></span> <span class='ocrx_word' id='word_1_558' title='bbox 933 3917 1098 3994; x_wconf 84' lang='lat' dir='ltr'><strong>fidelibus,</strong></span> <span class='ocrx_word' id='word_1_559' title='bbox 1132 3927 1170 3982; x_wconf 88' lang='lat' dir='ltr'><strong>ut</strong></span> <span class='ocrx_word' id='word_1_560' title='bbox 1219 3915 1336 3995; x_wconf 81' lang='lat' dir='ltr'><strong>bovam,</strong></span> <span class='ocrx_word' id='word_1_561' title='bbox 1376 3935 1432 3982; x_wconf 81' lang='lat' dir='ltr'><strong>nee</strong></span> <span class='ocrx_word' id='word_1_562' title='bbox 1463 3916 1660 3998; x_wconf 74' lang='lat' dir='ltr'><strong>respmtdabit</strong></span> <span class='ocrx_word' id='word_1_563' title='bbox 1691 3916 1766 3982; x_wconf 81' lang='lat' dir='ltr'><strong>illie.</strong></span> <span class='ocrx_word' id='word_1_564' title='bbox 1821 3917 1873 3983; x_wconf 85' lang='lat'><strong>43.</strong></span> <span class='ocrx_word' id='word_1_565' title='bbox 1907 3916 1952 3982; x_wconf 78' lang='lat' dir='ltr'><strong>m</strong></span> <span class='ocrx_word' id='word_1_566' title='bbox 1982 3917 2193 3983; x_wconf 81' lang='lat' dir='ltr'><strong>comminuam</strong></span> 
     </span>
     <span class='ocr_line' id='line_1_43' title="bbox 202 4001 2192 4088; baseline 0 -22"><span class='ocrx_word' id='word_1_567' title='bbox 202 4013 327 4088; x_wconf 89' lang='lat' dir='ltr'><strong>patrem</strong></span> <span class='ocrx_word' id='word_1_568' title='bbox 350 4001 522 4066; x_wconf 87' lang='lat' dir='ltr'><strong>coelestem</strong></span> <span class='ocrx_word' id='word_1_569' title='bbox 545 4002 704 4067; x_wconf 83' lang='lat' dir='ltr'><strong>referant:</strong></span> <span class='ocrx_word' id='word_1_570' title='bbox 727 4003 803 4085; x_wconf 92' lang='lat' dir='ltr'><strong>quia</strong></span> <span class='ocrx_word' id='word_1_571' title='bbox 825 4013 933 4068; x_wconf 90' lang='lat' dir='ltr'><strong>tamen</strong></span> <span class='ocrx_word' id='word_1_572' title='bbox 957 4004 1040 4069; x_wconf 87' lang='lat' dir='ltr'><strong>nihil</strong></span> <span class='ocrx_word' id='word_1_573' title='bbox 1065 4013 1168 4068; x_wconf 87' lang='lat' dir='ltr'><strong>tenta·</strong></span> <span class='ocrx_word' id='word_1_574' title='bbox 1219 4021 1271 4066; x_wconf 82' lang='lat' dir='ltr'><strong>eos</strong></span> <span class='ocrx_word' id='word_1_575' title='bbox 1291 4007 1441 4084; x_wconf 78' lang='lat' dir='ltr'><strong>tanquam</strong></span> <span class='ocrx_word' id='word_1_576' title='bbox 1456 4003 1622 4081; x_wconf 81' lang='lat' dir='ltr'><strong>palearem</strong></span> <span class='ocrx_word' id='word_1_577' title='bbox 1644 4024 1665 4066; x_wconf 91' lang='lat' dir='ltr'><strong>a</strong></span> <span class='ocrx_word' id='word_1_578' title='bbox 1683 4003 1767 4082; x_wconf 74' lang='lat' dir='ltr'><strong>sacia</strong></span> <span class='ocrx_word' id='word_1_579' title='bbox 1783 4005 1880 4068; x_wconf 68' lang='lat' dir='ltr'><strong>omni:</strong></span> <span class='ocrx_word' id='word_1_580' title='bbox 1900 4004 1983 4068; x_wconf 71' lang='lat' dir='ltr'><strong>votur</strong></span> <span class='ocrx_word' id='word_1_581' title='bbox 1999 4003 2099 4068; x_wconf 70' lang='lat' dir='ltr'><strong>ladam</strong></span> <span class='ocrx_word' id='word_1_582' title='bbox 2116 4002 2192 4085; x_wconf 83' lang='lat' dir='ltr'><strong>pla·</strong></span> 
     </span>
     <span class='ocr_line' id='line_1_44' title="bbox 200 4085 2195 4171; baseline 0 -17"><span class='ocrx_word' id='word_1_583' title='bbox 200 4090 256 4154; x_wconf 91' lang='lat' dir='ltr'><strong>bat</strong></span> <span class='ocrx_word' id='word_1_584' title='bbox 277 4097 405 4169; x_wconf 89' lang='lat' dir='ltr'><strong>praeter</strong></span> <span class='ocrx_word' id='word_1_585' title='bbox 427 4085 491 4149; x_wconf 91' lang='lat' dir='ltr'><strong>Dei</strong></span> <span class='ocrx_word' id='word_1_586' title='bbox 514 4086 714 4164; x_wconf 89' lang='lat' dir='ltr'><strong>mandatum,</strong></span> <span class='ocrx_word' id='word_1_587' title='bbox 744 4100 777 4153; x_wconf 93' lang='lat' dir='ltr'><strong>et</strong></span> <span class='ocrx_word' id='word_1_588' title='bbox 798 4090 933 4171; x_wconf 89' lang='lat' dir='ltr'><strong>spiritus</strong></span> <span class='ocrx_word' id='word_1_589' title='bbox 962 4089 1034 4155; x_wconf 89' lang='lat' dir='ltr'><strong>eius</strong></span> <span class='ocrx_word' id='word_1_590' title='bbox 1057 4091 1168 4155; x_wconf 78' lang='lat' dir='ltr'><strong>fraeno</strong></span> <span class='ocrx_word' id='word_1_591' title='bbox 1218 4092 1340 4152; x_wconf 82' lang='lat' dir='ltr'><strong>tearum</strong></span> <span class='ocrx_word' id='word_1_592' title='bbox 1361 4087 1485 4153; x_wconf 74' lang='lat' dir='ltr'><strong>calcabo</strong></span> <span class='ocrx_word' id='word_1_593' title='bbox 1506 4108 1565 4153; x_wconf 83' lang='lat' dir='ltr'><strong>aas.</strong></span> <span class='ocrx_word' id='word_1_594' title='bbox 1609 4087 1662 4154; x_wconf 85' lang='lat'><strong>44.</strong></span> <span class='ocrx_word' id='word_1_595' title='bbox 1685 4087 1818 4171; x_wconf 80' lang='lat' dir='ltr'><strong>Eripite</strong></span> <span class='ocrx_word' id='word_1_596' title='bbox 1837 4109 1886 4154; x_wconf 83' lang='lat' dir='ltr'><strong>mc</strong></span> <span class='ocrx_word' id='word_1_597' title='bbox 1907 4111 1929 4154; x_wconf 93' lang='lat' dir='ltr'><strong>a</strong></span> <span class='ocrx_word' id='word_1_598' title='bbox 1948 4087 2195 4154; x_wconf 70' lang='lat' dir='ltr'><strong>commotionibus</strong></span> 
     </span>
     <span class='ocr_line' id='line_1_45' title="bbox 200 4172 2194 4256; baseline 0.001 -18"><span class='ocrx_word' id='word_1_599' title='bbox 200 4174 335 4238; x_wconf 87' lang='lat' dir='ltr'><strong>affectus</strong></span> <span class='ocrx_word' id='word_1_600' title='bbox 368 4191 443 4236; x_wconf 86' lang='lat' dir='ltr'><strong>suos</strong></span> <span class='ocrx_word' id='word_1_601' title='bbox 471 4172 613 4255; x_wconf 86' lang='lat' dir='ltr'><strong>regebat,</strong></span> <span class='ocrx_word' id='word_1_602' title='bbox 641 4175 781 4239; x_wconf 89' lang='lat' dir='ltr'><strong>sciamus</strong></span> <span class='ocrx_word' id='word_1_603' title='bbox 803 4174 864 4239; x_wconf 91' lang='lat' dir='ltr'><strong>has</strong></span> <span class='ocrx_word' id='word_1_604' title='bbox 886 4195 950 4239; x_wconf 91' lang='lat' dir='ltr'><strong>nou</strong></span> <span class='ocrx_word' id='word_1_605' title='bbox 973 4196 1044 4240; x_wconf 91' lang='lat' dir='ltr'><strong>esse</strong></span> <span class='ocrx_word' id='word_1_606' title='bbox 1066 4176 1169 4240; x_wconf 90' lang='lat' dir='ltr'><strong>homi·</strong></span> <span class='ocrx_word' id='word_1_607' title='bbox 1213 4174 1342 4255; x_wconf 78' lang='lat' dir='ltr'><strong>papali:</strong></span> <span class='ocrx_word' id='word_1_608' title='bbox 1371 4175 1534 4239; x_wconf 80' lang='lat' dir='ltr'><strong>constitues</strong></span> <span class='ocrx_word' id='word_1_609' title='bbox 1568 4194 1617 4238; x_wconf 84' lang='lat' dir='ltr'><strong>mo</strong></span> <span class='ocrx_word' id='word_1_610' title='bbox 1644 4180 1737 4254; x_wconf 81' lang='lat' dir='ltr'><strong>eaput</strong></span> <span class='ocrx_word' id='word_1_611' title='bbox 1756 4175 1911 4256; x_wconf 73' lang='lat' dir='ltr'><strong>arntiam,-</strong></span> <span class='ocrx_word' id='word_1_612' title='bbox 1934 4174 2075 4255; x_wconf 79' lang='lat' dir='ltr'><strong>populna</strong></span> <span class='ocrx_word' id='word_1_613' title='bbox 2102 4194 2194 4256; x_wconf 78' lang='lat' dir='ltr'><strong>qnam</strong></span> 
     </span>
     <span class='ocr_line' id='line_1_46' title="bbox 200 4257 2195 4343; baseline 0.001 -19"><span class='ocrx_word' id='word_1_614' title='bbox 200 4260 253 4324; x_wconf 90' lang='lat' dir='ltr'><strong>nis</strong></span> <span class='ocrx_word' id='word_1_615' title='bbox 264 4257 467 4340; x_wconf 89' lang='lat' dir='ltr'><strong>sanguinarii</strong></span> <span class='ocrx_word' id='word_1_616' title='bbox 487 4259 537 4320; x_wconf 92' lang='lat' dir='ltr'><strong>vel</strong></span> <span class='ocrx_word' id='word_1_617' title='bbox 556 4259 733 4323; x_wconf 89' lang='lat' dir='ltr'><strong>truculenti</strong></span> <span class='ocrx_word' id='word_1_618' title='bbox 752 4280 857 4341; x_wconf 87' lang='lat' dir='ltr'><strong>voces,</strong></span> <span class='ocrx_word' id='word_1_619' title='bbox 876 4261 932 4325; x_wconf 89' lang='lat' dir='ltr'><strong>sed</strong></span> <span class='ocrx_word' id='word_1_620' title='bbox 946 4261 1001 4343; x_wconf 94' lang='lat' dir='ltr'><strong>qui</strong></span> <span class='ocrx_word' id='word_1_621' title='bbox 1014 4259 1168 4326; x_wconf 90' lang='lat' dir='ltr'><strong>iudicium</strong></span> <span class='ocrx_word' id='word_1_622' title='bbox 1219 4260 1374 4334; x_wconf 71' lang='lat' dir='ltr'><strong>nonnam,</strong></span> <span class='ocrx_word' id='word_1_623' title='bbox 1391 4260 1525 4325; x_wconf 67' lang='lat' dir='ltr'><strong>seranni</strong></span> <span class='ocrx_word' id='word_1_624' title='bbox 1541 4259 1632 4324; x_wconf 79' lang='lat' dir='ltr'><strong>milti.</strong></span> <span class='ocrx_word' id='word_1_625' title='bbox 1655 4261 1707 4324; x_wconf 78' lang='lat'><strong>45.</strong></span> <span class='ocrx_word' id='word_1_626' title='bbox 1728 4262 1782 4326; x_wconf 83' lang='lat' dir='ltr'><strong>Ad</strong></span> <span class='ocrx_word' id='word_1_627' title='bbox 1793 4262 1937 4325; x_wconf 65' lang='lat' dir='ltr'><strong>andnam</strong></span> <span class='ocrx_word' id='word_1_628' title='bbox 1952 4261 2045 4325; x_wconf 86' lang='lat' dir='ltr'><strong>caria</strong></span> <span class='ocrx_word' id='word_1_629' title='bbox 2055 4259 2195 4333; x_wconf 63' lang='lat' dir='ltr'><strong>medient</strong></span> 
     </span>
     <span class='ocr_line' id='line_1_47' title="bbox 200 4343 2195 4431; baseline 0.002 -21"><span class='ocrx_word' id='word_1_630' title='bbox 200 4345 262 4410; x_wconf 90' lang='lat' dir='ltr'><strong>sibi</strong></span> <span class='ocrx_word' id='word_1_631' title='bbox 284 4367 303 4409; x_wconf 91' lang='lat' dir='ltr'><strong>a</strong></span> <span class='ocrx_word' id='word_1_632' title='bbox 326 4345 397 4409; x_wconf 91' lang='lat' dir='ltr'><strong>Deo</strong></span> <span class='ocrx_word' id='word_1_633' title='bbox 419 4343 600 4408; x_wconf 91' lang='lat' dir='ltr'><strong>iniunctum</strong></span> <span class='ocrx_word' id='word_1_634' title='bbox 624 4345 762 4410; x_wconf 89' lang='lat' dir='ltr'><strong>fideliter</strong></span> <span class='ocrx_word' id='word_1_635' title='bbox 784 4347 983 4428; x_wconf 81' lang='lat' dir='ltr'><strong>exsequitur.</strong></span> <span class='ocrx_word' id='word_1_636' title='bbox 1017 4347 1062 4411; x_wconf 82' lang='lat' dir='ltr'><strong>Et</strong></span> <span class='ocrx_word' id='word_1_637' title='bbox 1082 4355 1170 4412; x_wconf 86' lang='lat' dir='ltr'><strong>certe</strong></span> <span class='ocrx_word' id='word_1_638' title='bbox 1219 4344 2010 4431; x_wconf 62' lang='lat' dir='ltr'><strong>mittrffittiattaaramrr)mentienturmtmffl</strong></span> <span class='ocrx_word' id='word_1_639' title='bbox 2026 4345 2195 4413; x_wconf 74' lang='lat' dir='ltr'><strong>‚llil‘i‘lii</strong></span> 
     </span>
     <span class='ocr_line' id='line_1_48' title="bbox 199 4429 2191 4514; baseline 0 -16"><span class='ocrx_word' id='word_1_640' title='bbox 199 4431 321 4498; x_wconf 89' lang='lat' dir='ltr'><strong>scimus</strong></span> <span class='ocrx_word' id='word_1_641' title='bbox 345 4438 436 4493; x_wconf 90' lang='lat' dir='ltr'><strong>tanta</strong></span> <span class='ocrx_word' id='word_1_642' title='bbox 453 4429 575 4512; x_wconf 85' lang='lat' dir='ltr'><strong>ingenii</strong></span> <span class='ocrx_word' id='word_1_643' title='bbox 593 4430 842 4496; x_wconf 89' lang='lat' dir='ltr'><strong>mansuetudine</strong></span> <span class='ocrx_word' id='word_1_644' title='bbox 860 4433 959 4496; x_wconf 83' lang='lat' dir='ltr'><strong>luisse</strong></span> <span class='ocrx_word' id='word_1_645' title='bbox 976 4431 1170 4514; x_wconf 90' lang='lat' dir='ltr'><strong>praeditum,</strong></span> <span class='ocrx_word' id='word_1_646' title='bbox 1220 4431 1392 4497; x_wconf 76' lang='lat' dir='ltr'><strong>alienorum</strong></span> <span class='ocrx_word' id='word_1_647' title='bbox 1419 4430 1568 4514; x_wconf 76' lang='lat' dir='ltr'><strong>defitient,</strong></span> <span class='ocrx_word' id='word_1_648' title='bbox 1589 4431 1785 4513; x_wconf 71' lang='lat' dir='ltr'><strong>trepidatum</strong></span> <span class='ocrx_word' id='word_1_649' title='bbox 1812 4451 1852 4496; x_wconf 81' lang='lat' dir='ltr'><strong>ea</strong></span> <span class='ocrx_word' id='word_1_650' title='bbox 1875 4435 2030 4514; x_wconf 76' lang='lat' dir='ltr'><strong>penetra&#39;</strong></span> <span class='ocrx_word' id='word_1_651' title='bbox 2110 4435 2191 4499; x_wconf 83' lang='lat' dir='ltr'><strong>suis.</strong></span> 
     </span>
     <span class='ocr_line' id='line_1_49' title="bbox 200 4514 1169 4598; baseline 0.002 -17"><span class='ocrx_word' id='word_1_652' title='bbox 200 4530 238 4581; x_wconf 92' lang='lat' dir='ltr'><strong>ut</strong></span> <span class='ocrx_word' id='word_1_653' title='bbox 258 4517 311 4582; x_wconf 91' lang='lat' dir='ltr'><strong>vel</strong></span> <span class='ocrx_word' id='word_1_654' title='bbox 336 4536 355 4579; x_wconf 92' lang='lat' dir='ltr'><strong>a</strong></span> <span class='ocrx_word' id='word_1_655' title='bbox 377 4523 472 4597; x_wconf 82' lang='lat' dir='ltr'><strong>gutta</strong></span> <span class='ocrx_word' id='word_1_656' title='bbox 494 4518 663 4598; x_wconf 84' lang='lat' dir='ltr'><strong>sanguinis</strong></span> <span class='ocrx_word' id='word_1_657' title='bbox 684 4514 851 4582; x_wconf 86' lang='lat' dir='ltr'><strong>fundenda</strong></span> <span class='ocrx_word' id='word_1_658' title='bbox 869 4516 1084 4593; x_wconf 89' lang='lat' dir='ltr'><strong>abhorruerit,</strong></span> <span class='ocrx_word' id='word_1_659' title='bbox 1108 4520 1169 4583; x_wconf 89' lang='lat' dir='ltr'><strong>nisi</strong></span> 
     </span>
    </p>

    <p class='ocr_par' dir='ltr' id='par_1_9' title="bbox 200 4600 2192 4853">
     <span class='ocr_line' id='line_1_50' title="bbox 200 4600 2192 4689; baseline 0 -21"><span class='ocrx_word' id='word_1_660' title='bbox 200 4613 360 4686; x_wconf 86' lang='lat' dir='ltr'><strong>quatenus</strong></span> <span class='ocrx_word' id='word_1_661' title='bbox 390 4600 514 4665; x_wconf 83' lang='lat' dir='ltr'><strong>serebat</strong></span> <span class='ocrx_word' id='word_1_662' title='bbox 542 4601 638 4665; x_wconf 84' lang='lat' dir='ltr'><strong>officii</strong></span> <span class='ocrx_word' id='word_1_663' title='bbox 667 4603 748 4666; x_wconf 91' lang='lat' dir='ltr'><strong>ratio</strong></span> <span class='ocrx_word' id='word_1_664' title='bbox 777 4612 811 4668; x_wconf 91' lang='lat' dir='ltr'><strong>et</strong></span> <span class='ocrx_word' id='word_1_665' title='bbox 839 4603 1026 4667; x_wconf 87' lang='lat' dir='ltr'><strong>necessitas.</strong></span> <span class='ocrx_word' id='word_1_666' title='bbox 1082 4603 1169 4687; x_wconf 75' lang='lat' dir='ltr'><strong>llrgo</strong></span> <span class='ocrx_word' id='word_1_667' title='bbox 1305 4603 1358 4667; x_wconf 84' lang='lat'><strong>42.</strong></span> <span class='ocrx_word' id='word_1_668' title='bbox 1377 4601 1471 4687; x_wconf 84' lang='lat' dir='ltr'><strong>(Voti</strong></span> <span class='ocrx_word' id='word_1_669' title='bbox 1480 4600 1690 4689; x_wconf 71' lang='lat' dir='ltr'><strong>forabantur.)</strong></span> <span class='ocrx_word' id='word_1_670' title='bbox 1714 4603 1856 4668; x_wconf 88' lang='lat' dir='ltr'><strong>Mutatio</strong></span> <span class='ocrx_word' id='word_1_671' title='bbox 1873 4605 2028 4687; x_wconf 89' lang='lat' dir='ltr'><strong>temporis</strong></span> <span class='ocrx_word' id='word_1_672' title='bbox 2039 4604 2073 4666; x_wconf 94' lang='lat' dir='ltr'><strong>in</strong></span> <span class='ocrx_word' id='word_1_673' title='bbox 2089 4603 2192 4668; x_wconf 91' lang='lat' dir='ltr'><strong>verbo</strong></span> 
     </span>
     <span class='ocr_line' id='line_1_51' title="bbox 202 4684 2191 4773; baseline 0.002 -21"><span class='ocrx_word' id='word_1_674' title='bbox 202 4689 342 4754; x_wconf 90' lang='lat' dir='ltr'><strong>tenenda</strong></span> <span class='ocrx_word' id='word_1_675' title='bbox 364 4699 414 4751; x_wconf 91' lang='lat' dir='ltr'><strong>est</strong></span> <span class='ocrx_word' id='word_1_676' title='bbox 431 4684 568 4752; x_wconf 89' lang='lat' dir='ltr'><strong>Davidis</strong></span> <span class='ocrx_word' id='word_1_677' title='bbox 592 4690 730 4752; x_wconf 90' lang='lat' dir='ltr'><strong>vocatio:</strong></span> <span class='ocrx_word' id='word_1_678' title='bbox 754 4687 871 4753; x_wconf 92' lang='lat' dir='ltr'><strong>deinde</strong></span> <span class='ocrx_word' id='word_1_679' title='bbox 893 4708 995 4770; x_wconf 89' lang='lat' dir='ltr'><strong>purus</strong></span> <span class='ocrx_word' id='word_1_680' title='bbox 1016 4688 1115 4769; x_wconf 79' lang='lat' dir='ltr'><strong>aelus,</strong></span> <span class='ocrx_word' id='word_1_681' title='bbox 1137 4698 1170 4753; x_wconf 88' lang='lat' dir='ltr'><strong>ot</strong></span> <span class='ocrx_word' id='word_1_682' title='bbox 1220 4698 1408 4754; x_wconf 81' lang='lat' dir='ltr'><strong>contextum</strong></span> <span class='ocrx_word' id='word_1_683' title='bbox 1432 4688 1627 4752; x_wconf 85' lang='lat' dir='ltr'><strong>narrationis</strong></span> <span class='ocrx_word' id='word_1_684' title='bbox 1650 4710 1718 4753; x_wconf 92' lang='lat' dir='ltr'><strong>non</strong></span> <span class='ocrx_word' id='word_1_685' title='bbox 1741 4690 1915 4773; x_wconf 88' lang='lat' dir='ltr'><strong>abrumpit,</strong></span> <span class='ocrx_word' id='word_1_686' title='bbox 1942 4691 1989 4755; x_wconf 90' lang='lat' dir='ltr'><strong>sio</strong></span> <span class='ocrx_word' id='word_1_687' title='bbox 2011 4690 2120 4773; x_wconf 89' lang='lat' dir='ltr'><strong>itaque</strong></span> <span class='ocrx_word' id='word_1_688' title='bbox 2139 4710 2191 4756; x_wconf 89' lang='lat' dir='ltr'><strong>re·</strong></span> 
     </span>
     <span class='ocr_line' id='line_1_52' title="bbox 201 4773 1421 4853; baseline 0.001 -16"><span class='ocrx_word' id='word_1_689' title='bbox 201 4775 242 4839; x_wconf 88' lang='lat' dir='ltr'><strong>ab</strong></span> <span class='ocrx_word' id='word_1_690' title='bbox 272 4775 361 4839; x_wconf 90' lang='lat' dir='ltr'><strong>omni</strong></span> <span class='ocrx_word' id='word_1_691' title='bbox 391 4773 499 4837; x_wconf 88' lang='lat' dir='ltr'><strong>carnis</strong></span> <span class='ocrx_word' id='word_1_692' title='bbox 527 4775 768 4853; x_wconf 89' lang='lat' dir='ltr'><strong>perturbatione</strong></span> <span class='ocrx_word' id='word_1_693' title='bbox 799 4795 929 4840; x_wconf 87' lang='lat' dir='ltr'><strong>vacuus.</strong></span> <span class='ocrx_word' id='word_1_694' title='bbox 980 4774 1168 4841; x_wconf 88' lang='lat' dir='ltr'><strong>Notandum</strong></span> <span class='ocrx_word' id='word_1_695' title='bbox 1221 4812 1421 4819; x_wconf 86' lang='lat'>-—-—</span> 
     </span>
    </p>

    <p class='ocr_par' dir='ltr' id='par_1_10' title="bbox 202 4858 2190 4948">
     <span class='ocr_line' id='line_1_53' title="bbox 202 4858 2190 4948; baseline 0.004 -24"><span class='ocrx_word' id='word_1_696' title='bbox 202 4874 368 4941; x_wconf 85' lang='lat' dir='ltr'><strong>praeterea</strong></span> <span class='ocrx_word' id='word_1_697' title='bbox 390 4870 448 4936; x_wconf 86' lang='lat' dir='ltr'><strong>est,</strong></span> <span class='ocrx_word' id='word_1_698' title='bbox 473 4858 525 4922; x_wconf 88' lang='lat' dir='ltr'><strong>hio</strong></span> <span class='ocrx_word' id='word_1_699' title='bbox 546 4861 656 4924; x_wconf 89' lang='lat' dir='ltr'><strong>vocari</strong></span> <span class='ocrx_word' id='word_1_700' title='bbox 679 4860 789 4923; x_wconf 89' lang='lat' dir='ltr'><strong>hostes</strong></span> <span class='ocrx_word' id='word_1_701' title='bbox 807 4882 941 4942; x_wconf 88' lang='lat' dir='ltr'><strong>quorum</strong></span> <span class='ocrx_word' id='word_1_702' title='bbox 960 4859 1168 4927; x_wconf 87' lang='lat' dir='ltr'><strong>indomabilis</strong></span> <span class='ocrx_word' id='word_1_703' title='bbox 1305 4875 1334 4944; x_wconf 68' lang='lat' dir='ltr'><strong>*t</strong></span> <span class='ocrx_word' id='word_1_704' title='bbox 1352 4877 1369 4930; x_wconf 80' lang='lat' dir='ltr'><strong>a</strong></span> <span class='ocrx_word' id='word_1_705' title='bbox 1385 4875 1462 4929; x_wconf 85' lang='lat' dir='ltr'><strong>l&#39;ouie</strong></span> <span class='ocrx_word' id='word_1_706' title='bbox 1481 4876 1514 4928; x_wconf 83' lang='lat' dir='ltr'><strong>de</strong></span> <span class='ocrx_word' id='word_1_707' title='bbox 1533 4876 1662 4930; x_wconf 77' lang='lat' dir='ltr'><strong>l’anreille</strong></span> <span class='ocrx_word' id='word_1_708' title='bbox 1680 4879 1713 4932; x_wconf 79' lang='lat' dir='ltr'><strong>ils</strong></span> <span class='ocrx_word' id='word_1_709' title='bbox 1732 4878 1900 4946; x_wconf 76' lang='lat' dir='ltr'><strong>m’obdiront,</strong></span> <span class='ocrx_word' id='word_1_710' title='bbox 1917 4894 1953 4933; x_wconf 80' lang='lat' dir='ltr'><strong>m</strong></span> <span class='ocrx_word' id='word_1_711' title='bbox 1969 4894 2078 4948; x_wconf 73' lang='lat' dir='ltr'><strong>marm.-</strong></span> <span class='ocrx_word' id='word_1_712' title='bbox 2104 4895 2148 4943; x_wconf 88' lang='lat' dir='ltr'><strong>ou,</strong></span> <span class='ocrx_word' id='word_1_713' title='bbox 2168 4880 2190 4932; x_wconf 85' lang='lat' dir='ltr'><strong>ri</strong></span> 
     </span>
    </p>
   </div>
   <div class='ocr_carea' id='block_1_5' title="bbox 203 4944 2098 5028">
    <p class='ocr_par' dir='ltr' id='par_1_11' title="bbox 203 4944 2098 5028">
     <span class='ocr_line' id='line_1_54' title="bbox 203 4944 2098 5028; baseline -0.002 -25"><span class='ocrx_word' id='word_1_714' title='bbox 203 4947 379 5026; x_wconf 72' lang='lat' dir='ltr'><strong>pertinacia</strong></span> <span class='ocrx_word' id='word_1_715' title='bbox 409 4944 506 5008; x_wconf 83' lang='lat' dir='ltr'><strong>talem</strong></span> <span class='ocrx_word' id='word_1_716' title='bbox 538 4945 600 5009; x_wconf 80' lang='lat' dir='ltr'><strong>Dei</strong></span> <span class='ocrx_word' id='word_1_717' title='bbox 633 4945 808 5012; x_wconf 79' lang='lat' dir='ltr'><strong>vindictam</strong></span> <span class='ocrx_word' id='word_1_718' title='bbox 840 4947 1038 5028; x_wconf 69' lang='lat' dir='ltr'><strong>provocavit,</strong></span> <span class='ocrx_word' id='word_1_719' title='bbox 1083 4947 1167 5010; x_wconf 69' lang='lat' dir='ltr'><strong>Nam</strong></span> <span class='ocrx_word' id='word_1_720' title='bbox 1219 4950 1275 4998; x_wconf 87' lang='lat' dir='ltr'><strong>tost</strong></span> <span class='ocrx_word' id='word_1_721' title='bbox 1293 4961 1345 5012; x_wconf 91' lang='lat' dir='ltr'><strong>quo</strong></span> <span class='ocrx_word' id='word_1_722' title='bbox 1363 4945 1388 4996; x_wconf 91' lang='lat' dir='ltr'><strong>le</strong></span> <span class='ocrx_word' id='word_1_723' title='bbox 1408 4945 1478 4998; x_wconf 90' lang='lat' dir='ltr'><strong>bruit</strong></span> <span class='ocrx_word' id='word_1_724' title='bbox 1495 4945 1529 4998; x_wconf 89' lang='lat' dir='ltr'><strong>do</strong></span> <span class='ocrx_word' id='word_1_725' title='bbox 1547 4961 1609 5000; x_wconf 91' lang='lat' dir='ltr'><strong>mon</strong></span> <span class='ocrx_word' id='word_1_726' title='bbox 1628 4964 1690 5000; x_wconf 91' lang='lat' dir='ltr'><strong>nom</strong></span> <span class='ocrx_word' id='word_1_727' title='bbox 1709 4949 1822 5001; x_wconf 88' lang='lat' dir='ltr'><strong>viendra</strong></span> <span class='ocrx_word' id='word_1_728' title='bbox 1839 4948 1855 5001; x_wconf 78' lang='lat' dir='ltr'><strong>a</strong></span> <span class='ocrx_word' id='word_1_729' title='bbox 1873 4950 1945 5001; x_wconf 88' lang='lat' dir='ltr'><strong>leurs</strong></span> <span class='ocrx_word' id='word_1_730' title='bbox 1963 4949 2098 5001; x_wconf 83' lang='lat' dir='ltr'><strong>eureillos.</strong></span> 
     </span>
    </p>
   </div>
   <div class='ocr_carea' id='block_1_6' title="bbox 203 5012 2191 5147">
    <p class='ocr_par' dir='ltr' id='par_1_12' title="bbox 203 5012 2191 5147">
     <span class='ocr_line' id='line_1_55' title="bbox 203 5012 2191 5147; baseline -0.013 -54"><span class='ocrx_word' id='word_1_731' title='bbox 203 5043 364 5112; x_wconf 86' lang='lat' dir='ltr'><strong>quatenus</strong></span> <span class='ocrx_word' id='word_1_732' title='bbox 397 5032 554 5096; x_wconf 89' lang='lat' dir='ltr'><strong>sustinuit</strong></span> <span class='ocrx_word' id='word_1_733' title='bbox 587 5032 710 5097; x_wconf 79' lang='lat' dir='ltr'><strong>Christi</strong></span> <span class='ocrx_word' id='word_1_734' title='bbox 744 5052 931 5114; x_wconf 88' lang='lat' dir='ltr'><strong>personam,</strong></span> <span class='ocrx_word' id='word_1_735' title='bbox 965 5031 1094 5096; x_wconf 86' lang='lat' dir='ltr'><strong>nonnisi</strong></span> <span class='ocrx_word' id='word_1_736' title='bbox 1128 5031 1168 5097; x_wconf 92' lang='lat' dir='ltr'><strong>de</strong></span> <span class='ocrx_word' id='word_1_737' title='bbox 1218 5012 1395 5147; x_wconf 38' lang='lat' dir='ltr'><strong>terramala</strong></span> <span class='ocrx_word' id='word_1_738' title='bbox 1419 5014 1513 5067; x_wconf 77' lang='lat' dir='ltr'><strong>0¹¹s⁸¹¹⁸</strong></span> <span class='ocrx_word' id='word_1_739' title='bbox 1538 5015 1586 5068; x_wconf 69' lang='lat'><strong>‘¹⁸⁸</strong></span> <span class='ocrx_word' id='word_1_740' title='bbox 1604 5024 1766 5084; x_wconf 66' lang='lat' dir='ltr'><strong>contangere,</strong></span> <span class='ocrx_word' id='word_1_741' title='bbox 1789 5031 1824 5070; x_wconf 82' lang='lat' dir='ltr'><strong>en</strong></span> <span class='ocrx_word' id='word_1_742' title='bbox 1841 5033 1948 5086; x_wconf 74' lang='lat' dir='ltr'><strong>marae:</strong></span> <span class='ocrx_word' id='word_1_743' title='bbox 1966 5035 2000 5071; x_wconf 88' lang='lat' dir='ltr'><strong>ou</strong></span> <span class='ocrx_word' id='word_1_744' title='bbox 2018 5018 2058 5069; x_wconf 77' lang='lat' dir='ltr'><strong>les</strong></span> <span class='ocrx_word' id='word_1_745' title='bbox 2075 5017 2191 5086; x_wconf 71' lang='lat' dir='ltr'><strong>propter</strong></span> 
     </span>
    </p>
   </div>
   <div class='ocr_carea' id='block_1_7' title="bbox 201 5116 2191 5325">
    <p class='ocr_par' dir='ltr' id='par_1_13' title="bbox 201 5116 2191 5325">
     <span class='ocr_line' id='line_1_56' title="bbox 201 5116 2191 5222; baseline 0.015 -43"><span class='ocrx_word' id='word_1_746' title='bbox 201 5117 373 5216; x_wconf 74' lang='lat' dir='ltr'><strong>obstinatis</strong></span> <span class='ocrx_word' id='word_1_747' title='bbox 407 5117 554 5216; x_wconf 77' lang='lat' dir='ltr'><strong>ultimam</strong></span> <span class='ocrx_word' id='word_1_748' title='bbox 584 5138 723 5198; x_wconf 78' lang='lat' dir='ltr'><strong>poenam</strong></span> <span class='ocrx_word' id='word_1_749' title='bbox 752 5118 902 5198; x_wconf 66' lang='lat' dir='ltr'><strong>tampsii,</strong></span> <span class='ocrx_word' id='word_1_750' title='bbox 935 5117 990 5200; x_wconf 71' lang='lat' dir='ltr'><strong>‘lui</strong></span> <span class='ocrx_word' id='word_1_751' title='bbox 1023 5116 1167 5215; x_wconf 72' lang='lat' dir='ltr'><strong>humano</strong></span> <span class='ocrx_word' id='word_1_752' title='bbox 1271 5149 1335 5217; x_wconf 74' lang='lat' dir='ltr'><strong>m)</strong></span> <span class='ocrx_word' id='word_1_753' title='bbox 1351 5168 1393 5203; x_wconf 82' lang='lat' dir='ltr'><strong>mo</strong></span> <span class='ocrx_word' id='word_1_754' title='bbox 1412 5152 1568 5217; x_wconf 86' lang='lat' dir='ltr'><strong>mentirent,</strong></span> <span class='ocrx_word' id='word_1_755' title='bbox 1585 5167 1620 5206; x_wconf 81' lang='lat' dir='ltr'><strong>cn</strong></span> <span class='ocrx_word' id='word_1_756' title='bbox 1636 5168 1746 5222; x_wconf 68' lang='lat' dir='ltr'><strong>marat:</strong></span> <span class='ocrx_word' id='word_1_757' title='bbox 1770 5171 1805 5207; x_wconf 91' lang='lat' dir='ltr'><strong>on</strong></span> <span class='ocrx_word' id='word_1_758' title='bbox 1830 5155 1920 5207; x_wconf 83' lang='lat' dir='ltr'><strong>leront</strong></span> <span class='ocrx_word' id='word_1_759' title='bbox 1936 5154 2072 5207; x_wconf 86' lang='lat' dir='ltr'><strong>semblant</strong></span> <span class='ocrx_word' id='word_1_760' title='bbox 2089 5153 2191 5209; x_wconf 82' lang='lat' dir='ltr'><strong>d&#39;crtre</strong></span> 
     </span>
     <span class='ocr_line' id='line_1_57' title="bbox 202 5205 1734 5325; baseline 0.006 -60"><span class='ocrx_word' id='word_1_761' title='bbox 202 5223 340 5285; x_wconf 78' lang='lat' dir='ltr'><strong>imperto</strong></span> <span class='ocrx_word' id='word_1_762' title='bbox 358 5224 392 5266; x_wconf 90' lang='lat' dir='ltr'><strong>1n</strong></span> <span class='ocrx_word' id='word_1_763' title='bbox 412 5205 557 5267; x_wconf 80' lang='lat' dir='ltr'><strong>ordinem</strong></span> <span class='ocrx_word' id='word_1_764' title='bbox 576 5205 646 5289; x_wconf 86' lang='lat' dir='ltr'><strong>cogi</strong></span> <span class='ocrx_word' id='word_1_765' title='bbox 660 5227 723 5270; x_wconf 90' lang='lat' dir='ltr'><strong>non</strong></span> <span class='ocrx_word' id='word_1_766' title='bbox 742 5212 902 5288; x_wconf 88' lang='lat' dir='ltr'><strong>poterant,</strong></span> <span class='ocrx_word' id='word_1_767' title='bbox 924 5223 976 5266; x_wconf 89' lang='lat' dir='ltr'><strong>res</strong></span> <span class='ocrx_word' id='word_1_768' title='bbox 988 5224 1075 5266; x_wconf 76' lang='lat' dir='ltr'><strong>enim</strong></span> <span class='ocrx_word' id='word_1_769' title='bbox 1096 5222 1168 5284; x_wconf 79' lang='lat' dir='ltr'><strong>ipsa</strong></span> <span class='ocrx_word' id='word_1_770' title='bbox 1218 5219 1267 5273; x_wconf 76' lang='lat' dir='ltr'><strong>dor</strong></span> <span class='ocrx_word' id='word_1_771' title='bbox 1285 5221 1375 5325; x_wconf 60' lang='lat' dir='ltr'><strong>minag</strong></span> <span class='ocrx_word' id='word_1_772' title='bbox 1388 5219 1552 5276; x_wconf 77' lang='lat' dir='ltr'><strong>r’humtttans</strong></span> <span class='ocrx_word' id='word_1_773' title='bbox 1571 5223 1605 5276; x_wconf 87' lang='lat' dir='ltr'><strong>de</strong></span> <span class='ocrx_word' id='word_1_774' title='bbox 1623 5225 1734 5277; x_wconf 66' lang='lat' dir='ltr'><strong>orante.</strong></span> 
     </span>
    </p>
   </div>
   <div class='ocr_carea' id='block_1_8' title="bbox 0 0 2338 5856">
    <p class='ocr_par' dir='ltr' id='par_1_14' title="bbox 0 0 2338 5856">
     <span class='ocr_line' id='line_1_58' title="bbox 0 0 2338 5856; baseline 0 0"><span class='ocrx_word' id='word_1_775' title='bbox 0 0 2338 5856; x_wconf 95' lang='lat' dir='ltr'><strong> </strong></span> 
     </span>
    </p>
   </div>
  </div>
 </body>
</html>
