4658 5856
118 359 182 427 425
939 357 1157 425 Psanites
1180 355 1293 422 XLII.
2049 353 2129 418 426.

120 555 273 627 testatur,
316 548 392 631 quia
424 569 466 613 ex
499 546 560 613 hoc
591 548 679 612 fonte
707 554 900 614 manaverat
931 545 1091 612 liberatio.
1144 545 1293 611 ostendet
1315 543 1371 609 diu
1392 543 1500 627 ipsum
1521 543 1660 610 iacuisse
1682 542 1715 606 iu
1736 541 1854 607 misero
1876 542 1939 608 isto
1961 550 2050 609 statu
2073 543 2113 611 da

120 634 254 718 Duplex
286 634 389 699 Amce
418 633 459 698 ad
488 633 724 699 vehementiam
755 632 899 715 positum
928 643 994 707 est,
1029 652 1093 715 quo
1145 652 1210 717 quo
1232 630 1384 714 loquitur.
1423 629 1518 711 Quod
1540 627 1739 693 obtendunt:
1762 646 1871 693 aream
1892 626 2031 694 foederis
2053 632 2113 697 sub

120 719 237 786 melius
254 720 471 785 incitarentur
490 738 602 784 omnes
620 718 666 802 pii
689 718 729 783 ad
752 717 950 784 laudandum
975 718 1092 783 Deum.
1145 737 1248 802 regno
1271 715 1381 783 Saulis
1404 715 1503 781 luisse
1525 714 1717 798 neglectam,
1739 723 1776 778 ut
1794 733 1859 779 non
1877 714 1920 779 sit
1938 715 2114 783 verisimile

1145 802 1310 870 Davidem
1341 812 1419 867 tune
1447 802 1597 867 solennes
1626 800 1742 866 choros
1772 798 1912 878 duxisse,
1943 821 2008 868 nou
2032 803 2112 868 adeo

1146 891 1278 955 firmum
1305 898 1364 955 est.
1409 886 1606 971 Quanquam
1636 886 1723 952 enim
1752 885 1882 950 nonnisi
1912 883 2113 956 defunctorie

1145 974 1255 1040 Deum
1285 973 1409 1041 colebat
1431 972 1523 1051 Saul,
1554 972 1660 1037 noluit
1687 981 1797 1036 tamen
1819 972 1974 1054 profanus
1997 974 2111 1042 videri.

431 1083 638 1153 pqupffls
657 1083 774 1153 xm·
1144 1061 1190 1125 let
1213 1059 1322 1126 David
1345 1062 1416 1143 ipse
1439 1058 1514 1125 alibi
1537 1057 1679 1124 ostendit
1700 1056 1822 1136 sedulo,
1853 1057 1945 1123 festis
1964 1080 2112 1142 pracser-

1146 1147 1204 1211 tim
1233 1144 1358 1225 diebus,
1388 1165 1498 1211 sacros
1525 1153 1706 1210 conventus
1735 1143 1968 1226 frequentasse.
2013 1146 2112 1213 Certe

120 1280 205 1336 Aac.
226 1282 317 1334 Primo
334 1256 567 1346 ostendit'David,
587 1297 670 1350 quum
687 1281 817 1351 prologus
834 1285 941 1337 erraret
955 1279 1092 1333 chaulis
1146 1231 1230 1316 qu⁰d
1260 1231 1443 1298 Vid⁰bimu⁸
1471 1230 1602 1295 psalm
1624 1231 1684 1296 55²
1719 1228 1760 1296 In
1791 1230 1922 1293 dmum
1946 1230 2009 1297 D⁰i
2038 1255 2112 1318 Pm'

223 1350 373 1430 saevitiam,
397 1349 465 1402 nihil
486 1349 540 1402 sibi
564 1349 648 1402 fnisse
669 1351 795 1430 acerbius
819 1367 899 1419 quam
918 1348 1058 1430 prohiberi
1075 1366 1092 1401 a
1144 1318 1237 1417 secti,
1257 1339 1372 1418 mmm?
1411 1317 1549 1400 Parilffl'r
1591 1317 1642 1381 Vel
1677 1314 1866 1393 unanime&
1907 1316 1948 1381 ad
1982 1328 2112 1403 tempufl

224 1424 370 1472 sanctuarii
394 1433 510 1483 accessu,
535 1417 608 1487 quod
625 1418 675 1471 Der
699 1419 801 1472 cultum
825 1428 943 1472 terrenis
967 1418 1092 1471 omnibus
1145 1404 1257 1471 Saulis
1278 1412 1428 1486 pertinet.

223 1486 371 1542 commodis
393 1486 554 1555 praeferret.
588 1486 694 1540 Deinde
717 1505 798 1556 quam
821 1486 938 1541 diifleilia
962 1502 1023 1540 cum
1045 1486 1092 1540 de-
1230 1491 1260 1556 2,
1284 1487 1385 1573 (Sicut
1406 1508 1514 1553 cervus
1534 1485 1671 1572 8188888.)
1713 1485 1761 1550 Hi
1791 1486 1854 1551 duo
1882 1508 1997 1552 versus
2029 1490 2110 1555 nihil

223 1555 379 1636 ‘Wffl‘ln‘’
397 1554 545 1636 cipifucrtt
562 1555 642 1636 ΨΜ
660 1564 859 1638 ⁰⁰¹¹¹¹¹¹9¹¹¹⁰¹⁸¹·
884 1556 1092 1636 Pfe⁰⁰¹¹¹⁰fi⁸¹¹i
1144 1575 1233 1640 aliud
1255 1577 1424 1643 continent
1446 1593 1543 1657 quam
1566 1571 1729 1639 Davidem
1752 1572 1902 1637 omuibus
1924 1576 2101 1642 commodis

224 1637 253 1679 et
269 1631 374 1694 gratiae
389 1624 440 1677 Dar
457 1623 662 1677 meditationem
680 1625 812 1679 admnonet
823 1625 1093 1692 confirmandaeapcr
2102 1629 2111 1654 ¹

224 1709 289 1749 8888
310 1708 398 1745 cansa
434 1693 576 1746 Postremo
599 1692 715 1747 interius
738 1694 805 1747 illud
823 1710 884 1747 cnm
901 1708 1025 1746 moerore
1042 1709 1093 1746 suo
1145 1661 1268 1745 ⁰Pib⁰⁸o
1298 1660 1432 1736 delississv
1456 1658 1634 1724 h⁰¹¹⁰1¹ib¹¹⁸
1656 1659 1795 1740 dffili‘llffi
1818 1658 2010 1740 praetulisse
2032 1661 2111 1728 libfl·

223 1769 360 1816 certamen
378 1762 487 1830 repetit
1144 1768 1219 1812 rum
1241 1747 1419 1813 sanctuarii
1440 1764 1615 1827 accessum,
1637 1754 1675 1808 ut
1697 1741 1860 1808 mandatis
1880 1744 1915 1809 in
1932 1745 2004 1829 lege
2021 1768 2112 1813 exer-

1144 1833 1229 1898 citiis
1251 1831 1348 1897 fidem
1372 1833 1590 1916 pietatemque
1608 1850 1700 1895 suam
1720 1828 1821 1894 aleret
1838 1851 1875 1894 ac
1893 1832 2109 1900 confirmaret.

208 1915 237 1979 1.
257 1914 420 1997 Praefecto
437 1914 583 1980 metens
596 1913 678 1995 filiis
699 1912 805 1981 Corae.
829 1914 859 1978 2.
878 1912 967 1979 stac
983 1933 1092 1980 cereus
1143 1919 1228 1984 Nam
1259 1918 1344 2000 quod
1374 1940 1408 1983 se
1432 1919 1475 1983 ad
1501 1917 1605 1982 Deum
1633 1916 1739 1980 vivum
1767 1914 1900 1980 cbimore
1930 1916 2015 1996 dicit,
2045 1940 2110 1985 non

203 2005 236 2065 ot
258 2001 300 2067 od
320 2001 423 2083 [cutm
444 2019 610 2082 aquaram,
632 2001 678 2066 ito
700 2000 810 2065 anima
830 2020 899 2065 meo
916 1999 1031 2066 clamat
1048 2001 1091 2066 ad
1145 2004 1336 2087 simpliciter
1369 2003 1528 2087 accipitur
1567 2022 1626 2084 pro
1659 2002 1801 2086 flagrare
1832 2001 1897 2066 Dei
1936 2024 2045 2069 amore
2078 2020 2111 2071 et

205 2106 270 2152 cuc.
312 2086 344 2151 3.
368 2085 475 2151 scuit
496 2087 604 2152 anima
626 2105 697 2150 meo
718 2085 761 2150 od
783 2084 898 2168 Deum,
920 2086 963 2151 ad
984 2085 1091 2150 Deum
1143 2090 1317 2155 desiderio:
1352 2090 1407 2154 sed
1442 2090 1475 2153 iu
1509 2096 1652 2152 mentem
1686 2086 1798 2151 venire
1828 2086 1923 2152 debet
1952 2091 2111 2173 quomodo

196 2193 245 2237 m:
276 2172 401 2254 quondo
430 2171 590 2255 iaprcdior
616 2177 652 2236 at
679 2191 851 2253 appaream
875 2190 982 2237 coram
1008 2171 1091 2253 facie
1142 2197 1201 2241 nos
1223 2175 1264 2240 ad
1287 2198 1321 2240 sc
1344 2175 1462 2240 invitet
1483 2172 1583 2251 Dens,
1613 2182 1646 2237 ct
1668 2173 1786 2257 quibus
1808 2170 2016 2240 adminiculis
2039 2197 2111 2243 sur·

193 2258 211 2324 d
254 2257 284 2322 4,
312 2256 456 2323 Fuerunt
483 2257 563 2322 milei
591 2257 747 2339 lampenae
768 2277 853 2322 meae
870 2258 969 2338 panis
988 2257 1040 2321 dic
1060 2262 1090 2321 et
1142 2282 1216 2326 sum
1251 2260 1378 2326 attollat
1409 2269 1537 2324 mentes
1570 2268 1707 2324 nostras.
1760 2257 1873 2340 Neque
1903 2261 1991 2324 enim
2022 2262 2112 2328 iubet

204 2363 324 2426 ,88888
340 2344 457 2410 dicitur
472 2342 552 2408 mitt
568 2343 720 2425 quotidie.-
749 2341 809 2408 Ubi
827 2341 972 2408 cetDcus
989 2342 1088 2407 tous?
1141 2357 1231 2413 recta
1259 2367 1320 2413 nos
1348 2346 1382 2412 in
1411 2345 1538 2412 coelum
1561 2342 1785 2422 conscendere,
1815 2343 1872 2410 sed
1894 2344 2111 2413 imbecillitati

1141 2440 1273 2498 nostrae
1301 2431 1484 2509 consulens,
1514 2430 1645 2513 pmpius
1668 2429 1790 2495 ad·nos
1814 2429 1989 2495 descendit.
2035 2433 2110 2499 Cla·

207 2515 235 2580 1.
259 2512 373 2600 (Filias
397 2511 518 2599 Corae.)
552 2511 640 2593 Quia
661 2535 727 2579 non
749 2513 946 2579 adscribitur
968 2533 1088 2579 nomeu
1141 2518 1245 2583 mavit
1273 2518 1373 2602 igitur
1397 2515 1508 2582 David
1538 2516 1579 2581 ad
1609 2513 1728 2592 Deum,
1759 2514 1819 2580 sibi
1848 2516 1935 2580 viem
1967 2517 2109 2584 clausam

196 2600 266 2679 idis,
295 2600 474 2667 coniiciunt
502 2599 598 2665 multi
625 2598 711 2665 filios
733 2599 839 2665 Corae
861 2598 987 2666 Psalmi
1016 2620 1089 2666 esse
1141 2625 1212 2670 esee
1233 2611 1397 2686 reputans,
1418 2603 1494 2685 quia
1516 2602 1555 2667 ab
1578 2609 1714 2666 externo
1737 2601 1827 2666 cultu
1850 2612 1920 2665 crat
1941 2602 2108 2670 exclusus:

197 2706 279 2765 ores,
313 2685 397 2769 quod
429 2685 512 2750 mihi
545 2685 635 2751 nullo
669 2684 765 2750 modo
792 2686 958 2768 probatur.
1002 2684 1089 2750 Nam
1142 2687 1229 2772 quod
1257 2688 1430 2757 vinculum
1457 2695 1507 2754 est
1533 2707 1643 2753 sacrae
1665 2707 1741 2752 cnm
1763 2684 1832 2751 Deo
1855 2689 2109 2757 coniunctionis:

190 2793 223 2837 m
255 2772 289 2837 in
324 2769 463 2837 Davidis
495 2791 636 2854 persona
668 2772 711 2838 sit
743 2771 957 2856 compositus,
991 2792 1088 2854 quem
1142 2797 1208 2841 non
1227 2774 1311 2858 quod
1329 2796 1388 2857 per
1402 2773 1520 2840 seDco
1538 2793 1598 2838 nos
1613 2773 1835 2839 caeremoniae
1853 2773 2036 2854 concilient,
2053 2777 2111 2842 sed

202 2879 239 2923 88
274 2857 389 2940 spiritu
421 2857 609 2939 prophetico
639 2856 831 2923 excelluisse
858 2857 947 2923 inter
975 2877 1089 2922 omnes
1142 2861 1218 2946 quia
1236 2861 1366 2944 pietatis
1384 2868 1463 2925 sunt
1480 2859 1644 2938 exercitia,
1666 2857 1783 2941 quibus
1800 2879 1911 2924 carere
1928 2882 1996 2923 non
2015 2861 2111 2928 susti-

185 2963 211 3022 s,
232 2943 306 3027 quis
327 2941 438 3007 credet
459 2944 490 3007 ei
511 2941 613 3009 fuisse
636 2943 768 3009 aliunde
791 2941 971 3008 dictatum?
995 2942 1090 3008 0888-
1141 2955 1200 3012 net
1222 2955 1333 3012 nostra
1355 2945 1539 3010 iufirmitas.
1570 2945 1686 3026 Itaque
1708 2965 1727 3008 a
1749 2944 1934 3011 sanctuario
1956 2947 2110 3014 exsulans

201 3029 324 3094 isarat
345 3028 444 3094 totius
467 3029 620 3095 ecclesiae
642 3027 763 3107 doctor,
786 3039 819 3095 et
840 3029 970 3112 insigne
992 3029 1087 3111 epiri·
1141 3031 1250 3098 David
1279 3054 1346 3097 non
1375 3032 1470 3096 aliter
1497 3029 1615 3095 anxius
1642 3037 1701 3108 est,
1730 3049 1827 3113 quam
1850 3031 1878 3096 si
1901 3052 1920 3096 a
1941 3030 2013 3097 Dec
2039 3034 2109 3116 ipso

192 3134 355 3199 organon:
378 3114 517 3192 Levitis,
535 3136 673 3197 quorum
694 3135 770 3197 pars
788 3124 881 3179 erant
895 3114 956 3179 filii
972 3113 1087 3191 Corae,
1142 3126 1226 3184 esset
1248 3118 1419 3184 alienatus.
1453 3115 1528 3181 Non
1551 3114 1677 3179 destitit
1696 3114 1828 3198 quidem
1850 3116 1976 3181 interca
1996 3139 2110 3199 preces

199 3221 268 3265 mos
290 3199 371 3264 alios
392 3200 556 3266 canendos
574 3199 763 3280 tradiderat,
785 3198 869 3283 quod
887 3200 990 3283 igitur
1007 3221 1088 3282 opus
1141 3224 1216 3270 suas
1257 3203 1291 3267 iu
1325 3202 1449 3269 coelum
1481 3200 1631 3284 dirigere,
1671 3203 1736 3264 imo
1769 3200 1810 3264 ad
1841 3200 1949 3283 ipsum
1981 3223 2110 3286 quoque

201 3284 813 3368 etaumprecarioabillismutuari
837 3284 1086 3367 bonooperum,
1141 3288 1372 3365 sanctuarium,
1410 3287 1468 3352 sed
1502 3286 1703 3352 infirmitatis
1731 3306 1809 3351 suae
1834 3287 1992 3366 conscius,
2023 3290 2110 3355 uam

202 3372 417 3454 praestandae
445 3372 542 3456 longa
563 3372 711 3453 superior
733 3370 826 3436 arat?
871 3371 956 3436 Mihi
977 3371 1088 3453 itaque
1141 3396 1205 3458 qua
1232 3373 1272 3439 ad
1295 3374 1402 3439 Deum
1422 3373 1618 3456 perveniunt
1639 3371 1760 3449 fideles,
1788 3371 1850 3438 sibi
1872 3373 2015 3439 clausam
2038 3396 2110 3440 8888

201 3456 284 3522 abile
314 3468 372 3536 est,
401 3456 473 3522 ideo
496 3456 659 3522 nominari
680 3457 765 3522 filios
788 3456 902 3532 Corae,
932 3457 1009 3538 quia
1026 3458 1088 3521 fnit
1142 3460 1291 3525 dolenter
1324 3460 1457 3525 ferebat.
1514 3458 1588 3540 Quo
1622 3457 1771 3540 exemplo
1805 3458 1965 3525 refellitur
1997 3481 2110 3526 eorum

238 3564 293 3607 eos
326 3542 493 3624 depositus
527 3542 674 3609 thesauri
707 3544 785 3622 loco,
823 3550 859 3607 ut
891 3542 1014 3609 scimus
1046 3563 1088 3608 ex
1141 3546 1336 3629 arrogantia,
1362 3546 1418 3629 qui
1439 3542 1546 3611 media
1568 3545 1648 3611 haec
1670 3564 1783 3610 secura
1804 3554 2022 3626 praetereunt,
2042 3548 2110 3611 imo

216 3628 306 3694 ribus
337 3628 417 3693 alios
452 3639 549 3711 atque
586 3629 666 3693 alios
704 3629 908 3693 Psalmornm
946 3628 1088 3694 delectos
1141 3631 1281 3716 superbe
1308 3640 1534 3712 contemnunt,
1563 3650 1600 3695 ac
1623 3630 1708 3696 siin
1730 3649 1843 3695 eorum
1867 3630 2001 3696 arbitrio
2024 3641 2110 3697 esset

241 3712 399 3781 ouswdefl·
434 3713 531 3795 Quod
555 3714 771 3798 supprimitur
792 3713 931 3778 Davidis
954 3715 1088 3798 monile,
1140 3719 1174 3783 in
1197 3717 1323 3784 coelum
1341 3725 1569 3782 momentaneo
1588 3716 1697 3783 volatu
1716 3725 1897 3799 penetrare,
1920 3718 2013 3799 quasi
2032 3737 2109 3783 vero

180 3799 203 3864 il
225 3811 274 3868 est
295 3801 329 3864 in
352 3821 390 3865 eo
412 3799 617 3877 incommodi,
647 3801 724 3882 quia
745 3800 831 3866 idem
854 3800 1002 3866 videmus
1022 3801 1087 3867 fac·
1140 3803 1302 3870 Davidem
1328 3803 1396 3868 celo
1419 3811 1451 3867 et
1473 3802 1640 3868 alacritate
1663 3802 1763 3866 animi
1787 3813 1950 3884 superent.
1995 3802 2108 3886 Neque

219 3887 256 3951 in
285 3885 359 3951 aliis
389 3886 540 3964 Psalmis,
573 3907 711 3970 quorum
740 3893 850 3950 tamen
878 3887 985 3968 ipsum
1016 3906 1088 3952 8888
1140 3899 1249 3955 tamen
1284 3888 1428 3954 substitit
1463 3887 1498 3951 in
1527 3887 1666 3951 terrenis
1695 3887 1863 3952 elementis
1894 3887 2105 3974 propheta*):

182 3980 286 4037 torem
308 3972 405 4037 certis
428 3973 623 4038 coniecturis
645 3972 721 4038 licet
743 3972 902 4059 colligere.
939 3971 991 4035 De
1010 3991 1088 4037 voce
1139 3975 1197 4040 aed
1230 3974 1306 4059 quia
1337 3972 1458 4039 sciebat
1491 3972 1559 4037 alas
1592 3971 1654 4038 sibi
1684 3970 1796 4037 deesse
1825 3972 1944 4055 quibus
1974 3975 2108 4052 volaret,

220 4070 250 4139 β
280 4056 405 4141 aliquid
428 4058 486 4122 atti
514 4059 598 4122 'mus
620 4057 753 4124 Psalmo
775 4057 828 4122 32.
872 4058 994 4123 Fateor
1016 4058 1088 4140 qni·
1140 4059 1237 4126 scalis
1270 4079 1349 4124 usus
1382 4067 1442 4138 est,
1475 4078 1535 4140 per
1566 4078 1648 4140 quas
1675 4057 1716 4122 ad
1745 4059 1854 4123 Deum
1885 4058 2108 4126 contenderet.

140 4163 192 4208 em
217 4165 284 4209 non
306 4163 434 4242 semper
462 4164 481 4209 a
505 4144 612 4223 scribi,
642 4144 769 4228 quoties
790 4143 891 4209 refert
912 4143 1022 4210 David
1053 4165 1088 4209 se
1141 4143 1329 4213 Similitudo
1352 4145 1441 4211 cervi
1462 4164 1627 4209 summum
1651 4141 1803 4209 desiderii
1821 4144 1970 4211 ardorem
1998 4147 2109 4229 expri-

153 4229 184 4295 ci
204 4227 320 4295 ferulis
341 4230 442 4295 fuisse
464 4229 677 4314 castigatum:
701 4229 761 4297 hoc
779 4239 889 4295 tamen
908 4228 1087 4295 notandum
1139 4232 1210 4297 mit.
1234 4229 1331 4312 Quod
1353 4237 1522 4313 exponunt
1544 4228 1676 4312 quidam
1694 4229 1811 4295 fluvios
1829 4230 1938 4313 expeti
1956 4252 1975 4295 a
1993 4232 2108 4309 cervis,

118 4329 179 4391 eat,
218 4315 350 4399 proprie
385 4317 420 4380 in
453 4315 684 4400 castigationes
715 4323 921 4399 competere,
948 4335 1087 4397 quarum
1139 4328 1178 4383 ut
1198 4339 1235 4384 se
1252 4338 1293 4381 ex
1314 4315 1506 4383 lassitudine
1522 4315 1681 4394 reficiant,
1703 4315 1802 4380 nimis
1819 4316 1902 4382 forte
1920 4318 2108 4383 restrictum

117 4401 195 4467 finis
211 4408 262 4467 est
279 4400 364 4467 filios
383 4401 447 4467 Dei
464 4402 605 4479 erudire,
625 4401 681 4466 ubi
699 4422 764 4467 non
784 4401 864 4466 satis
881 4422 924 4465 cx
939 4400 1088 4467 doctriua
1140 4412 1200 4468 est.
1244 4403 1366 4468 Fateor
1394 4401 1535 4485 quidem,
1565 4402 1594 4467 si
1620 4410 1759 4468 venator
1780 4423 1914 4470 cervum
1937 4411 2053 4486 urgeat
2074 4411 2108 4468 et

142 4486 302 4552 reficiunt.
324 4486 378 4553 Dc
401 4498 546 4569 tempore
567 4486 666 4552 etiam
688 4509 755 4552 uon
773 4507 906 4570 prorsus
923 4488 1086 4553 convenit.
1139 4509 1237 4554 canes
1253 4489 1388 4567 instent,
1406 4507 1541 4555 occursu
1558 4487 1705 4553 fluminis
1724 4509 1824 4554 novas
1843 4489 1928 4553 vires
1939 4489 2106 4572 colligere:

118 4509 248 4638 hoium
280 4571 368 4638 enim
402 4573 533 4655 quidam
564 4570 727 4637 Davidem
754 4573 809 4640 hic
838 4573 877 4638 de
909 4571 1001 4638 clade
1028 4594 1088 4637 sua
1139 4573 1196 4640 sed
1218 4575 1338 4641 scimus
1361 4573 1459 4639 etiam
1481 4572 1580 4639 certis
1601 4573 1678 4637 anui
1701 4572 1899 4656 temporibus
1921 4594 2035 4640 cervos
2057 4573 2108 4638 in·

118 4658 285 4741 conqueri,
306 4678 407 4741 quum
425 4679 445 4723 a
461 4659 530 4724 filio
548 4657 703 4723 Absalom
721 4669 807 4725 esset
823 4658 989 4742 expulsus.
1012 4658 1086 4742 Ego
1139 4659 1286 4726 credibili
1303 4658 1419 4725 ardore
1437 4659 1510 4741 plus
1533 4678 1629 4741 quam
1648 4658 1796 4724 sitienter
1815 4679 1916 4741 aquae
1937 4669 2106 4741 expetere:

120 4765 197 4811 vcro
220 4743 312 4809 bonis
334 4744 514 4810 rationibus
537 4743 615 4829 (uisi
636 4743 743 4830 fallor)
766 4743 934 4822 adductus,
956 4745 992 4809 in
1009 4764 1086 4810 oon·
1139 4766 1237 4828 quam
1266 4745 1354 4811 sitim
1376 4765 1396 4809 a
1417 4743 1576 4828 propheta
1603 4744 1708 4809 notari
1730 4744 1884 4810 arbitror:
1915 4745 1976 4810 etsi
2006 4765 2045 4810 aa
2067 4744 2107 4809 de

116 4832 254 4896 trariam
276 4830 472 4895 sententiam
495 4830 601 4914 magis
623 4830 754 4896 inclino.
799 4830 885 4896 Nam
907 4830 1086 4896 coniuratio
1139 4854 1174 4897 rc
1204 4852 1270 4898 non
1300 4830 1470 4897 contendo.
1513 4830 1680 4896 Posterior
1709 4841 1817 4894 autem
1844 4851 1957 4895 versus
1986 4829 2107 4896 clarius

117 4916 274 4982 Absalom
307 4914 416 4980 statim
450 4916 562 4983 sedata
594 4917 665 4999 fuit,
699 4923 738 4980 nt
770 4914 826 4981 diu
859 4937 880 4981 8
908 4915 1086 4983 sanctuarii
1139 4916 1342 4983 demonstrat
1363 4915 1447 5000 quod
1471 4915 1549 5000 dixi,
1573 4914 1736 4981 Davidem
1759 4936 1824 4980 non
1847 4915 1934 4996 loqui
1951 4914 2107 4999 simplici·

118 5022 251 5070 accessu
284 5000 448 5067 Davidem
485 5023 550 5068 nou
581 5000 777 5085 impedierit.
829 5003 931 5085 Atqui
964 5001 1086 5067 disemo
1138 5014 1188 5068 ter
1210 5003 1250 5068 dc
1272 5003 1457 5087 praesentia
1479 5001 1552 5082 Dei,
1580 5000 1638 5067 sed
1660 5020 1734 5065 cum
1752 5000 2006 5083 circumstantia,
2027 5023 2105 5086 quo-

117 5088 309 5154 diuturnum
331 5086 484 5153 exsilium
507 5088 560 5154 hic
578 5088 734 5172 deplorat,
758 5086 900 5186 subque
922 5089 989 5153 iere
1011 5108 1086 5153 con·

117 5172 269 5275 tablfflit·
305 5172 418 5256 Neque
442 5175 530 5274 ⁰95ss
552 5192 730 5274 R²¹¹⁰⁰mm
753 5172 881 5237 dmum
904 5193 1084 5239 m⁰⁰r⁰¹⁰m
1224 5207 1239 5237 *
1270 5208 1342 5263 O'cat
1364 5209 1381 5263 a
1405 5209 1510 5262 acavcir
1533 5209 1561 5261 ee
1584 5207 1749 5261 ceremonias
1771 5211 1896 5262 externas
1919 5206 2106 5261 commandeee

117 5269 215 5326 tertio
249 5278 346 5326 versu
375 5257 535 5338 describit,
568 5280 632 5326 imo
661 5267 748 5326 totus
774 5266 948 5326 contextus
976 5259 1084 5342 palam
1138 5293 1172 5331 en
1190 5277 1217 5331 la
1235 5209 1303 5350 hey.
