4658 5856
183 335 246 402 345
983 338 1201 406 Psanites
1223 338 1371 405 XXXV.
2114 335 2178 402 346

183 527 336 610 suseepit.
369 525 477 593 Deum
501 547 579 612 ergo
602 528 765 594 fauturum
784 529 976 611 pronuntiat
994 549 1035 592 ne
1048 549 1151 593 unum
1204 525 1301 592 leude
1317 525 1464 609 elypeum,
1486 530 1660 608 esurium,
1682 530 1820 609 etsurpe
1837 528 1871 590 iu
1887 525 2045 592 auratum
2064 546 2174 595 meum·

183 633 224 677 ex
245 614 372 679 ossibus
394 616 514 680 nostris
536 613 721 698 frangatur,
744 634 808 696 quo
831 635 930 680 sensu
953 613 1033 680 dioit
1053 613 1151 680 Ohri-
1205 613 1234 677 3.
1257 609 1380 676 Exsere
1402 612 1552 695 lanceam,
1581 611 1741 677 dobmate
1761 611 1805 676 od
1824 631 1984 678 occursum
2000 633 2174 697 persequu-

183 710 262 777 ιιιι,
279 699 415 780 oapillos
426 700 542 782 eapitis
554 701 657 765 nestri
670 712 859 764 numeratos
871 722 950 779 esse,
962 702 1043 766 Lue.
1058 702 1109 775 12,
1122 699 1152 766 l.
1203 698 1325 764 toribus
1345 697 1440 763 meu.-
1467 699 1518 763 die
1546 698 1672 764 unimur
1693 717 1788 773 meae,
1819 696 1916 764 Solus
1942 704 1997 764 tue
2018 720 2072 783 epo
2093 719 2174 766 eum.

267 783 319 849 22.
350 783 488 869 (Occidet
516 786 650 867 impium
678 785 828 872 mulitia.)
882 786 948 852 Alii
977 799 1064 884 ,ψη
1094 807 1153 869 pro

183 869 315 935 miseria
337 873 483 954 aeoipere
505 872 643 948 malunt,
672 882 710 935 ιι
731 872 774 937 sit
796 892 921 949 sensus,
952 873 1070 955 impios
1091 872 1154 936 mi·
1293 870 1321 933 1.
1344 868 1467 954 (Iulipa
1488 868 1628 956 letova.)
1672 868 1760 950 Quia
1782 891 1845 933 non
1868 869 1964 934 modo
1984 871 2083 937 vitam
2105 873 2173 938 Da·

184 975 257 1020 sere
279 955 451 1038 perituros,
472 958 548 1040 quia
566 956 700 1022 tandem
717 957 814 1023 malis
833 959 1052 1024 suooumbent.
1086 955 1154 1022 Sed
1204 954 1291 1020 vidis
1322 965 1435 1038 aperte
1465 964 1571 1021 marte
1593 956 1794 1038 impetebant
1824 955 1944 1033 hostes,
1973 957 2030 1022 sed
2052 958 2175 1024 oalum-

183 1039 286 1106 altera
306 1041 531 1126 interpretatio
553 1043 691 1126 plenior,
721 1041 806 1127 quod
829 1063 942 1108 eorum
964 1042 1154 1127 improbitas
1206 1041 1269 1106 niis
1299 1050 1331 1104 et
1360 1040 1453 1105 falsis
1475 1040 1690 1106 delationibus
1714 1040 1842 1105 molesti
1872 1050 1975 1117 erant,
2005 1046 2176 1127 utriusque

183 1145 247 1278 gua
276 1146 311 1190 ιι
339 1129 484 1193 munitos
513 1137 641 1211 putant,
674 1130 709 1193 in
743 1149 856 1193 eorum
890 1131 995 1212 oapita
1027 1128 1153 1196 reeidit.
1205 1126 1284 1191 mali
1310 1126 1489 1190 remedium
1519 1127 1672 1209 postulat.
1721 1126 1829 1191 Priori
1858 1127 1947 1191 enim
1974 1128 2043 1194 loeo
2067 1132 2176 1197 Deum

210 1212 278 1277 iout
300 1233 379 1297 ergo
396 1215 488 1296 prius
505 1214 629 1279 doouit:
652 1235 815 1297 nusquam
837 1215 953 1280 melius
970 1236 1042 1280 esse
1059 1235 1153 1298 prae-
1205 1210 1368 1278 advocans
1390 1232 1507 1277 oausae
1525 1233 1602 1277 suae
1621 1222 1804 1295 patronum,
1826 1212 1999 1295 signifieat,
2021 1237 2095 1281 eum
2114 1218 2175 1281 im·

182 1295 302 1363 sidium
336 1318 434 1380 quam
464 1301 497 1364 in
527 1310 617 1367 reeta
642 1311 680 1364 et
707 1300 844 1366 innoxia
874 1301 955 1366 vita:
988 1303 1036 1365 ite
1063 1321 1154 1365 nuno
1205 1298 1314 1381 probis
1347 1307 1379 1363 et
1409 1297 1577 1364 malediois
1599 1298 1766 1382 negotium
1788 1297 1848 1363 sibi
1871 1319 1956 1364 esse:
1986 1299 2103 1366 deinde
2134 1302 2176 1367 ad

183 1381 356 1448 denuntiat
377 1382 531 1468 quidquid
554 1406 707 1468 perverse
728 1387 874 1469 aggressi
901 1386 1023 1452 luerint
1050 1385 1153 1470 impii,
1205 1405 1298 1448 arma
1330 1382 1536 1465 suscipienda
1568 1404 1644 1449 eum
1676 1384 1824 1459 inuitans,
1858 1404 1893 1448 ιι
1924 1385 2085 1451 violenter
2118 1411 2176 1472 op·

182 1468 264 1553 ipsis
280 1469 413 1535 exitiale
433 1470 511 1546 lore,
533 1472 683 1554 quamvis
704 1472 836 1536 aliunde
859 1493 955 1537 neme
976 1472 1152 1554 quidquam
1204 1469 1304 1551 primi
1333 1466 1485 1534 ostendit.
1536 1469 1610 1534 Etsi
1645 1480 1754 1535 autem
1784 1469 1880 1535 valde
1911 1469 2086 1554 indignum
2116 1485 2175 1551 est,

183 1564 322 1621 moveat.
378 1554 530 1622 Seeundo
563 1558 717 1636 membro,
751 1557 813 1623 hoo
841 1558 912 1623 fieri
945 1559 980 1621 in
1013 1559 1152 1642 gratiam
1205 1567 1357 1620 sanetum
1390 1555 1498 1620 virum
1534 1555 1589 1637 qui
1623 1555 1662 1620 de
1698 1555 1848 1620 omuibus
1886 1557 2008 1639 optime
2049 1580 2177 1642 semper

183 1640 345 1706 iustorum
368 1640 456 1719 dieit,
478 1643 566 1724 qnod
583 1644 674 1726 impii
692 1643 754 1708 sibi
775 1652 854 1708 sunt
871 1644 1021 1727 propriae
1040 1643 1154 1709 mortis
1205 1642 1469 1718 meritusfuerat,
1489 1641 1654 1705 neminem
1673 1642 1821 1718 laeserat,
1844 1649 1911 1705 tam
1930 1642 2058 1724 publiee
2076 1665 2176 1726 quam

183 1726 336 1791 artifioes.
388 1726 573 1809 Perdeulur,
605 1728 727 1811 inquit,
756 1730 931 1810 quicunque
959 1730 1057 1795 iustos
1083 1729 1155 1796 odio
1205 1727 1362 1808 privatim
1385 1726 1504 1807 dignus
1526 1735 1660 1809 propter
1682 1748 1775 1792 suam
1794 1727 2033 1792 humanitatem
2052 1742 2085 1793 et
2105 1751 2176 1796 mo·

183 1808 304 1878 baberi.
348 1809 402 1878 Sit
423 1813 525 1895 igitur
546 1812 599 1880 hio
628 1814 721 1880 nobis
743 1835 858 1881 murus
879 1816 1026 1879 aheneus
1049 1824 1081 1880 ιι
1102 1815 1154 1879 in·
1206 1811 1343 1877 dentiam
1366 1823 1438 1877 erat
1459 1813 1606 1876 omniurn
1628 1811 1750 1895 favore,
1771 1834 1837 1877 non
1858 1818 1969 1877 tamen
1993 1814 2054 1878 hoo
2076 1815 2177 1883 fuisse

183 1896 424 1981 expugnabilis,
451 1900 601 1981 quamvis
623 1901 774 1982 ingentes
796 1899 941 1965 hostium
962 1901 1073 1982 aopiae
1094 1921 1154 1965 nee
1206 1897 1360 1981 adeptum
1399 1909 1437 1961 ιι
1475 1897 1656 1963 virulentas
1694 1898 1825 1982 liuguae
1864 1898 2040 1981 effugeret:
2081 1901 2176 1968 nobie

183 1981 395 2062 eiroumdent‚
424 2006 490 2049 non
516 2007 588 2050 esse
616 1986 825 2065 metuendas,
855 1988 932 2067 quia
959 1988 1034 2051 iam‘
1054 1986 1154 2050 exitio
1205 1992 1316 2048 tamen
1340 1983 1420 2048 utile
1441 1993 1491 2048 est
1512 1984 1654 2067 cognitu,
1683 1993 1715 2048 et
1744 1983 1890 2066 apprime
1918 1983 1960 2048 ad
1988 1987 2178 2069 exemplum

182 2080 261 2134 runt
290 2066 437 2135 devotae.
481 2070 554 2135 Hoe
581 2071 667 2136 idem
696 2073 817 2137 iterum
847 2072 1022 2136 oonfirmat
1042 2070 1153 2136 David
1205 2069 1348 2151 prodest.
1404 2068 1518 2152 Neque
1551 2071 1640 2134 enim
1671 2071 1792 2134 mirum
1829 2076 1887 2133 aut
1919 2090 2039 2135 novum
2071 2072 2177 2138 videri

183 2153 301 2219 ultimo
322 2174 430 2236 versu,
459 2157 545 2238 quod
573 2157 667 2222 Deus
696 2156 882 2239 redempter
910 2156 955 2221 sit
983 2177 1152 2223 servorum
1206 2152 1311 2230 debet,
1345 2153 1374 2219 si
1403 2174 1462 2220 nos
1492 2166 1630 2238 oarpant
1658 2176 1696 2221 ae
1725 2153 1899 2219 mordeant
1931 2156 2080 2222 homines
2109 2178 2177 2222 ma·

183 2259 328 2305 suorum.
378 2240 464 2307 Nam
493 2243 653 2324 quomodo
680 2243 770 2307 inter
802 2252 851 2306 tot
880 2241 1068 2308 diaorimina
1100 2242 1153 2308 vel
1205 2239 1296 2323 ligni,
1326 2240 1384 2322 qui
1406 2262 1447 2305 ne
1468 2240 1591 2304 Davidi
1621 2240 1751 2321 quidem
1782 2253 2006 2323 pepercerunt.
2050 2241 2118 2308 Sed
2142 2258 2178 2309 ut

183 2335 350 2390 momento
371 2348 437 2392 uno
459 2327 543 2393 salvi
565 2338 684 2403 essent,
706 2327 770 2392 nisi
788 2327 880 2392 Dens
903 2348 1038 2392 manum
1060 2349 1153 2393 enam
1206 2325 1299 2390 nobis
1321 2327 1433 2408 gravis
1455 2324 1634 2408 aoerbaque
1656 2327 1699 2391 sit
1719 2347 1833 2391 eorum
1855 2326 1986 2406 iniuria,
2009 2327 2176 2412 ineompu·

184 2410 385 2495 opponeret?
426 2411 494 2478 Sed
522 2412 622 2480 verbo
646 2413 832 2478 Reult'meuda'
862 2413 1059 2496 exprimitur
1087 2435 1154 2479 ser·
1206 2410 1309 2475 rabile
1335 2410 1489 2475 solatium
1519 2410 1595 2476 hine
1617 2410 1764 2489 offertur,
1795 2411 1880 2494 quod
1911 2432 2007 2476 suurn
2036 2417 2176 2495 patroei-

183 2496 285 2563 randi
311 2497 437 2576 modus,
469 2517 489 2562 a
517 2519 581 2581 quo
613 2500 706 2564 valde
738 2518 813 2564 earo
840 2497 1002 2565 abhorret.
1053 2498 1153 2566 Prius
1205 2497 1297 2562 nium
1315 2494 1407 2563 Deus
1424 2497 1493 2578 ipse
1516 2496 1606 2562 falsis
1624 2496 1886 2563 aeeusationibus
1903 2498 2048 2579 opponit.
2093 2498 2175 2565 Sur·

184 2583 270 2647 enim
293 2585 389 2647 morti
420 2583 566 2650 addietos
594 2605 665 2650 ease
693 2592 830 2666 oportet,
858 2603 957 2666 quarn
980 2584 1072 2651 Deus
1102 2607 1154 2650 re·
1207 2592 1287 2665 gant
1308 2602 1387 2666 ergo
1408 2583 1676 2661 oalumniatores,
1710 2583 1861 2666 fictisque
1892 2583 2083 2650 eriminibus
2115 2608 2175 2651 nos

185 2667 336 2751 demptor
358 2680 522 2752 appareat.
566 2670 665 2736 Unde
686 2669 842 2752 sequitur,
865 2691 920 2735 eos
941 2671 1067 2753 gratiae
1088 2670 1153 2736 Dei
1206 2667 1434 2750 proseindant‚
1466 2668 1562 2734 modo
1592 2678 1705 2733 eontra
1733 2667 1827 2733 Deus
1855 2678 1963 2750 partes
1995 2669 2176 2737 defensoris

183 2752 316 2819 ianuam
336 2753 544 2837 praecludere
566 2757 622 2839 qui
644 2756 743 2820 nimie
771 2757 964 2839 praecipites
985 2755 1153 2821 feruntur:
1206 2774 1304 2837 agere
1326 2775 1368 2818 ne
1389 2765 1556 2836 gravetur.
1601 2751 1755 2820 Secundo
1784 2753 1930 2820 membro
1952 2774 2018 2819 non
2040 2755 2176 2821 dubium

182 2859 221 2906 ao
242 2839 306 2905 nisi
323 2859 437 2905 eornm
454 2841 658 2908 festinationi
675 2841 880 2925 respondeat,
902 2841 1060 2906 virtutem
1082 2842 1152 2908 eius
1206 2847 1265 2917 est,
1299 2838 1463 2906 Davidem
1496 2841 1622 2922 preeari
1655 2847 1693 2904 ut
1725 2837 1818 2905 Deus
1850 2849 1996 2904 armatae
2031 2839 2176 2907 hostium

182 2943 250 2989 uon
271 2926 533 3008 apprehendunt.
557 2927 733 2994 Caeterum
755 2929 890 3010 nequis
913 2949 1025 2993 servos
1048 2928 1153 2993 Deia
1206 2925 1378 2991 violentiae
1412 2924 1554 2989 resistat.
1608 2923 1747 2990 Summa
1780 2935 1846 3003 est,
1880 2925 1966 3008 qnod
1997 2927 2176 2994 mendaciis

184 3011 300 3076 morali
323 3010 373 3097 (ut
394 3011 590 3099 loquuntur)
614 3012 667 3077 vel
688 3012 914 3097 philosophioa
934 3013 1057 3079 virtute
1080 3023 1152 3078 tan·
1205 3011 1358 3088 obrutus,
1395 3020 1429 3075 et
1457 3009 1651 3076 erudelitate
1680 3030 1873 3093 oppressus,
1908 3032 1967 3076 nee
1997 3012 2175 3095 quidquam

182 3105 255 3161 tum
276 3098 440 3162 aestimet:
471 3098 532 3162 hae
558 3099 733 3181 praecipua
763 3108 841 3163 nota
870 3099 1008 3181 insignit
1029 3098 1151 3176 David,
1205 3096 1373 3179 reperiens
1394 3095 1509 3161 auxilii
1530 3097 1567 3159 in
1589 3095 1725 3171 mundo,
1749 3103 1817 3160 tam
1839 3098 1938 3160 vitam
1962 3117 2054 3161 suam
2076 3119 2175 3180 quam

182 3181 676 3266 qnodinDeoipsoeonfidunt‚
696 3182 781 3248 unde
797 3186 897 3249 etiam
913 3184 1001 3248 salus
1020 3182 1150 3266 pendet.
1204 3183 1325 3247 famam
1347 3181 1419 3246 Deo
1442 3181 1597 3245 tuendam
1621 3179 1836 3245 commendat.

1289 3268 1319 3332 2.
1353 3264 1574 3352 (appretiante
1605 3263 1768 3351 elypeum.)
1821 3266 2007 3350 Imprepr'ie
2041 3267 2100 3334 hoo
2133 3269 2175 3333 ad
2208 3277 2216 3292 '

1203 3353 1313 3417 Deum
1341 3351 1512 3416 transferri
1541 3363 1666 3417 eertum
1696 3363 1754 3429 est,
1787 3351 1841 3433 qui
1874 3371 1935 3416 nee
1961 3351 2082 3431 laneea,
2115 3374 2176 3420 neo

845 3470 848 3478 ·
1203 3437 1318 3520 elypeo
1347 3435 1483 3522 indiget,
1516 3437 1585 3504 solo
1613 3438 1694 3502 flatu
1728 3436 1781 3501 vel
1814 3448 1896 3502 nutu
1929 3447 2103 3504 eontentue
2132 3440 2175 3505 ad

485 3521 690 3592 Psuuults
712 3522 862 3591 XXXV.
1204 3524 1315 3589 hostes
1336 3544 1413 3589 suos
1435 3522 1665 3607 profligandos.
1702 3521 1903 3588 Huiusmodi
1922 3533 2031 3589 tamen
2054 3526 2176 3609 figuras

1204 3630 1286 3693 quae
1308 3609 1414 3691 primo
1436 3610 1560 3675 intuitu
1581 3630 1715 3692 asperae
1736 3609 1841 3675 videri
1863 3619 2006 3692 possent,
2029 3630 2095 3675 non
2117 3612 2175 3676 abs

180 3691 266 3747 ABG·
285 3692 417 3758 Quumffiu
439 3693 553 3747 intortus
570 3694 668 3748 Daviut
692 3694 744 3748 tuit
761 3695 834 3761 Saul,
858 3701 889 3750 ut
906 3711 1014 3765 semper
1038 3696 1067 3749 in
1084 3696 1152 3750 aulis
1203 3717 1239 3760 re
1261 3692 1399 3780 spiritus
1421 3708 1554 3762 sanetus
1576 3706 1724 3777 usurpat,
1748 3714 1813 3777 quo
1836 3695 1956 3759 eertius
1978 3715 2037 3777 pre
2059 3717 2175 3761 sensus

283 3777 379 3884 381111
401 3770 541 3843 mim
566 3763 695 3830 ⁸⁶⁰¹⁸li⁰a
720 3781 847 3834 9¹⁰⁰⁰¹⁰⁸
860 3771 894 3845 ,⁰²
911 3765 1065 3845 quieuuque
1088 3771 1153 3818 111111
1203 3781 1307 3846 nostri
1330 3779 1473 3845 ruditate
1503 3782 1720 3863 praesentiam
1751 3779 1868 3844 auxilii
1890 3779 2028 3844 Domini
2057 3780 2174 3866 infigat

287 3899 293 3912 ·
322 3847 375 3899 qua
403 3836 550 3884 autoritate
582 3833 736 3901 pollebant,
770 3839 896 3887 ιιιιιιιιι
931 3849 995 3887 ιοιι
1016 3839 1154 3887 uraverunt

284 3916 313 3952 u
359 3900 487 3952 eruerem
511 3900 629 3954 hominu
655 3901 771 3954 innexu:
798 3902 896 3955 aetnae
923 3903 949 3955 u
974 3918 990 3955 ο
1012 3902 1030 3953 ἰ
1056 3903 1098 3955 uu
1125 3909 1154 3956 u
1203 3865 1354 3934 ⁰0¹ffib¹¹⁸
1377 3866 1508 3931 nostris.
1554 3866 1640 3931 Nam
1662 3886 1763 3947 quum
1793 3886 1828 3929 111
1849 3865 1953 3931 1011111
1978 3867 2100 3931 nostris
2122 3870 2173 3931 iu-

285 3916 454 4022 mrl'ffluq,
476 3970 631 4022 ‘opimum
654 3972 837 4038 promiscuum
859 3971 916 4024 sm
940 3971 1036 4039 vulgus
1062 3976 1152 4024 tm.
1203 3960 1319 4036 gerant
1340 3972 1447 4016 noxae
1468 3960 1501 4017 et
1523 3950 1678 4033 pericula,
1707 3948 1852 4032 undique
1873 3960 2046 4016 ooonrraut
2069 3953 2173 4018 mani·

284 4044 361 4118 rantq
376 4038 415 4090 ita
431 4037 532 4090 laetum
549 4042 592 4090 eat
608 4043 640 4090 ut
657 4039 754 4092 summi
773 4041 873 4120 quique
891 4039 1153 4120 etinfimiimpluou·
1203 4037 1280 4102 lasti
1301 4045 1453 4113 terrores,
1482 4056 1571 4102 mors
1600 4036 1741 4118 denique
1770 4037 1841 4119 ipsa
1870 4035 1977 4119 palam
2001 4048 2173 4119 appareat:

285 4106 335 4158 b¹¹¹
352 4123 381 4158 111
398 4123 459 4159 1111111
475 4105 565 4159 lurore
579 4106 716 4161 1111111111·
743 4107 798 4161 Sed
809 4124 874 4177 (1⁰¹⁸
887 4125 1032 4161 ¹¹¹⁸¹¹¹¹¹⁸¹¹¹
1046 4112 1152 4176 partem
1204 4121 1336 4187 diffieile
1358 4132 1409 4187 ιιι
1425 4120 1648 4187 absoonditam
1666 4132 1699 4187 et
1716 4120 1914 4187 invisibilem
1933 4121 1997 4185 Dei
2016 4123 2172 4189 virtutem

284 4179 399 4296 {mli
417 4179 584 4296 ffiffoegs
598 4176 944 4313 fflffistffifflgsstt}
967 4176 1154 4298 {ffpfflssinffi
1203 4208 1389 4291 concipere,
1423 4227 1505 4289 quae
1538 4229 1597 4273 nos
1628 4208 1717 4272 omni
1749 4227 1828 4272 eura
1860 4217 2015 4290 metuque
2048 4208 2171 4274 liberet.

284 4312 388 4366 matitia
406 4310 563 4379 obsequium
581 4328 658 4367 auum
672 4311 746 4367 sauli
764 4315 948 4368 venditabant.
984 4313 1085 4367 eontra
1103 4313 1153 4367 tros
1202 4294 1362 4359 Deorsum
1385 4294 1472 4357 enim
1496 4313 1611 4358 sensus
1633 4293 1748 4370 nostri,
1771 4301 1810 4356 ut
1831 4293 1930 4359 erassi
1953 4305 2032 4359 aunt
2054 4306 2087 4359 et
2109 4305 2173 4360 ter·

284 4381 371 4461 Deum
397 4380 533 4461 ruditum
558 4381 693 4463 implerat.
737 4383 777 4436 Ao
808 4384 924 4463 primum
954 4382 1064 4464 quinem
1089 4382 1154 4450 quia
1203 4391 1332 4458 restres,
1361 4378 1524 4443 feruntur.
1574 4379 1666 4462 Ergo
1695 4388 1733 4443 ut
1762 4377 1926 4460 gradatim
1955 4378 2037 4442 fides
2060 4389 2174 4444 nostra

284 4449 383 4503 1111111111
399 4449 740 4504 1111111111011111111111
778 4467 854 4504 1111111
868 4457 1152 4505 1110111111111011111
1203 4464 1245 4531 ad
1273 4465 1444 4531 coelestem
1467 4462 1531 4529 Dei
1561 4465 1740 4547 potentiam
1771 4464 1977 4541 conscendat,
2005 4464 2173 4530 indueitur

284 4517 522 4655 &gelgfffnipdffi
539 4456 884 4657 pliggffigfgffintisspffi
901 4521 1153 4656 pffiffigwffl
1203 4551 1371 4615 hominum
1402 4570 1492 4615 more
1522 4550 1631 4633 gladio
1660 4558 1694 4615 ιι
1715 4549 1826 4633 elypeo
1847 4550 2046 4614 instructus:
2076 4550 2172 4616 siouti
2240 4629 2244 4635 ⁵

283 4656 391 4709 illorum
409 4656 524 4708 meviae
541 4662 705 4724 arquerius
722 4663 772 4723 est,
790 4674 903 4726 poenam
920 4673 974 4726 qua
985 4656 1060 4725 digni
1074 4661 1154 4710 eruut
1202 4646 1237 4704 et
1269 4635 1346 4701 alibi
1378 4655 1480 4718 quum
1512 4633 1631 4701 dieitur
1662 4637 1716 4701 vir
1747 4635 1929 4712 bellieosus,
1963 4644 2088 4699 eertum
2121 4646 2173 4700 est

283 4725 454 4794 imprecatur.
500 4724 569 4789 Quia
595 4731 685 4779 aurem
718 4727 827 4779 omento
859 4732 888 4779 et
918 4740 997 4779 sacra
1026 4725 1153 4778 unitione
1202 4733 1332 4788 nestme
1354 4721 1538 4787 infirmitati
1560 4720 1789 4789 hoeeoneedi:
1812 4722 1972 4803 quianon
1995 4718 2090 4784 aliter
2112 4740 2172 4803 pro

284 4793 370 4847 1111111
408 4791 547 4846 1111101111
580 4794 683 4847 exitum
709 4795 852 4863 sperabat,
890 4794 1063 4864 gratitudinis
1088 4810 1152 4846 ⁸⁰²⁰
1202 4829 1261 4875 suo
1294 4807 1425 4872 modulo
1458 4815 1614 4890 asperent
1654 4816 1781 4873 mentes
1815 4814 1946 4871 nostrae
1978 4804 2171 4871 immensam

284 4862 1092 5001 ξΠῖξξᾟῖΠζζῗῗΠξζζοζζΠζξξξθΠξξξῗΠᾟᾱξξῖ,
1100 4867 1153 4984 132}
1201 4895 1292 4960 illam
1326 4893 1495 4972 virtutem,
1523 4914 1605 4975 quae
1634 4913 1748 4957 omnes
1777 4887 1957 4955 auxiliandi
1987 4889 2108 4956 formas
2136 4892 2171 4956 in

284 4999 377 5053 laudea
394 4995 601 5053 salebratmum.
1201 5001 1237 5046 ιι
1259 4978 1415 5058 eontinet,
1445 4999 1505 5045 ιιι
1527 4979 1659 5044 aliunde
1684 4975 1828 5043 subsidia
1855 4974 2001 5040 aoeersit.
2046 4974 2172 5042 Sensus

1201 5073 1312 5130 autem
1334 5071 1394 5144 est,
1422 5071 1461 5128 nt
1480 5064 1573 5130 Deus
1604 5082 1721 5128 aroana
1752 5081 1810 5126 sua
1837 5072 1870 5124 et
1899 5060 2079 5127 intrinseca
2107 5061 2172 5128 vir·

266 5152 416 5221 Daoidia.
462 5153 490 5216 1.
514 5151 622 5237 Litipa
643 5152 759 5219 lebera
780 5173 851 5218 cum
871 5151 1070 5236 litigantibus
1090 5172 1151 5218 me·
1202 5160 1272 5217 tute
1295 5157 1442 5214 armatus
1464 5169 1499 5215 se
1521 5170 1625 5215 unum
1647 5147 1797 5213 sulficere
1819 5145 2027 5225 demonstret,
2058 5153 2172 5214 eontra

180 5260 260 5318 aem,
283 5240 538 5322 proeliaturum
553 5238 780 5320 proeliantibus
805 5259 930 5306 meeum
975 5240 1006 5305 2.
1028 5241 1152 5322 uppre-
1201 5257 1315 5302 ornnes
1334 5235 1511 5318 impiorum
1535 5243 1712 5319 apparatus
1734 5242 1768 5298 et
1789 5233 1908 5316 eopias.
1948 5232 2077 5298 Nomen
2098 5248 2172 5316 ,ηις
