<?xml version="1.0" encoding="UTF-8"?>
<!DOCTYPE html PUBLIC "-//W3C//DTD XHTML 1.0 Transitional//EN"
    "http://www.w3.org/TR/xhtml1/DTD/xhtml1-transitional.dtd">
<html xmlns="http://www.w3.org/1999/xhtml" xml:lang="en" lang="en">
 <head>
  <title>
</title>
<meta http-equiv="Content-Type" content="text/html;charset=utf-8" />
  <meta name='ocr-system' content='tesseract 3.04.00' />
  <meta name='ocr-capabilities' content='ocr_page ocr_carea ocr_par ocr_line ocrx_word'/>
</head>
<body>
  <div class='ocr_page' id='page_1' title='image "./corpusreformato05melagoog_0106.png"; bbox 0 0 4658 5856; ppageno 0'>
   <div class='ocr_carea' id='block_1_1' title="bbox 134 365 2249 438">
    <p class='ocr_par' dir='ltr' id='par_1_1' title="bbox 134 365 2249 438">
     <span class='ocr_line' id='line_1_1' title="bbox 134 365 2249 438; baseline 0.003 -6"><span class='ocrx_word' id='word_1_1' title='bbox 134 365 196 432; x_wconf 85' lang='grc'>189</span> <span class='ocrx_word' id='word_1_2' title='bbox 939 367 1155 437; x_wconf 79' lang='lat' dir='ltr'>Pssnnns</span> <span class='ocrx_word' id='word_1_3' title='bbox 1179 368 1311 435; x_wconf 86' lang='lat' dir='ltr'>XVIII.</span> <span class='ocrx_word' id='word_1_4' title='bbox 2062 372 2131 438; x_wconf 84' lang='lat'>190</span> <span class='ocrx_word' id='word_1_5' title='bbox 2244 426 2249 437; x_wconf 94' lang='lat'>.</span> 
     </span>
    </p>
   </div>
   <div class='ocr_carea' id='block_1_2' title="bbox 128 552 2131 5363">
    <p class='ocr_par' dir='ltr' id='par_1_2' title="bbox 128 552 2131 5363">
     <span class='ocr_line' id='line_1_2' title="bbox 134 552 2129 644; baseline 0.004 -22"><span class='ocrx_word' id='word_1_6' title='bbox 134 555 218 622; x_wconf 89' lang='lat' dir='ltr'>solvi</span> <span class='ocrx_word' id='word_1_7' title='bbox 241 554 353 620; x_wconf 85' lang='lat' dir='ltr'>debat:</span> <span class='ocrx_word' id='word_1_8' title='bbox 377 552 538 635; x_wconf 78' lang='lat' dir='ltr'>Quamvis</span> <span class='ocrx_word' id='word_1_9' title='bbox 560 552 601 619; x_wconf 91' lang='lat' dir='ltr'>ad</span> <span class='ocrx_word' id='word_1_10' title='bbox 623 553 733 621; x_wconf 88' lang='lat' dir='ltr'>Deum</span> <span class='ocrx_word' id='word_1_11' title='bbox 757 556 947 637; x_wconf 86' lang='lat' dir='ltr'>clamarent,</span> <span class='ocrx_word' id='word_1_12' title='bbox 970 559 1107 625; x_wconf 82' lang='lat' dir='ltr'>reiectas</span> <span class='ocrx_word' id='word_1_13' title='bbox 1202 569 1272 622; x_wconf 93' lang='lat' dir='ltr'>tnm</span> <span class='ocrx_word' id='word_1_14' title='bbox 1293 560 1395 624; x_wconf 86' lang='lat' dir='ltr'>luisse</span> <span class='ocrx_word' id='word_1_15' title='bbox 1417 559 1602 644; x_wconf 88' lang='lat' dir='ltr'>imperium,</span> <span class='ocrx_word' id='word_1_16' title='bbox 1625 560 1710 642; x_wconf 88' lang='lat' dir='ltr'>qnod</span> <span class='ocrx_word' id='word_1_17' title='bbox 1735 559 1839 624; x_wconf 90' lang='lat' dir='ltr'>debile</span> <span class='ocrx_word' id='word_1_18' title='bbox 1857 571 1890 625; x_wconf 91' lang='lat' dir='ltr'>et</span> <span class='ocrx_word' id='word_1_19' title='bbox 1906 561 2129 629; x_wconf 67' lang='lat' dir='ltr'><strong>nomismatum</strong></span> 
     </span>
     <span class='ocr_line' id='line_1_3' title="bbox 132 639 2131 728; baseline 0.004 -21"><span class='ocrx_word' id='word_1_20' title='bbox 132 642 233 707; x_wconf 78' lang='lat' dir='ltr'>tuisse</span> <span class='ocrx_word' id='word_1_21' title='bbox 260 660 371 704; x_wconf 91' lang='lat' dir='ltr'>eornm</span> <span class='ocrx_word' id='word_1_22' title='bbox 394 660 516 722; x_wconf 85' lang='lat' dir='ltr'>preces.</span> <span class='ocrx_word' id='word_1_23' title='bbox 560 639 777 724; x_wconf 74' lang='lat' dir='ltr'>Prosequitur</span> <span class='ocrx_word' id='word_1_24' title='bbox 807 665 883 710; x_wconf 90' lang='lat' dir='ltr'>vero</span> <span class='ocrx_word' id='word_1_25' title='bbox 908 646 993 728; x_wconf 92' lang='lat' dir='ltr'>quod</span> <span class='ocrx_word' id='word_1_26' title='bbox 1016 644 1107 728; x_wconf 85' lang='lat' dir='ltr'>prius</span> <span class='ocrx_word' id='word_1_27' title='bbox 1173 651 1266 708; x_wconf 84' lang='lat' dir='ltr'>neret</span> <span class='ocrx_word' id='word_1_28' title='bbox 1295 643 1356 709; x_wconf 88' lang='lat' dir='ltr'>snb</span> <span class='ocrx_word' id='word_1_29' title='bbox 1385 646 1495 726; x_wconf 74' lang='lat' dir='ltr'>Saule,</span> <span class='ocrx_word' id='word_1_30' title='bbox 1525 643 1603 709; x_wconf 90' lang='lat' dir='ltr'>hinc</span> <span class='ocrx_word' id='word_1_31' title='bbox 1632 659 1731 728; x_wconf 87' lang='lat' dir='ltr'>patet,</span> <span class='ocrx_word' id='word_1_32' title='bbox 1762 665 1829 709; x_wconf 95' lang='lat' dir='ltr'>non</span> <span class='ocrx_word' id='word_1_33' title='bbox 1857 647 1966 712; x_wconf 90' lang='lat' dir='ltr'>minue</span> <span class='ocrx_word' id='word_1_34' title='bbox 1987 648 2076 714; x_wconf 88' lang='lat' dir='ltr'>intus</span> <span class='ocrx_word' id='word_1_35' title='bbox 2099 663 2131 714; x_wconf 91' lang='lat' dir='ltr'>et</span> 
     </span>
     <span class='ocr_line' id='line_1_4' title="bbox 134 726 2129 814; baseline 0.004 -21"><span class='ocrx_word' id='word_1_36' title='bbox 134 728 270 811; x_wconf 85' lang='lat' dir='ltr'>dixerat,</span> <span class='ocrx_word' id='word_1_37' title='bbox 299 726 432 791; x_wconf 88' lang='lat' dir='ltr'>tandem</span> <span class='ocrx_word' id='word_1_38' title='bbox 462 727 553 790; x_wconf 89' lang='lat' dir='ltr'>exitu</span> <span class='ocrx_word' id='word_1_39' title='bbox 582 727 782 810; x_wconf 83' lang='lat' dir='ltr'>patefactum</span> <span class='ocrx_word' id='word_1_40' title='bbox 811 750 1001 814; x_wconf 87' lang='lat' dir='ltr'>essequam</span> <span class='ocrx_word' id='word_1_41' title='bbox 1026 730 1106 795; x_wconf 90' lang='lat' dir='ltr'>lalso</span> <span class='ocrx_word' id='word_1_42' title='bbox 1158 729 1255 807; x_wconf 91' lang='lat' dir='ltr'>domi,</span> <span class='ocrx_word' id='word_1_43' title='bbox 1284 751 1380 813; x_wconf 90' lang='lat' dir='ltr'>qnam</span> <span class='ocrx_word' id='word_1_44' title='bbox 1412 744 1527 797; x_wconf 87' lang='lat' dir='ltr'>contra</span> <span class='ocrx_word' id='word_1_45' title='bbox 1554 747 1684 797; x_wconf 82' lang='lat' dir='ltr'>exteros</span> <span class='ocrx_word' id='word_1_46' title='bbox 1715 732 1823 796; x_wconf 88' lang='lat' dir='ltr'>hostes</span> <span class='ocrx_word' id='word_1_47' title='bbox 1847 732 1945 798; x_wconf 81' lang='lat' dir='ltr'>fuisse</span> <span class='ocrx_word' id='word_1_48' title='bbox 1967 733 2129 800; x_wconf 89' lang='lat' dir='ltr'>adiutum.</span> 
     </span>
     <span class='ocr_line' id='line_1_5' title="bbox 132 810 2129 901; baseline 0.003 -21"><span class='ocrx_word' id='word_1_49' title='bbox 132 815 292 880; x_wconf 81' lang='lat' dir='ltr'>lactarent</span> <span class='ocrx_word' id='word_1_50' title='bbox 311 813 420 877; x_wconf 88' lang='lat' dir='ltr'>hostes</span> <span class='ocrx_word' id='word_1_51' title='bbox 437 810 782 895; x_wconf 88' lang='lat' dir='ltr'>Deinomen,quise</span> <span class='ocrx_word' id='word_1_52' title='bbox 804 815 932 882; x_wconf 90' lang='lat' dir='ltr'>abillis</span> <span class='ocrx_word' id='word_1_53' title='bbox 954 836 1105 882; x_wconf 90' lang='lat' dir='ltr'>aversum</span> <span class='ocrx_word' id='word_1_54' title='bbox 1158 815 1270 893; x_wconf 87' lang='lat' dir='ltr'>Porro,</span> <span class='ocrx_word' id='word_1_55' title='bbox 1326 837 1402 881; x_wconf 92' lang='lat' dir='ltr'>num</span> <span class='ocrx_word' id='word_1_56' title='bbox 1439 817 1532 882; x_wconf 88' lang='lat' dir='ltr'>nobis</span> <span class='ocrx_word' id='word_1_57' title='bbox 1564 818 1597 880; x_wconf 92' lang='lat' dir='ltr'>in</span> <span class='ocrx_word' id='word_1_58' title='bbox 1633 816 1692 882; x_wconf 91' lang='lat' dir='ltr'>hcc</span> <span class='ocrx_word' id='word_1_59' title='bbox 1725 828 1805 901; x_wconf 78' lang='lat' dir='ltr'>typo</span> <span class='ocrx_word' id='word_1_60' title='bbox 1833 818 1968 899; x_wconf 89' lang='lat' dir='ltr'>spiritus</span> <span class='ocrx_word' id='word_1_61' title='bbox 1996 834 2129 886; x_wconf 89' lang='lat' dir='ltr'>sanctus</span> 
     </span>
     <span class='ocr_line' id='line_1_6' title="bbox 133 837 2128 990; baseline 0.004 -24"><span class='ocrx_word' id='word_1_62' title='bbox 133 895 285 966; x_wconf 75' lang='lat' dir='ltr'><strong>ostendit.</strong></span> <span class='ocrx_word' id='word_1_63' title='bbox 338 897 463 962; x_wconf 85' lang='lat' dir='ltr'>Verum</span> <span class='ocrx_word' id='word_1_64' title='bbox 497 896 629 980; x_wconf 89' lang='lat' dir='ltr'>quidem</span> <span class='ocrx_word' id='word_1_65' title='bbox 662 910 729 980; x_wconf 89' lang='lat' dir='ltr'>est,</span> <span class='ocrx_word' id='word_1_66' title='bbox 768 901 816 967; x_wconf 89' lang='lat' dir='ltr'>sio</span> <span class='ocrx_word' id='word_1_67' title='bbox 852 922 908 967; x_wconf 92' lang='lat' dir='ltr'>eos</span> <span class='ocrx_word' id='word_1_68' title='bbox 940 903 1106 968; x_wconf 89' lang='lat' dir='ltr'>interdum</span> <span class='ocrx_word' id='word_1_69' title='bbox 1158 921 1295 985; x_wconf 78' lang='lat' dir='ltr'>regnum</span> <span class='ocrx_word' id='word_1_70' title='bbox 1304 837 1616 987; x_wconf 59' lang='lat' dir='ltr'>Christidepingat:</span> <span class='ocrx_word' id='word_1_71' title='bbox 1635 903 1876 969; x_wconf 86' lang='lat' dir='ltr'>sciamushuno</span> <span class='ocrx_word' id='word_1_72' title='bbox 1895 912 1962 968; x_wconf 90' lang='lat' dir='ltr'>tam</span> <span class='ocrx_word' id='word_1_73' title='bbox 1981 906 2128 990; x_wconf 78' lang='lat' dir='ltr'>erigendi</span> 
     </span>
     <span class='ocr_line' id='line_1_7' title="bbox 133 985 2126 1069; baseline 0.004 -19"><span class='ocrx_word' id='word_1_74' title='bbox 133 1004 286 1069; x_wconf 89' lang='lat' dir='ltr'>prospere</span> <span class='ocrx_word' id='word_1_75' title='bbox 315 986 442 1066; x_wconf 73' lang='lat' dir='ltr'>agenim</span> <span class='ocrx_word' id='word_1_76' title='bbox 472 985 570 1049; x_wconf 87' lang='lat' dir='ltr'>luisse</span> <span class='ocrx_word' id='word_1_77' title='bbox 598 985 710 1061; x_wconf 89' lang='lat' dir='ltr'>elatos,</span> <span class='ocrx_word' id='word_1_78' title='bbox 745 997 783 1050; x_wconf 92' lang='lat' dir='ltr'>nt</span> <span class='ocrx_word' id='word_1_79' title='bbox 813 988 914 1053; x_wconf 86' lang='lat' dir='ltr'>vulo</span> <span class='ocrx_word' id='word_1_80' title='bbox 946 987 1105 1054; x_wconf 90' lang='lat' dir='ltr'>creditum</span> <span class='ocrx_word' id='word_1_81' title='bbox 1158 1007 1256 1069; x_wconf 91' lang='lat' dir='ltr'>qnam</span> <span class='ocrx_word' id='word_1_82' title='bbox 1278 988 1496 1055; x_wconf 89' lang='lat' dir='ltr'>conservandi</span> <span class='ocrx_word' id='word_1_83' title='bbox 1524 991 1594 1054; x_wconf 90' lang='lat' dir='ltr'>eins</span> <span class='ocrx_word' id='word_1_84' title='bbox 1620 1008 1690 1053; x_wconf 90' lang='lat' dir='ltr'>esse</span> <span class='ocrx_word' id='word_1_85' title='bbox 1720 987 1861 1068; x_wconf 91' lang='lat' dir='ltr'>modum,</span> <span class='ocrx_word' id='word_1_86' title='bbox 1889 1004 1926 1053; x_wconf 92' lang='lat' dir='ltr'>ut</span> <span class='ocrx_word' id='word_1_87' title='bbox 1949 988 2040 1057; x_wconf 90' lang='lat' dir='ltr'>Deus</span> <span class='ocrx_word' id='word_1_88' title='bbox 2062 1014 2126 1058; x_wconf 93' lang='lat' dir='ltr'>nou</span> 
     </span>
     <span class='ocr_line' id='line_1_8' title="bbox 133 1009 2128 1158; baseline 0.005 -23"><span class='ocrx_word' id='word_1_89' title='bbox 133 1072 232 1136; x_wconf 86' lang='lat' dir='ltr'>fuerit</span> <span class='ocrx_word' id='word_1_90' title='bbox 255 1070 366 1135; x_wconf 88' lang='lat' dir='ltr'>Deum</span> <span class='ocrx_word' id='word_1_91' title='bbox 386 1069 453 1134; x_wconf 92' lang='lat' dir='ltr'>illis</span> <span class='ocrx_word' id='word_1_92' title='bbox 474 1070 595 1149; x_wconf 87' lang='lat' dir='ltr'>lavere,</span> <span class='ocrx_word' id='word_1_93' title='bbox 618 1090 718 1153; x_wconf 91' lang='lat' dir='ltr'>quum</span> <span class='ocrx_word' id='word_1_94' title='bbox 742 1009 991 1139; x_wconf 65' lang='lat' dir='ltr'>intereagDavid</span> <span class='ocrx_word' id='word_1_95' title='bbox 1010 1083 1107 1138; x_wconf 93' lang='lat' dir='ltr'>nocte</span> <span class='ocrx_word' id='word_1_96' title='bbox 1157 1073 1262 1138; x_wconf 88' lang='lat' dir='ltr'>solum</span> <span class='ocrx_word' id='word_1_97' title='bbox 1306 1086 1437 1139; x_wconf 83' lang='lat' dir='ltr'>exserto</span> <span class='ocrx_word' id='word_1_98' title='bbox 1476 1074 1606 1139; x_wconf 92' lang='lat' dir='ltr'>brachio</span> <span class='ocrx_word' id='word_1_99' title='bbox 1645 1085 1772 1158; x_wconf 79' lang='lat' dir='ltr'>pugnet</span> <span class='ocrx_word' id='word_1_100' title='bbox 1812 1083 1926 1140; x_wconf 89' lang='lat' dir='ltr'>contra</span> <span class='ocrx_word' id='word_1_101' title='bbox 1966 1076 2128 1157; x_wconf 86' lang='lat' dir='ltr'>professos</span> 
     </span>
     <span class='ocr_line' id='line_1_9' title="bbox 134 1153 2128 1243; baseline 0.004 -21"><span class='ocrx_word' id='word_1_102' title='bbox 134 1174 167 1222; x_wconf 90' lang='lat' dir='ltr'>et</span> <span class='ocrx_word' id='word_1_103' title='bbox 188 1156 240 1221; x_wconf 91' lang='lat' dir='ltr'>dio</span> <span class='ocrx_word' id='word_1_104' title='bbox 262 1153 433 1221; x_wconf 83' lang='lat' dir='ltr'>clamando</span> <span class='ocrx_word' id='word_1_105' title='bbox 455 1155 537 1219; x_wconf 83' lang='lat' dir='ltr'>nihil</span> <span class='ocrx_word' id='word_1_106' title='bbox 559 1157 748 1237; x_wconf 84' lang='lat' dir='ltr'>proliceret:</span> <span class='ocrx_word' id='word_1_107' title='bbox 778 1158 833 1222; x_wconf 92' lang='lat' dir='ltr'>sed</span> <span class='ocrx_word' id='word_1_108' title='bbox 861 1159 915 1226; x_wconf 91' lang='lat' dir='ltr'>nbi</span> <span class='ocrx_word' id='word_1_109' title='bbox 945 1160 1032 1225; x_wconf 90' lang='lat' dir='ltr'>servi</span> <span class='ocrx_word' id='word_1_110' title='bbox 1054 1158 1105 1224; x_wconf 90' lang='lat' dir='ltr'>sui</span> <span class='ocrx_word' id='word_1_111' title='bbox 1158 1157 1267 1224; x_wconf 88' lang='lat' dir='ltr'>hostes</span> <span class='ocrx_word' id='word_1_112' title='bbox 1289 1161 1344 1243; x_wconf 90' lang='lat' dir='ltr'>qni</span> <span class='ocrx_word' id='word_1_113' title='bbox 1366 1160 1499 1225; x_wconf 77' lang='lat' dir='ltr'>aliunde</span> <span class='ocrx_word' id='word_1_114' title='bbox 1521 1162 1705 1243; x_wconf 79' lang='lat' dir='ltr'>insurgunt,</span> <span class='ocrx_word' id='word_1_115' title='bbox 1734 1157 1790 1223; x_wconf 87' lang='lat' dir='ltr'>sed</span> <span class='ocrx_word' id='word_1_116' title='bbox 1813 1162 1910 1225; x_wconf 89' lang='lat' dir='ltr'>etiam</span> <span class='ocrx_word' id='word_1_117' title='bbox 1935 1161 2128 1231; x_wconf 89' lang='lat' dir='ltr'>domesticos</span> 
     </span>
     <span class='ocr_line' id='line_1_10' title="bbox 134 1241 2126 1329; baseline 0.004 -22"><span class='ocrx_word' id='word_1_118' title='bbox 134 1241 324 1327; x_wconf 86' lang='lat' dir='ltr'>patientiam</span> <span class='ocrx_word' id='word_1_119' title='bbox 347 1242 428 1305; x_wconf 88' lang='lat' dir='ltr'>satis</span> <span class='ocrx_word' id='word_1_120' title='bbox 447 1244 596 1307; x_wconf 88' lang='lat' dir='ltr'>exercuit</span> <span class='ocrx_word' id='word_1_121' title='bbox 612 1241 715 1322; x_wconf 89' lang='lat' dir='ltr'>Dens,</span> <span class='ocrx_word' id='word_1_122' title='bbox 736 1242 810 1308; x_wconf 91' lang='lat' dir='ltr'>illos</span> <span class='ocrx_word' id='word_1_123' title='bbox 832 1267 890 1329; x_wconf 91' lang='lat' dir='ltr'>spe</span> <span class='ocrx_word' id='word_1_124' title='bbox 911 1267 998 1312; x_wconf 89' lang='lat' dir='ltr'>vana</span> <span class='ocrx_word' id='word_1_125' title='bbox 1020 1245 1105 1310; x_wconf 89' lang='lat' dir='ltr'>deie-</span> <span class='ocrx_word' id='word_1_126' title='bbox 1157 1249 1319 1310; x_wconf 89' lang='lat' dir='ltr'>tumultus</span> <span class='ocrx_word' id='word_1_127' title='bbox 1340 1256 1373 1310; x_wconf 91' lang='lat' dir='ltr'>et</span> <span class='ocrx_word' id='word_1_128' title='bbox 1391 1248 1480 1311; x_wconf 89' lang='lat' dir='ltr'>rixas</span> <span class='ocrx_word' id='word_1_129' title='bbox 1498 1256 1690 1329; x_wconf 88' lang='lat' dir='ltr'>compescat.</span> <span class='ocrx_word' id='word_1_130' title='bbox 1723 1243 1818 1325; x_wconf 76' lang='lat' dir='ltr'>Quod</span> <span class='ocrx_word' id='word_1_131' title='bbox 1838 1247 1935 1311; x_wconf 90' lang='lat' dir='ltr'>etiam</span> <span class='ocrx_word' id='word_1_132' title='bbox 1956 1248 1990 1311; x_wconf 93' lang='lat' dir='ltr'>in</span> <span class='ocrx_word' id='word_1_133' title='bbox 2003 1248 2126 1316; x_wconf 80' lang='lat' dir='ltr'>Christi</span> 
     </span>
     <span class='ocr_line' id='line_1_11' title="bbox 133 1327 2127 1416; baseline 0.005 -24"><span class='ocrx_word' id='word_1_134' title='bbox 133 1328 492 1393; x_wconf 86' lang='lat' dir='ltr'>citaclrnstratneest:</span> <span class='ocrx_word' id='word_1_135' title='bbox 515 1327 581 1392; x_wconf 91' lang='lat' dir='ltr'>imo</span> <span class='ocrx_word' id='word_1_136' title='bbox 605 1347 665 1394; x_wconf 92' lang='lat' dir='ltr'>nec</span> <span class='ocrx_word' id='word_1_137' title='bbox 686 1349 797 1412; x_wconf 89' lang='lat' dir='ltr'>preces</span> <span class='ocrx_word' id='word_1_138' title='bbox 818 1352 930 1396; x_wconf 90' lang='lat' dir='ltr'>eorum</span> <span class='ocrx_word' id='word_1_139' title='bbox 954 1333 1106 1415; x_wconf 80' lang='lat' dir='ltr'>dignatus</span> <span class='ocrx_word' id='word_1_140' title='bbox 1157 1349 1296 1412; x_wconf 90' lang='lat' dir='ltr'>persona</span> <span class='ocrx_word' id='word_1_141' title='bbox 1317 1331 1424 1414; x_wconf 87' lang='lat' dir='ltr'>palam</span> <span class='ocrx_word' id='word_1_142' title='bbox 1443 1343 1609 1397; x_wconf 90' lang='lat' dir='ltr'>ostensum</span> <span class='ocrx_word' id='word_1_143' title='bbox 1628 1332 1691 1395; x_wconf 84' lang='lat' dir='ltr'>luit</span> <span class='ocrx_word' id='word_1_144' title='bbox 1708 1330 1750 1394; x_wconf 89' lang='lat' dir='ltr'>ah</span> <span class='ocrx_word' id='word_1_145' title='bbox 1766 1331 1867 1408; x_wconf 91' lang='lat' dir='ltr'>initio,</span> <span class='ocrx_word' id='word_1_146' title='bbox 1890 1334 1967 1414; x_wconf 92' lang='lat' dir='ltr'>quia</span> <span class='ocrx_word' id='word_1_147' title='bbox 1984 1336 2127 1416; x_wconf 88' lang='lat' dir='ltr'>primum</span> 
     </span>
     <span class='ocr_line' id='line_1_12' title="bbox 133 1413 2127 1500; baseline 0.004 -21"><span class='ocrx_word' id='word_1_148' title='bbox 133 1428 183 1480; x_wconf 86' lang='lat' dir='ltr'>eet</span> <span class='ocrx_word' id='word_1_149' title='bbox 204 1415 328 1478; x_wconf 86' lang='lat' dir='ltr'>andire.</span> <span class='ocrx_word' id='word_1_150' title='bbox 373 1413 538 1479; x_wconf 75' lang='lat' dir='ltr'>Tenemus</span> <span class='ocrx_word' id='word_1_151' title='bbox 559 1432 647 1477; x_wconf 88' lang='lat' dir='ltr'>nnnc</span> <span class='ocrx_word' id='word_1_152' title='bbox 668 1414 840 1480; x_wconf 89' lang='lat' dir='ltr'>consilinm</span> <span class='ocrx_word' id='word_1_153' title='bbox 853 1417 1007 1482; x_wconf 89' lang='lat' dir='ltr'>Davidis:</span> <span class='ocrx_word' id='word_1_154' title='bbox 1030 1417 1106 1500; x_wconf 90' lang='lat' dir='ltr'>quia</span> <span class='ocrx_word' id='word_1_155' title='bbox 1157 1417 1186 1480; x_wconf 93' lang='lat' dir='ltr'>ei</span> <span class='ocrx_word' id='word_1_156' title='bbox 1198 1415 1400 1483; x_wconf 86' lang='lat' dir='ltr'>obstaculum</span> <span class='ocrx_word' id='word_1_157' title='bbox 1415 1419 1477 1482; x_wconf 84' lang='lat' dir='ltr'>init</span> <span class='ocrx_word' id='word_1_158' title='bbox 1494 1418 1535 1482; x_wconf 92' lang='lat' dir='ltr'>ab</span> <span class='ocrx_word' id='word_1_159' title='bbox 1553 1417 1668 1482; x_wconf 86' lang='lat' dir='ltr'>insana</span> <span class='ocrx_word' id='word_1_160' title='bbox 1685 1416 1792 1500; x_wconf 80' lang='lat' dir='ltr'>gentis</span> <span class='ocrx_word' id='word_1_161' title='bbox 1810 1437 1888 1482; x_wconf 79' lang='lat' dir='ltr'>strae</span> <span class='ocrx_word' id='word_1_162' title='bbox 1907 1424 2127 1488; x_wconf 87' lang='lat' dir='ltr'>contumacia:</span> 
     </span>
     <span class='ocr_line' id='line_1_13' title="bbox 134 1499 2127 1586; baseline 0.004 -22"><span class='ocrx_word' id='word_1_163' title='bbox 134 1502 219 1564; x_wconf 90' lang='lat' dir='ltr'>enim</span> <span class='ocrx_word' id='word_1_164' title='bbox 243 1499 300 1565; x_wconf 93' lang='lat' dir='ltr'>din</span> <span class='ocrx_word' id='word_1_165' title='bbox 321 1518 493 1582; x_wconf 75' lang='lat' dir='ltr'>perperam</span> <span class='ocrx_word' id='word_1_166' title='bbox 506 1499 569 1563; x_wconf 84' lang='lat' dir='ltr'>llei</span> <span class='ocrx_word' id='word_1_167' title='bbox 591 1500 722 1564; x_wconf 93' lang='lat' dir='ltr'>nomine</span> <span class='ocrx_word' id='word_1_168' title='bbox 745 1500 836 1566; x_wconf 90' lang='lat' dir='ltr'>abusi</span> <span class='ocrx_word' id='word_1_169' title='bbox 854 1504 986 1569; x_wconf 79' lang='lat' dir='ltr'>fuerant</span> <span class='ocrx_word' id='word_1_170' title='bbox 1002 1503 1105 1586; x_wconf 91' lang='lat' dir='ltr'>impii,</span> <span class='ocrx_word' id='word_1_171' title='bbox 1155 1503 1221 1566; x_wconf 89' lang='lat' dir='ltr'>iam</span> <span class='ocrx_word' id='word_1_172' title='bbox 1237 1515 1420 1586; x_wconf 89' lang='lat' dir='ltr'>temporum</span> <span class='ocrx_word' id='word_1_173' title='bbox 1437 1505 1584 1568; x_wconf 92' lang='lat' dir='ltr'>omnium</span> <span class='ocrx_word' id='word_1_174' title='bbox 1602 1503 1804 1585; x_wconf 88' lang='lat' dir='ltr'>experientia</span> <span class='ocrx_word' id='word_1_175' title='bbox 1822 1502 1973 1583; x_wconf 75' lang='lat' dir='ltr'><strong>ostendit,</strong></span> <span class='ocrx_word' id='word_1_176' title='bbox 1993 1506 2127 1572; x_wconf 89' lang='lat' dir='ltr'>dissidia</span> 
     </span>
     <span class='ocr_line' id='line_1_14' title="bbox 135 1584 2126 1671; baseline 0.004 -21"><span class='ocrx_word' id='word_1_177' title='bbox 135 1585 282 1650; x_wconf 74' lang='lat' dir='ltr'><strong>fallacem</strong></span> <span class='ocrx_word' id='word_1_178' title='bbox 305 1605 417 1649; x_wconf 90' lang='lat' dir='ltr'>eornm</span> <span class='ocrx_word' id='word_1_179' title='bbox 435 1585 623 1650; x_wconf 86' lang='lat' dir='ltr'>iactantiam</span> <span class='ocrx_word' id='word_1_180' title='bbox 641 1584 775 1651; x_wconf 80' lang='lat' dir='ltr'>deridet</span> <span class='ocrx_word' id='word_1_181' title='bbox 808 1588 912 1653; x_wconf 93' lang='lat' dir='ltr'>Porro</span> <span class='ocrx_word' id='word_1_182' title='bbox 924 1587 1104 1654; x_wconf 91' lang='lat' dir='ltr'>notandum</span> <span class='ocrx_word' id='word_1_183' title='bbox 1156 1603 1189 1651; x_wconf 90' lang='lat' dir='ltr'>et</span> <span class='ocrx_word' id='word_1_184' title='bbox 1209 1590 1444 1670; x_wconf 89' lang='lat' dir='ltr'>contentiones,</span> <span class='ocrx_word' id='word_1_185' title='bbox 1465 1589 1581 1671; x_wconf 91' lang='lat' dir='ltr'>quibus</span> <span class='ocrx_word' id='word_1_186' title='bbox 1593 1589 1761 1654; x_wconf 87' lang='lat' dir='ltr'>ecelesiam</span> <span class='ocrx_word' id='word_1_187' title='bbox 1774 1586 1928 1654; x_wconf 88' lang='lat' dir='ltr'>scindunt</span> <span class='ocrx_word' id='word_1_188' title='bbox 1939 1603 1973 1655; x_wconf 90' lang='lat' dir='ltr'>et</span> <span class='ocrx_word' id='word_1_189' title='bbox 1984 1591 2126 1658; x_wconf 84' lang='lat' dir='ltr'>lacerant</span> 
     </span>
     <span class='ocr_line' id='line_1_15' title="bbox 134 1668 2125 1758; baseline 0.005 -23"><span class='ocrx_word' id='word_1_190' title='bbox 134 1684 194 1754; x_wconf 87' lang='lat' dir='ltr'>est,</span> <span class='ocrx_word' id='word_1_191' title='bbox 227 1672 267 1736; x_wconf 92' lang='lat' dir='ltr'>de</span> <span class='ocrx_word' id='word_1_192' title='bbox 300 1668 495 1756; x_wconf 78' lang='lat' dir='ltr'>hypocritis,</span> <span class='ocrx_word' id='word_1_193' title='bbox 533 1671 588 1752; x_wconf 91' lang='lat' dir='ltr'>qni</span> <span class='ocrx_word' id='word_1_194' title='bbox 628 1691 794 1754; x_wconf 91' lang='lat' dir='ltr'>nunqnam</span> <span class='ocrx_word' id='word_1_195' title='bbox 827 1675 953 1740; x_wconf 90' lang='lat' dir='ltr'>sincero</span> <span class='ocrx_word' id='word_1_196' title='bbox 986 1676 1105 1738; x_wconf 85' lang='lat' dir='ltr'>affectu</span> <span class='ocrx_word' id='word_1_197' title='bbox 1158 1673 1356 1758; x_wconf 76' lang='lat' dir='ltr'>hypocritae,</span> <span class='ocrx_word' id='word_1_198' title='bbox 1381 1696 1446 1740; x_wconf 93' lang='lat' dir='ltr'>non</span> <span class='ocrx_word' id='word_1_199' title='bbox 1469 1676 1578 1739; x_wconf 92' lang='lat' dir='ltr'>minus</span> <span class='ocrx_word' id='word_1_200' title='bbox 1601 1676 1699 1740; x_wconf 85' lang='lat' dir='ltr'>noxia</span> <span class='ocrx_word' id='word_1_201' title='bbox 1721 1694 1791 1738; x_wconf 88' lang='lat' dir='ltr'>esse</span> <span class='ocrx_word' id='word_1_202' title='bbox 1808 1675 1848 1739; x_wconf 89' lang='lat' dir='ltr'>ad</span> <span class='ocrx_word' id='word_1_203' title='bbox 1867 1674 2125 1744; x_wconf 81' lang='lat' dir='ltr'>labefactandum</span> 
     </span>
     <span class='ocr_line' id='line_1_16' title="bbox 132 1755 2127 1845; baseline 0.005 -25"><span class='ocrx_word' id='word_1_204' title='bbox 132 1755 241 1823; x_wconf 86' lang='lat' dir='ltr'>Den‘m</span> <span class='ocrx_word' id='word_1_205' title='bbox 270 1756 434 1834; x_wconf 77' lang='lat' dir='ltr'>invocent,</span> <span class='ocrx_word' id='word_1_206' title='bbox 465 1756 577 1822; x_wconf 90' lang='lat' dir='ltr'>haberi</span> <span class='ocrx_word' id='word_1_207' title='bbox 607 1777 800 1837; x_wconf 91' lang='lat' dir='ltr'>sermonem,</span> <span class='ocrx_word' id='word_1_208' title='bbox 827 1781 994 1844; x_wconf 89' lang='lat' dir='ltr'>nunqnam</span> <span class='ocrx_word' id='word_1_209' title='bbox 1017 1763 1103 1824; x_wconf 89' lang='lat' dir='ltr'>enim</span> <span class='ocrx_word' id='word_1_210' title='bbox 1157 1760 1280 1825; x_wconf 81' lang='lat' dir='ltr'>Christi</span> <span class='ocrx_word' id='word_1_211' title='bbox 1309 1782 1459 1845; x_wconf 84' lang='lat' dir='ltr'>regnum,</span> <span class='ocrx_word' id='word_1_212' title='bbox 1492 1780 1590 1843; x_wconf 86' lang='lat' dir='ltr'>quam</span> <span class='ocrx_word' id='word_1_213' title='bbox 1622 1761 1779 1825; x_wconf 90' lang='lat' dir='ltr'>violentos</span> <span class='ocrx_word' id='word_1_214' title='bbox 1810 1758 1952 1825; x_wconf 87' lang='lat' dir='ltr'>hostium</span> <span class='ocrx_word' id='word_1_215' title='bbox 1983 1777 2127 1844; x_wconf 88' lang='lat' dir='ltr'>conatus,</span> 
     </span>
     <span class='ocr_line' id='line_1_17' title="bbox 132 1841 2125 1932; baseline 0.004 -24"><span class='ocrx_word' id='word_1_216' title='bbox 132 1844 223 1909; x_wconf 85' lang='lat' dir='ltr'>l&#39;sllet</span> <span class='ocrx_word' id='word_1_217' title='bbox 243 1843 425 1926; x_wconf 88' lang='lat' dir='ltr'>promissio,</span> <span class='ocrx_word' id='word_1_218' title='bbox 444 1841 553 1906; x_wconf 90' lang='lat' dir='ltr'>Deum</span> <span class='ocrx_word' id='word_1_219' title='bbox 577 1863 677 1926; x_wconf 87' lang='lat' dir='ltr'>prope</span> <span class='ocrx_word' id='word_1_220' title='bbox 699 1865 770 1909; x_wconf 90' lang='lat' dir='ltr'>esse</span> <span class='ocrx_word' id='word_1_221' title='bbox 787 1847 937 1912; x_wconf 88' lang='lat' dir='ltr'>omnibus</span> <span class='ocrx_word' id='word_1_222' title='bbox 955 1847 1009 1929; x_wconf 90' lang='lat' dir='ltr'>qui</span> <span class='ocrx_word' id='word_1_223' title='bbox 1028 1865 1104 1910; x_wconf 92' lang='lat' dir='ltr'>enm</span> <span class='ocrx_word' id='word_1_224' title='bbox 1156 1845 1322 1912; x_wconf 90' lang='lat' dir='ltr'>nisiDeus</span> <span class='ocrx_word' id='word_1_225' title='bbox 1344 1867 1476 1912; x_wconf 92' lang='lat' dir='ltr'>manum</span> <span class='ocrx_word' id='word_1_226' title='bbox 1499 1867 1592 1911; x_wconf 90' lang='lat' dir='ltr'>suam</span> <span class='ocrx_word' id='word_1_227' title='bbox 1615 1856 1803 1928; x_wconf 86' lang='lat' dir='ltr'>opponeret.</span> <span class='ocrx_word' id='word_1_228' title='bbox 1836 1845 1926 1929; x_wconf 84' lang='lat' dir='ltr'>Ergo</span> <span class='ocrx_word' id='word_1_229' title='bbox 1938 1861 1976 1911; x_wconf 95' lang='lat' dir='ltr'>ut</span> <span class='ocrx_word' id='word_1_230' title='bbox 1986 1870 2125 1932; x_wconf 84' lang='lat' dir='ltr'>regnum</span> 
     </span>
     <span class='ocr_line' id='line_1_18' title="bbox 132 1927 2126 2015; baseline 0.004 -22"><span class='ocrx_word' id='word_1_231' title='bbox 132 1931 166 1993; x_wconf 91' lang='lat' dir='ltr'>in</span> <span class='ocrx_word' id='word_1_232' title='bbox 189 1931 327 1994; x_wconf 87' lang='lat' dir='ltr'>varitate</span> <span class='ocrx_word' id='word_1_233' title='bbox 349 1940 520 2011; x_wconf 87' lang='lat' dir='ltr'>quaerunt,</span> <span class='ocrx_word' id='word_1_234' title='bbox 542 1927 630 1993; x_wconf 90' lang='lat' dir='ltr'>Psal.</span> <span class='ocrx_word' id='word_1_235' title='bbox 655 1929 726 2008; x_wconf 80' lang='lat'>145,</span> <span class='ocrx_word' id='word_1_236' title='bbox 746 1930 796 1996; x_wconf 88' lang='lat'>18.</span> <span class='ocrx_word' id='word_1_237' title='bbox 819 1931 894 1997; x_wconf 91' lang='lat' dir='ltr'>Non</span> <span class='ocrx_word' id='word_1_238' title='bbox 913 1953 990 2015; x_wconf 82' lang='lat' dir='ltr'>ergo</span> <span class='ocrx_word' id='word_1_239' title='bbox 1009 1954 1104 2015; x_wconf 87' lang='lat' dir='ltr'>repu—</span> <span class='ocrx_word' id='word_1_240' title='bbox 1155 1933 1212 1996; x_wconf 84' lang='lat' dir='ltr'>lilii</span> <span class='ocrx_word' id='word_1_241' title='bbox 1245 1933 1295 1997; x_wconf 91' lang='lat' dir='ltr'>sui</span> <span class='ocrx_word' id='word_1_242' title='bbox 1318 1946 1508 2015; x_wconf 92' lang='lat' dir='ltr'>promoveat</span> <span class='ocrx_word' id='word_1_243' title='bbox 1530 1944 1730 2008; x_wconf 85' lang='lat' dir='ltr'>aetneatur,</span> <span class='ocrx_word' id='word_1_244' title='bbox 1759 1952 1826 1994; x_wconf 91' lang='lat' dir='ltr'>non</span> <span class='ocrx_word' id='word_1_245' title='bbox 1855 1931 1950 1997; x_wconf 87' lang='lat' dir='ltr'>modo</span> <span class='ocrx_word' id='word_1_246' title='bbox 1973 1946 2126 2001; x_wconf 85' lang='lat' dir='ltr'>externos</span> 
     </span>
     <span class='ocr_line' id='line_1_19' title="bbox 131 2014 2126 2101; baseline 0.004 -22"><span class='ocrx_word' id='word_1_247' title='bbox 131 2014 236 2080; x_wconf 81' lang='lat' dir='ltr'>diacos</span> <span class='ocrx_word' id='word_1_248' title='bbox 266 2015 365 2079; x_wconf 85' lang='lat' dir='ltr'>luisse</span> <span class='ocrx_word' id='word_1_249' title='bbox 396 2014 509 2078; x_wconf 90' lang='lat' dir='ltr'>hostes</span> <span class='ocrx_word' id='word_1_250' title='bbox 537 2034 613 2079; x_wconf 92' lang='lat' dir='ltr'>suos</span> <span class='ocrx_word' id='word_1_251' title='bbox 642 2014 721 2080; x_wconf 88' lang='lat' dir='ltr'>dicit</span> <span class='ocrx_word' id='word_1_252' title='bbox 743 2017 861 2095; x_wconf 88' lang='lat' dir='ltr'>David,</span> <span class='ocrx_word' id='word_1_253' title='bbox 890 2038 989 2100; x_wconf 91' lang='lat' dir='ltr'>quum</span> <span class='ocrx_word' id='word_1_254' title='bbox 1020 2018 1105 2083; x_wconf 90' lang='lat' dir='ltr'>serio</span> <span class='ocrx_word' id='word_1_255' title='bbox 1157 2019 1267 2083; x_wconf 87' lang='lat' dir='ltr'>hostes</span> <span class='ocrx_word' id='word_1_256' title='bbox 1299 2038 1408 2084; x_wconf 88' lang='lat' dir='ltr'>coram</span> <span class='ocrx_word' id='word_1_257' title='bbox 1437 2020 1507 2101; x_wconf 89' lang='lat' dir='ltr'>ipsc</span> <span class='ocrx_word' id='word_1_258' title='bbox 1541 2017 1729 2101; x_wconf 87' lang='lat' dir='ltr'>prosternit,</span> <span class='ocrx_word' id='word_1_259' title='bbox 1763 2016 1819 2081; x_wconf 88' lang='lat' dir='ltr'>sed</span> <span class='ocrx_word' id='word_1_260' title='bbox 1854 2038 1928 2082; x_wconf 94' lang='lat' dir='ltr'>eum</span> <span class='ocrx_word' id='word_1_261' title='bbox 1962 2019 2080 2086; x_wconf 86' lang='lat' dir='ltr'>liberat</span> <span class='ocrx_word' id='word_1_262' title='bbox 2107 2043 2126 2085; x_wconf 90' lang='lat' dir='ltr'>a</span> 
     </span>
     <span class='ocr_line' id='line_1_20' title="bbox 130 2098 2124 2185; baseline 0.003 -19"><span class='ocrx_word' id='word_1_263' title='bbox 130 2100 238 2166; x_wconf 87' lang='lat' dir='ltr'>cordis</span> <span class='ocrx_word' id='word_1_264' title='bbox 255 2100 374 2164; x_wconf 83' lang='lat' dir='ltr'>affectu</span> <span class='ocrx_word' id='word_1_265' title='bbox 392 2098 553 2164; x_wconf 90' lang='lat' dir='ltr'>adDeum</span> <span class='ocrx_word' id='word_1_266' title='bbox 572 2101 795 2184; x_wconf 79' lang='lat' dir='ltr'>confugerent,</span> <span class='ocrx_word' id='word_1_267' title='bbox 813 2105 868 2169; x_wconf 88' lang='lat' dir='ltr'>sed</span> <span class='ocrx_word' id='word_1_268' title='bbox 888 2125 986 2185; x_wconf 90' lang='lat' dir='ltr'>quum</span> <span class='ocrx_word' id='word_1_269' title='bbox 1010 2103 1106 2169; x_wconf 90' lang='lat' dir='ltr'>solita</span> <span class='ocrx_word' id='word_1_270' title='bbox 1155 2103 1340 2170; x_wconf 90' lang='lat' dir='ltr'>domesticis</span> <span class='ocrx_word' id='word_1_271' title='bbox 1362 2106 1631 2169; x_wconf 88' lang='lat' dir='ltr'>contentionibus.</span> <span class='ocrx_word' id='word_1_272' title='bbox 1665 2101 1706 2166; x_wconf 93' lang='lat' dir='ltr'>ln</span> <span class='ocrx_word' id='word_1_273' title='bbox 1728 2101 1856 2167; x_wconf 90' lang='lat' dir='ltr'>cantico</span> <span class='ocrx_word' id='word_1_274' title='bbox 1879 2104 1966 2169; x_wconf 89' lang='lat' dir='ltr'>alind</span> <span class='ocrx_word' id='word_1_275' title='bbox 1991 2105 2124 2172; x_wconf 93' lang='lat' dir='ltr'>verbum</span> 
     </span>
     <span class='ocr_line' id='line_1_21' title="bbox 132 2186 2126 2277; baseline 0.004 -26"><span class='ocrx_word' id='word_1_276' title='bbox 132 2186 336 2270; x_wconf 90' lang='lat' dir='ltr'>impudentia</span> <span class='ocrx_word' id='word_1_277' title='bbox 358 2196 515 2268; x_wconf 89' lang='lat' dir='ltr'>putarent</span> <span class='ocrx_word' id='word_1_278' title='bbox 536 2206 612 2250; x_wconf 90' lang='lat' dir='ltr'>enm</span> <span class='ocrx_word' id='word_1_279' title='bbox 634 2187 696 2251; x_wconf 88' lang='lat' dir='ltr'>sihi</span> <span class='ocrx_word' id='word_1_280' title='bbox 719 2187 909 2254; x_wconf 91' lang='lat' dir='ltr'>obstrictum</span> <span class='ocrx_word' id='word_1_281' title='bbox 941 2190 981 2254; x_wconf 94' lang='lat' dir='ltr'>ad</span> <span class='ocrx_word' id='word_1_282' title='bbox 1004 2189 1105 2256; x_wconf 87' lang='lat' dir='ltr'>ecele-</span> <span class='ocrx_word' id='word_1_283' title='bbox 1158 2190 1295 2255; x_wconf 86' lang='lat' dir='ltr'>habetur</span> <span class='ocrx_word' id='word_1_284' title='bbox 1328 2210 1404 2274; x_wconf 87' lang='lat' dir='ltr'>pro:</span> <span class='ocrx_word' id='word_1_285' title='bbox 1444 2188 1485 2252; x_wconf 93' lang='lat' dir='ltr'>In</span> <span class='ocrx_word' id='word_1_286' title='bbox 1518 2202 1617 2271; x_wconf 87' lang='lat' dir='ltr'>caput</span> <span class='ocrx_word' id='word_1_287' title='bbox 1649 2188 1796 2271; x_wconf 81' lang='lat' dir='ltr'>gentium</span> <span class='ocrx_word' id='word_1_288' title='bbox 1830 2209 1967 2272; x_wconf 90' lang='lat' dir='ltr'>ponere,</span> <span class='ocrx_word' id='word_1_289' title='bbox 2008 2214 2126 2277; x_wconf 90' lang='lat' dir='ltr'>nempe</span> 
     </span>
     <span class='ocr_line' id='line_1_22' title="bbox 130 2271 2126 2358; baseline 0.003 -20"><span class='ocrx_word' id='word_1_290' title='bbox 130 2288 218 2338; x_wconf 86' lang='lat' dir='ltr'>ratos</span> <span class='ocrx_word' id='word_1_291' title='bbox 246 2283 383 2337; x_wconf 88' lang='lat' dir='ltr'>conatus</span> <span class='ocrx_word' id='word_1_292' title='bbox 412 2271 583 2337; x_wconf 86' lang='lat' dir='ltr'>iuvandos.</span> <span class='ocrx_word' id='word_1_293' title='bbox 627 2271 713 2336; x_wconf 89' lang='lat' dir='ltr'>Nam</span> <span class='ocrx_word' id='word_1_294' title='bbox 736 2273 813 2339; x_wconf 93' lang='lat' dir='ltr'>dnm</span> <span class='ocrx_word' id='word_1_295' title='bbox 836 2290 911 2341; x_wconf 88' lang='lat' dir='ltr'>vota</span> <span class='ocrx_word' id='word_1_296' title='bbox 932 2277 966 2339; x_wconf 93' lang='lat' dir='ltr'>in</span> <span class='ocrx_word' id='word_1_297' title='bbox 990 2276 1105 2340; x_wconf 90' lang='lat' dir='ltr'>ultima</span> <span class='ocrx_word' id='word_1_298' title='bbox 1155 2287 1312 2358; x_wconf 61' lang='lat' dir='ltr'>’mm</span> <span class='ocrx_word' id='word_1_299' title='bbox 1329 2275 1414 2358; x_wconf 93' lang='lat' dir='ltr'>quod</span> <span class='ocrx_word' id='word_1_300' title='bbox 1437 2275 1602 2340; x_wconf 88' lang='lat' dir='ltr'>custodire</span> <span class='ocrx_word' id='word_1_301' title='bbox 1623 2274 1797 2357; x_wconf 77' lang='lat' dir='ltr'>significat,</span> <span class='ocrx_word' id='word_1_302' title='bbox 1827 2273 1965 2357; x_wconf 91' lang='lat' dir='ltr'>ideoque</span> <span class='ocrx_word' id='word_1_303' title='bbox 1993 2278 2033 2342; x_wconf 94' lang='lat' dir='ltr'>ad</span> <span class='ocrx_word' id='word_1_304' title='bbox 2059 2290 2126 2344; x_wconf 89' lang='lat' dir='ltr'>sta·</span> 
     </span>
     <span class='ocr_line' id='line_1_23' title="bbox 131 2357 2126 2445; baseline 0.005 -23"><span class='ocrx_word' id='word_1_305' title='bbox 131 2358 323 2424; x_wconf 87' lang='lat' dir='ltr'>necessitate</span> <span class='ocrx_word' id='word_1_306' title='bbox 360 2359 551 2439; x_wconf 88' lang='lat' dir='ltr'>concipiunt</span> <span class='ocrx_word' id='word_1_307' title='bbox 587 2357 696 2440; x_wconf 91' lang='lat' dir='ltr'>impii,</span> <span class='ocrx_word' id='word_1_308' title='bbox 736 2361 797 2425; x_wconf 89' lang='lat' dir='ltr'>etsi</span> <span class='ocrx_word' id='word_1_309' title='bbox 838 2381 956 2445; x_wconf 91' lang='lat' dir='ltr'>pavore</span> <span class='ocrx_word' id='word_1_310' title='bbox 989 2361 1104 2427; x_wconf 90' lang='lat' dir='ltr'>deiecti</span> <span class='ocrx_word' id='word_1_311' title='bbox 1155 2361 1251 2426; x_wconf 89' lang='lat' dir='ltr'>bilem</span> <span class='ocrx_word' id='word_1_312' title='bbox 1292 2375 1326 2425; x_wconf 88' lang='lat' dir='ltr'>et</span> <span class='ocrx_word' id='word_1_313' title='bbox 1364 2362 1550 2425; x_wconf 89' lang='lat' dir='ltr'>diuturnam</span> <span class='ocrx_word' id='word_1_314' title='bbox 1591 2360 1684 2443; x_wconf 82' lang='lat' dir='ltr'>regni</span> <span class='ocrx_word' id='word_1_315' title='bbox 1723 2360 1943 2443; x_wconf 75' lang='lat' dir='ltr'>possesionem</span> <span class='ocrx_word' id='word_1_316' title='bbox 1977 2365 2126 2432; x_wconf 83' lang='lat' dir='ltr'>refertur.</span> 
     </span>
     <span class='ocr_line' id='line_1_24' title="bbox 130 2443 2127 2530; baseline 0.003 -21"><span class='ocrx_word' id='word_1_317' title='bbox 130 2455 484 2527; x_wconf 87' lang='lat' dir='ltr'>metuquetrementee,</span> <span class='ocrx_word' id='word_1_318' title='bbox 503 2443 720 2509; x_wconf 75' lang='lat' dir='ltr'>humilitatem</span> <span class='ocrx_word' id='word_1_319' title='bbox 740 2449 1015 2529; x_wconf 77' lang='lat' dir='ltr'>praeseferunt:</span> <span class='ocrx_word' id='word_1_320' title='bbox 1038 2468 1103 2512; x_wconf 93' lang='lat' dir='ltr'>non</span> <span class='ocrx_word' id='word_1_321' title='bbox 1155 2446 1285 2512; x_wconf 84' lang='lat' dir='ltr'>Scimus</span> <span class='ocrx_word' id='word_1_322' title='bbox 1314 2447 1401 2512; x_wconf 91' lang='lat' dir='ltr'>enim</span> <span class='ocrx_word' id='word_1_323' title='bbox 1432 2466 1527 2530; x_wconf 89' lang='lat' dir='ltr'>qnam</span> <span class='ocrx_word' id='word_1_324' title='bbox 1559 2445 1691 2509; x_wconf 82' lang='lat' dir='ltr'>difficile</span> <span class='ocrx_word' id='word_1_325' title='bbox 1720 2448 1763 2509; x_wconf 88' lang='lat' dir='ltr'>sit</span> <span class='ocrx_word' id='word_1_326' title='bbox 1790 2444 1824 2507; x_wconf 93' lang='lat' dir='ltr'>in</span> <span class='ocrx_word' id='word_1_327' title='bbox 1855 2444 1962 2511; x_wconf 88' lang='lat' dir='ltr'>officio</span> <span class='ocrx_word' id='word_1_328' title='bbox 1985 2451 2127 2515; x_wconf 90' lang='lat' dir='ltr'>rotinere</span> 
     </span>
     <span class='ocr_line' id='line_1_25' title="bbox 131 2529 2125 2617; baseline 0.003 -22"><span class='ocrx_word' id='word_1_329' title='bbox 131 2548 242 2595; x_wconf 89' lang='lat' dir='ltr'>tamen</span> <span class='ocrx_word' id='word_1_330' title='bbox 284 2541 415 2594; x_wconf 87' lang='lat' dir='ltr'>mutant</span> <span class='ocrx_word' id='word_1_331' title='bbox 447 2530 648 2611; x_wconf 92' lang='lat' dir='ltr'>propositum</span> <span class='ocrx_word' id='word_1_332' title='bbox 680 2542 718 2595; x_wconf 95' lang='lat' dir='ltr'>nt</span> <span class='ocrx_word' id='word_1_333' title='bbox 749 2533 953 2615; x_wconf 90' lang='lat' dir='ltr'>resipiscant.</span> <span class='ocrx_word' id='word_1_334' title='bbox 1007 2533 1104 2598; x_wconf 88' lang='lat' dir='ltr'>Adde</span> <span class='ocrx_word' id='word_1_335' title='bbox 1155 2533 1211 2616; x_wconf 89' lang='lat' dir='ltr'>qui</span> <span class='ocrx_word' id='word_1_336' title='bbox 1243 2534 1321 2617; x_wconf 80' lang='lat' dir='ltr'>iugo</span> <span class='ocrx_word' id='word_1_337' title='bbox 1353 2532 1499 2597; x_wconf 91' lang='lat' dir='ltr'>nondum</span> <span class='ocrx_word' id='word_1_338' title='bbox 1533 2530 1706 2596; x_wconf 75' lang='lat' dir='ltr'>assuefacti</span> <span class='ocrx_word' id='word_1_339' title='bbox 1737 2542 1824 2595; x_wconf 89' lang='lat' dir='ltr'>snut.</span> <span class='ocrx_word' id='word_1_340' title='bbox 1868 2529 2012 2615; x_wconf 85' lang='lat' dir='ltr'>Ideoque</span> <span class='ocrx_word' id='word_1_341' title='bbox 2042 2535 2125 2601; x_wconf 93' lang='lat' dir='ltr'>nihil</span> 
     </span>
     <span class='ocr_line' id='line_1_26' title="bbox 130 2613 2122 2702; baseline 0.002 -21"><span class='ocrx_word' id='word_1_342' title='bbox 130 2616 216 2699; x_wconf 91' lang='lat' dir='ltr'>quod</span> <span class='ocrx_word' id='word_1_343' title='bbox 239 2614 306 2681; x_wconf 92' lang='lat' dir='ltr'>illis</span> <span class='ocrx_word' id='word_1_344' title='bbox 328 2614 463 2680; x_wconf 87' lang='lat' dir='ltr'>andacia</span> <span class='ocrx_word' id='word_1_345' title='bbox 485 2630 519 2678; x_wconf 91' lang='lat' dir='ltr'>et</span> <span class='ocrx_word' id='word_1_346' title='bbox 536 2613 673 2681; x_wconf 89' lang='lat' dir='ltr'>durities</span> <span class='ocrx_word' id='word_1_347' title='bbox 695 2637 754 2700; x_wconf 90' lang='lat' dir='ltr'>pro</span> <span class='ocrx_word' id='word_1_348' title='bbox 774 2619 840 2683; x_wconf 88' lang='lat' dir='ltr'>fide</span> <span class='ocrx_word' id='word_1_349' title='bbox 856 2630 915 2695; x_wconf 87' lang='lat' dir='ltr'>est,</span> <span class='ocrx_word' id='word_1_350' title='bbox 938 2619 989 2684; x_wconf 90' lang='lat' dir='ltr'>vel</span> <span class='ocrx_word' id='word_1_351' title='bbox 1009 2619 1102 2685; x_wconf 93' lang='lat' dir='ltr'>dubi·</span> <span class='ocrx_word' id='word_1_352' title='bbox 1155 2621 1358 2702; x_wconf 81' lang='lat' dir='ltr'>frequentius</span> <span class='ocrx_word' id='word_1_353' title='bbox 1387 2639 1485 2700; x_wconf 88' lang='lat' dir='ltr'>qnam</span> <span class='ocrx_word' id='word_1_354' title='bbox 1508 2617 1646 2700; x_wconf 88' lang='lat' dir='ltr'>imperia</span> <span class='ocrx_word' id='word_1_355' title='bbox 1667 2636 1771 2698; x_wconf 88' lang='lat' dir='ltr'>nuper</span> <span class='ocrx_word' id='word_1_356' title='bbox 1793 2626 1886 2698; x_wconf 89' lang='lat' dir='ltr'>parta</span> <span class='ocrx_word' id='word_1_357' title='bbox 1908 2620 2002 2684; x_wconf 89' lang='lat' dir='ltr'>novis</span> <span class='ocrx_word' id='word_1_358' title='bbox 2028 2623 2122 2685; x_wconf 89' lang='lat' dir='ltr'>moti·</span> 
     </span>
     <span class='ocr_line' id='line_1_27' title="bbox 130 2700 2124 2790; baseline 0.002 -23"><span class='ocrx_word' id='word_1_359' title='bbox 130 2700 228 2768; x_wconf 84' lang='lat' dir='ltr'>tando</span> <span class='ocrx_word' id='word_1_360' title='bbox 251 2701 472 2785; x_wconf 86' lang='lat' dir='ltr'>querimoniae</span> <span class='ocrx_word' id='word_1_361' title='bbox 494 2722 570 2766; x_wconf 88' lang='lat' dir='ltr'>suas</span> <span class='ocrx_word' id='word_1_362' title='bbox 593 2702 807 2785; x_wconf 87' lang='lat' dir='ltr'>profundunt,</span> <span class='ocrx_word' id='word_1_363' title='bbox 842 2706 946 2790; x_wconf 81' lang='lat' dir='ltr'>magis</span> <span class='ocrx_word' id='word_1_364' title='bbox 969 2718 1006 2770; x_wconf 92' lang='lat' dir='ltr'>nt</span> <span class='ocrx_word' id='word_1_365' title='bbox 1029 2704 1101 2770; x_wconf 88' lang='lat' dir='ltr'>Deo</span> <span class='ocrx_word' id='word_1_366' title='bbox 1156 2707 1214 2772; x_wconf 92' lang='lat' dir='ltr'>bns</span> <span class='ocrx_word' id='word_1_367' title='bbox 1237 2706 1376 2771; x_wconf 88' lang='lat' dir='ltr'>concuti.</span> <span class='ocrx_word' id='word_1_368' title='bbox 1400 2701 1509 2769; x_wconf 89' lang='lat' dir='ltr'>David</span> <span class='ocrx_word' id='word_1_369' title='bbox 1528 2715 1638 2767; x_wconf 81' lang='lat' dir='ltr'>antem</span> <span class='ocrx_word' id='word_1_370' title='bbox 1657 2703 1691 2765; x_wconf 91' lang='lat' dir='ltr'>in</span> <span class='ocrx_word' id='word_1_371' title='bbox 1714 2703 1841 2768; x_wconf 75' lang='lat' dir='ltr'>candeo</span> <span class='ocrx_word' id='word_1_372' title='bbox 1852 2701 1960 2769; x_wconf 90' lang='lat' dir='ltr'>Deum</span> <span class='ocrx_word' id='word_1_373' title='bbox 1981 2725 2124 2788; x_wconf 88' lang='lat' dir='ltr'>pronun·</span> 
     </span>
     <span class='ocr_line' id='line_1_28' title="bbox 128 2780 2125 2875; baseline 0.002 -21"><span class='ocrx_word' id='word_1_374' title='bbox 128 2789 328 2871; x_wconf 80' lang='lat' dir='ltr'>obstrepant,</span> <span class='ocrx_word' id='word_1_375' title='bbox 349 2806 447 2869; x_wconf 89' lang='lat' dir='ltr'>quam</span> <span class='ocrx_word' id='word_1_376' title='bbox 471 2798 507 2851; x_wconf 91' lang='lat' dir='ltr'>ut</span> <span class='ocrx_word' id='word_1_377' title='bbox 527 2808 621 2852; x_wconf 89' lang='lat' dir='ltr'>suam</span> <span class='ocrx_word' id='word_1_378' title='bbox 644 2780 796 2856; x_wconf 81' lang='lat' dir='ltr'>fiduciam</span> <span class='ocrx_word' id='word_1_379' title='bbox 819 2791 854 2856; x_wconf 94' lang='lat' dir='ltr'>in</span> <span class='ocrx_word' id='word_1_380' title='bbox 874 2793 944 2857; x_wconf 89' lang='lat' dir='ltr'>eins</span> <span class='ocrx_word' id='word_1_381' title='bbox 959 2791 1102 2857; x_wconf 91' lang='lat' dir='ltr'>sinnde-</span> <span class='ocrx_word' id='word_1_382' title='bbox 1154 2793 1215 2858; x_wconf 88' lang='lat' dir='ltr'>tiat</span> <span class='ocrx_word' id='word_1_383' title='bbox 1236 2791 1417 2875; x_wconf 79' lang='lat' dir='ltr'>dignitatis,</span> <span class='ocrx_word' id='word_1_384' title='bbox 1447 2809 1545 2872; x_wconf 90' lang='lat' dir='ltr'>qnam</span> <span class='ocrx_word' id='word_1_385' title='bbox 1575 2791 1644 2870; x_wconf 91' lang='lat' dir='ltr'>ipsc</span> <span class='ocrx_word' id='word_1_386' title='bbox 1673 2788 1802 2870; x_wconf 87' lang='lat' dir='ltr'>auspice</span> <span class='ocrx_word' id='word_1_387' title='bbox 1832 2787 1970 2873; x_wconf 88' lang='lat' dir='ltr'>adeptus</span> <span class='ocrx_word' id='word_1_388' title='bbox 1997 2804 2067 2857; x_wconf 92' lang='lat' dir='ltr'>erat</span> <span class='ocrx_word' id='word_1_389' title='bbox 2089 2805 2125 2857; x_wconf 92' lang='lat' dir='ltr'>nt</span> 
     </span>
     <span class='ocr_line' id='line_1_29' title="bbox 131 2871 1882 2962; baseline 0.001 -23"><span class='ocrx_word' id='word_1_390' title='bbox 131 2889 265 2959; x_wconf 88' lang='lat' dir='ltr'>ponant.</span> <span class='ocrx_word' id='word_1_391' title='bbox 310 2871 487 2938; x_wconf 76' lang='lat' dir='ltr'>Caeterum</span> <span class='ocrx_word' id='word_1_392' title='bbox 509 2873 588 2938; x_wconf 92' lang='lat' dir='ltr'>hino</span> <span class='ocrx_word' id='word_1_393' title='bbox 609 2874 793 2958; x_wconf 78' lang='lat' dir='ltr'>colligenda</span> <span class='ocrx_word' id='word_1_394' title='bbox 811 2889 860 2942; x_wconf 90' lang='lat' dir='ltr'>est</span> <span class='ocrx_word' id='word_1_395' title='bbox 881 2877 972 2943; x_wconf 90' lang='lat' dir='ltr'>utilis</span> <span class='ocrx_word' id='word_1_396' title='bbox 992 2878 1101 2942; x_wconf 88' lang='lat' dir='ltr'>admo·</span> <span class='ocrx_word' id='word_1_397' title='bbox 1155 2879 1308 2962; x_wconf 80' lang='lat' dir='ltr'>gentihus</span> <span class='ocrx_word' id='word_1_398' title='bbox 1329 2877 1562 2951; x_wconf 89' lang='lat' dir='ltr'>dominaretur,</span> <span class='ocrx_word' id='word_1_399' title='bbox 1585 2875 1684 2938; x_wconf 84' lang='lat' dir='ltr'>fuisse</span> <span class='ocrx_word' id='word_1_400' title='bbox 1705 2872 1882 2940; x_wconf 83' lang='lat' dir='ltr'>custodem.</span> 
     </span>
     <span class='ocr_line' id='line_1_30' title="bbox 130 2959 2124 3047; baseline 0.003 -22"><span class='ocrx_word' id='word_1_401' title='bbox 130 2962 220 3039; x_wconf 89' lang='lat' dir='ltr'>nitio,</span> <span class='ocrx_word' id='word_1_402' title='bbox 251 2960 440 3041; x_wconf 87' lang='lat' dir='ltr'>quicunque</span> <span class='ocrx_word' id='word_1_403' title='bbox 464 2960 592 3024; x_wconf 89' lang='lat' dir='ltr'>miseris</span> <span class='ocrx_word' id='word_1_404' title='bbox 613 2960 790 3027; x_wconf 89' lang='lat' dir='ltr'>crudeliter</span> <span class='ocrx_word' id='word_1_405' title='bbox 812 2964 1042 3030; x_wconf 84' lang='lat' dir='ltr'>insultaverint</span> <span class='ocrx_word' id='word_1_406' title='bbox 1064 2984 1101 3029; x_wconf 89' lang='lat' dir='ltr'>ac</span> <span class='ocrx_word' id='word_1_407' title='bbox 1239 2961 1397 3047; x_wconf 77' lang='lat' dir='ltr'>(Populus</span> <span class='ocrx_word' id='word_1_408' title='bbox 1418 2981 1507 3042; x_wconf 82' lang='lat' dir='ltr'>quem</span> <span class='ocrx_word' id='word_1_409' title='bbox 1535 2980 1596 3025; x_wconf 77' lang='lat' dir='ltr'>stou</span> <span class='ocrx_word' id='word_1_410' title='bbox 1625 2959 1775 3045; x_wconf 68' lang='lat' dir='ltr'>oopaom.)</span> <span class='ocrx_word' id='word_1_411' title='bbox 1828 2961 1930 3026; x_wconf 83' lang='lat' dir='ltr'>Totus</span> <span class='ocrx_word' id='word_1_412' title='bbox 1963 2962 2016 3029; x_wconf 93' lang='lat' dir='ltr'>hio</span> <span class='ocrx_word' id='word_1_413' title='bbox 2047 2984 2124 3030; x_wconf 92' lang='lat' dir='ltr'>con·</span> 
     </span>
     <span class='ocr_line' id='line_1_31' title="bbox 129 3044 2123 3133; baseline 0.001 -20"><span class='ocrx_word' id='word_1_414' title='bbox 129 3044 267 3130; x_wconf 79' lang='lat' dir='ltr'>superbe</span> <span class='ocrx_word' id='word_1_415' title='bbox 296 3045 466 3111; x_wconf 86' lang='lat' dir='ltr'>reiecerint</span> <span class='ocrx_word' id='word_1_416' title='bbox 496 3044 671 3128; x_wconf 90' lang='lat' dir='ltr'>supplices,</span> <span class='ocrx_word' id='word_1_417' title='bbox 705 3046 815 3113; x_wconf 93' lang='lat' dir='ltr'>Deum</span> <span class='ocrx_word' id='word_1_418' title='bbox 845 3050 945 3115; x_wconf 86' lang='lat' dir='ltr'>etiam</span> <span class='ocrx_word' id='word_1_419' title='bbox 973 3048 1013 3115; x_wconf 88' lang='lat' dir='ltr'>ad</span> <span class='ocrx_word' id='word_1_420' title='bbox 1042 3071 1102 3114; x_wconf 86' lang='lat' dir='ltr'>sna</span> <span class='ocrx_word' id='word_1_421' title='bbox 1155 3058 1268 3115; x_wconf 87' lang='lat' dir='ltr'>textus</span> <span class='ocrx_word' id='word_1_422' title='bbox 1308 3049 1431 3133; x_wconf 92' lang='lat' dir='ltr'>optime</span> <span class='ocrx_word' id='word_1_423' title='bbox 1469 3048 1642 3111; x_wconf 88' lang='lat' dir='ltr'>confirmat</span> <span class='ocrx_word' id='word_1_424' title='bbox 1673 3045 1758 3127; x_wconf 91' lang='lat' dir='ltr'>quod</span> <span class='ocrx_word' id='word_1_425' title='bbox 1792 3065 1880 3110; x_wconf 91' lang='lat' dir='ltr'>nune</span> <span class='ocrx_word' id='word_1_426' title='bbox 1912 3048 2017 3132; x_wconf 82' lang='lat' dir='ltr'>attigi,</span> <span class='ocrx_word' id='word_1_427' title='bbox 2058 3071 2123 3115; x_wconf 92' lang='lat' dir='ltr'>non</span> 
     </span>
     <span class='ocr_line' id='line_1_32' title="bbox 129 3129 2124 3216; baseline 0.001 -17"><span class='ocrx_word' id='word_1_428' title='bbox 129 3147 205 3199; x_wconf 92' lang='lat' dir='ltr'>vota</span> <span class='ocrx_word' id='word_1_429' title='bbox 219 3130 357 3196; x_wconf 89' lang='lat' dir='ltr'>surdum</span> <span class='ocrx_word' id='word_1_430' title='bbox 368 3152 529 3197; x_wconf 87' lang='lat' dir='ltr'>sensuros.</span> <span class='ocrx_word' id='word_1_431' title='bbox 553 3130 709 3199; x_wconf 87' lang='lat' dir='ltr'>Proximo</span> <span class='ocrx_word' id='word_1_432' title='bbox 720 3134 818 3198; x_wconf 91' lang='lat' dir='ltr'>etiam</span> <span class='ocrx_word' id='word_1_433' title='bbox 832 3157 926 3201; x_wconf 85' lang='lat' dir='ltr'>versu</span> <span class='ocrx_word' id='word_1_434' title='bbox 940 3134 1100 3213; x_wconf 91' lang='lat' dir='ltr'>decemur,</span> <span class='ocrx_word' id='word_1_435' title='bbox 1154 3135 1310 3215; x_wconf 77' lang='lat' dir='ltr'>restringi</span> <span class='ocrx_word' id='word_1_436' title='bbox 1340 3131 1561 3197; x_wconf 88' lang='lat' dir='ltr'>narrationem</span> <span class='ocrx_word' id='word_1_437' title='bbox 1592 3131 1676 3195; x_wconf 93' lang='lat' dir='ltr'>hanc</span> <span class='ocrx_word' id='word_1_438' title='bbox 1705 3132 1745 3193; x_wconf 91' lang='lat' dir='ltr'>ad</span> <span class='ocrx_word' id='word_1_439' title='bbox 1775 3129 1914 3196; x_wconf 79' lang='lat' dir='ltr'>Desidia</span> <span class='ocrx_word' id='word_1_440' title='bbox 1943 3154 2124 3216; x_wconf 91' lang='lat' dir='ltr'>pereouem,</span> 
     </span>
     <span class='ocr_line' id='line_1_33' title="bbox 130 3215 2124 3304; baseline 0.002 -21"><span class='ocrx_word' id='word_1_441' title='bbox 130 3237 300 3304; x_wconf 88' lang='lat' dir='ltr'>postquam</span> <span class='ocrx_word' id='word_1_442' title='bbox 322 3217 439 3302; x_wconf 88' lang='lat' dir='ltr'>impios</span> <span class='ocrx_word' id='word_1_443' title='bbox 460 3217 553 3282; x_wconf 92' lang='lat' dir='ltr'>Deus</span> <span class='ocrx_word' id='word_1_444' title='bbox 576 3215 700 3295; x_wconf 91' lang='lat' dir='ltr'>abiecit,</span> <span class='ocrx_word' id='word_1_445' title='bbox 726 3221 884 3303; x_wconf 90' lang='lat' dir='ltr'>proiioere</span> <span class='ocrx_word' id='word_1_446' title='bbox 906 3220 946 3286; x_wconf 90' lang='lat' dir='ltr'>ad</span> <span class='ocrx_word' id='word_1_447' title='bbox 969 3242 1099 3287; x_wconf 91' lang='lat' dir='ltr'>omnem</span> <span class='ocrx_word' id='word_1_448' title='bbox 1154 3220 1211 3286; x_wconf 89' lang='lat' dir='ltr'>sed</span> <span class='ocrx_word' id='word_1_449' title='bbox 1233 3220 1423 3285; x_wconf 89' lang='lat' dir='ltr'>vaticinium</span> <span class='ocrx_word' id='word_1_450' title='bbox 1446 3238 1516 3282; x_wconf 90' lang='lat' dir='ltr'>esse</span> <span class='ocrx_word' id='word_1_451' title='bbox 1539 3216 1579 3280; x_wconf 89' lang='lat' dir='ltr'>de</span> <span class='ocrx_word' id='word_1_452' title='bbox 1600 3216 1710 3279; x_wconf 85' lang='lat' dir='ltr'>lntnro</span> <span class='ocrx_word' id='word_1_453' title='bbox 1722 3216 1846 3280; x_wconf 87' lang='lat' dir='ltr'>Christi</span> <span class='ocrx_word' id='word_1_454' title='bbox 1868 3238 1981 3301; x_wconf 83' lang='lat' dir='ltr'>regno.</span> <span class='ocrx_word' id='word_1_455' title='bbox 2011 3220 2124 3286; x_wconf 91' lang='lat' dir='ltr'>Potuit</span> 
     </span>
     <span class='ocr_line' id='line_1_34' title="bbox 130 3299 2126 3390; baseline -0.001 -17"><span class='ocrx_word' id='word_1_456' title='bbox 130 3303 368 3383; x_wconf 78' lang='lat' dir='ltr'>contumeliam,</span> <span class='ocrx_word' id='word_1_457' title='bbox 386 3319 421 3371; x_wconf 91' lang='lat' dir='ltr'>et</span> <span class='ocrx_word' id='word_1_458' title='bbox 436 3307 541 3370; x_wconf 87' lang='lat' dir='ltr'>instar</span> <span class='ocrx_word' id='word_1_459' title='bbox 559 3303 620 3366; x_wconf 89' lang='lat' dir='ltr'>luti</span> <span class='ocrx_word' id='word_1_460' title='bbox 637 3303 808 3371; x_wconf 90' lang='lat' dir='ltr'>calcandos</span> <span class='ocrx_word' id='word_1_461' title='bbox 826 3308 964 3373; x_wconf 92' lang='lat' dir='ltr'>tradere.</span> <span class='ocrx_word' id='word_1_462' title='bbox 987 3306 1101 3390; x_wconf 87' lang='lat' dir='ltr'>Neque</span> <span class='ocrx_word' id='word_1_463' title='bbox 1153 3305 1282 3388; x_wconf 89' lang='lat' dir='ltr'>quidem</span> <span class='ocrx_word' id='word_1_464' title='bbox 1313 3305 1446 3388; x_wconf 81' lang='lat' dir='ltr'>gloriari</span> <span class='ocrx_word' id='word_1_465' title='bbox 1478 3299 1596 3378; x_wconf 88' lang='lat' dir='ltr'>David,</span> <span class='ocrx_word' id='word_1_466' title='bbox 1627 3301 1764 3384; x_wconf 89' lang='lat' dir='ltr'>populos</span> <span class='ocrx_word' id='word_1_467' title='bbox 1793 3320 1932 3383; x_wconf 90' lang='lat' dir='ltr'>quornm</span> <span class='ocrx_word' id='word_1_468' title='bbox 1963 3325 2070 3370; x_wconf 91' lang='lat' dir='ltr'>mores</span> <span class='ocrx_word' id='word_1_469' title='bbox 2092 3320 2126 3371; x_wconf 93' lang='lat' dir='ltr'>et</span> 
     </span>
     <span class='ocr_line' id='line_1_35' title="bbox 130 3387 2122 3473; baseline -0.001 -12"><span class='ocrx_word' id='word_1_470' title='bbox 130 3392 215 3461; x_wconf 93' lang='lat' dir='ltr'>enim</span> <span class='ocrx_word' id='word_1_471' title='bbox 256 3401 384 3456; x_wconf 88' lang='lat' dir='ltr'>tantum</span> <span class='ocrx_word' id='word_1_472' title='bbox 423 3390 612 3467; x_wconf 89' lang='lat' dir='ltr'>denuntiat,</span> <span class='ocrx_word' id='word_1_473' title='bbox 652 3391 801 3472; x_wconf 91' lang='lat' dir='ltr'>superbis</span> <span class='ocrx_word' id='word_1_474' title='bbox 842 3404 874 3457; x_wconf 85' lang='lat' dir='ltr'>et</span> <span class='ocrx_word' id='word_1_475' title='bbox 914 3393 1100 3459; x_wconf 89' lang='lat' dir='ltr'>crudelibus</span> <span class='ocrx_word' id='word_1_476' title='bbox 1151 3394 1185 3455; x_wconf 93' lang='lat' dir='ltr'>in</span> <span class='ocrx_word' id='word_1_477' title='bbox 1210 3393 1284 3456; x_wconf 90' lang='lat' dir='ltr'>enia</span> <span class='ocrx_word' id='word_1_478' title='bbox 1306 3412 1369 3456; x_wconf 92' lang='lat' dir='ltr'>non</span> <span class='ocrx_word' id='word_1_479' title='bbox 1394 3391 1524 3473; x_wconf 89' lang='lat' dir='ltr'>penitus</span> <span class='ocrx_word' id='word_1_480' title='bbox 1554 3401 1699 3466; x_wconf 89' lang='lat' dir='ltr'>noverat,</span> <span class='ocrx_word' id='word_1_481' title='bbox 1731 3387 1793 3452; x_wconf 90' lang='lat' dir='ltr'>sibi</span> <span class='ocrx_word' id='word_1_482' title='bbox 1824 3389 1922 3453; x_wconf 87' lang='lat' dir='ltr'>luisse</span> <span class='ocrx_word' id='word_1_483' title='bbox 1944 3389 2122 3459; x_wconf 89' lang='lat' dir='ltr'>subiectos:</span> 
     </span>
     <span class='ocr_line' id='line_1_36' title="bbox 129 3414 2130 3560; baseline -0.004 -14"><span class='ocrx_word' id='word_1_484' title='bbox 129 3481 254 3547; x_wconf 88' lang='lat' dir='ltr'>clausae</span> <span class='ocrx_word' id='word_1_485' title='bbox 275 3479 345 3543; x_wconf 84' lang='lat' dir='ltr'>iore</span> <span class='ocrx_word' id='word_1_486' title='bbox 367 3498 443 3544; x_wconf 91' lang='lat' dir='ltr'>snae</span> <span class='ocrx_word' id='word_1_487' title='bbox 465 3496 571 3550; x_wconf 88' lang='lat' dir='ltr'>aures,</span> <span class='ocrx_word' id='word_1_488' title='bbox 600 3474 657 3538; x_wconf 88' lang='lat' dir='ltr'>sed</span> <span class='ocrx_word' id='word_1_489' title='bbox 685 3480 832 3542; x_wconf 87' lang='lat' dir='ltr'>minatur</span> <span class='ocrx_word' id='word_1_490' title='bbox 853 3478 952 3542; x_wconf 90' lang='lat' dir='ltr'>etiam</span> <span class='ocrx_word' id='word_1_491' title='bbox 976 3501 1011 3544; x_wconf 91' lang='lat' dir='ltr'>so</span> <span class='ocrx_word' id='word_1_492' title='bbox 1033 3479 1099 3545; x_wconf 84' lang='lat' dir='ltr'>fac·</span> <span class='ocrx_word' id='word_1_493' title='bbox 1151 3414 1210 3542; x_wconf 76' lang='lat' dir='ltr'>sed</span> <span class='ocrx_word' id='word_1_494' title='bbox 1241 3497 1450 3560; x_wconf 91' lang='lat' dir='ltr'>quoscunque</span> <span class='ocrx_word' id='word_1_495' title='bbox 1472 3473 1602 3551; x_wconf 88' lang='lat' dir='ltr'>devicit,</span> <span class='ocrx_word' id='word_1_496' title='bbox 1631 3494 1696 3536; x_wconf 93' lang='lat' dir='ltr'>non</span> <span class='ocrx_word' id='word_1_497' title='bbox 1720 3473 1818 3539; x_wconf 84' lang='lat' dir='ltr'>luisse</span> <span class='ocrx_word' id='word_1_498' title='bbox 1840 3475 1893 3539; x_wconf 86' lang='lat' dir='ltr'>vel</span> <span class='ocrx_word' id='word_1_499' title='bbox 1916 3496 2049 3558; x_wconf 88' lang='lat' dir='ltr'>prorsus</span> <span class='ocrx_word' id='word_1_500' title='bbox 2070 3478 2130 3543; x_wconf 76' lang='lat' dir='ltr'>in-,</span> 
     </span>
     <span class='ocr_line' id='line_1_37' title="bbox 129 3558 2121 3647; baseline -0.003 -14"><span class='ocrx_word' id='word_1_501' title='bbox 129 3583 237 3633; x_wconf 88' lang='lat' dir='ltr'>turum</span> <span class='ocrx_word' id='word_1_502' title='bbox 262 3581 298 3630; x_wconf 92' lang='lat' dir='ltr'>ut</span> <span class='ocrx_word' id='word_1_503' title='bbox 321 3562 501 3629; x_wconf 93' lang='lat' dir='ltr'>mercedem</span> <span class='ocrx_word' id='word_1_504' title='bbox 524 3560 636 3626; x_wconf 89' lang='lat' dir='ltr'>eadem</span> <span class='ocrx_word' id='word_1_505' title='bbox 660 3583 814 3628; x_wconf 88' lang='lat' dir='ltr'>mensura</span> <span class='ocrx_word' id='word_1_506' title='bbox 836 3567 1002 3645; x_wconf 89' lang='lat' dir='ltr'>recipiant.</span> <span class='ocrx_word' id='word_1_507' title='bbox 1151 3564 1306 3647; x_wconf 80' lang='lat' dir='ltr'>cognitos,</span> <span class='ocrx_word' id='word_1_508' title='bbox 1326 3563 1377 3627; x_wconf 88' lang='lat' dir='ltr'>vel</span> <span class='ocrx_word' id='word_1_509' title='bbox 1400 3576 1466 3626; x_wconf 90' lang='lat' dir='ltr'>tam</span> <span class='ocrx_word' id='word_1_510' title='bbox 1490 3560 1601 3644; x_wconf 89' lang='lat' dir='ltr'>procul</span> <span class='ocrx_word' id='word_1_511' title='bbox 1619 3558 1760 3643; x_wconf 88' lang='lat' dir='ltr'>dissitos,</span> <span class='ocrx_word' id='word_1_512' title='bbox 1781 3571 1905 3626; x_wconf 90' lang='lat' dir='ltr'>certum</span> <span class='ocrx_word' id='word_1_513' title='bbox 1924 3575 1983 3627; x_wconf 84' lang='lat' dir='ltr'>est.</span> <span class='ocrx_word' id='word_1_514' title='bbox 2010 3562 2121 3643; x_wconf 80' lang='lat' dir='ltr'>Quare</span> 
     </span>
     <span class='ocr_line' id='line_1_38' title="bbox 211 3645 2122 3737; baseline -0.001 -21"><span class='ocrx_word' id='word_1_515' title='bbox 211 3653 264 3717; x_wconf 84' lang='lat'>44.</span> <span class='ocrx_word' id='word_1_516' title='bbox 293 3649 370 3737; x_wconf 68' lang='lat' dir='ltr'>(Eri</span> <span class='ocrx_word' id='word_1_517' title='bbox 394 3650 436 3715; x_wconf 83' lang='lat' dir='ltr'>ies</span> <span class='ocrx_word' id='word_1_518' title='bbox 467 3669 516 3714; x_wconf 85' lang='lat' dir='ltr'>ma</span> <span class='ocrx_word' id='word_1_519' title='bbox 547 3665 564 3710; x_wconf 86' lang='lat' dir='ltr'>e</span> <span class='ocrx_word' id='word_1_520' title='bbox 595 3648 857 3735; x_wconf 65' lang='lat' dir='ltr'>ermioniae.)</span> <span class='ocrx_word' id='word_1_521' title='bbox 902 3648 1099 3716; x_wconf 89' lang='lat' dir='ltr'>Summatim</span> <span class='ocrx_word' id='word_1_522' title='bbox 1151 3660 1230 3714; x_wconf 92' lang='lat' dir='ltr'>tuno</span> <span class='ocrx_word' id='word_1_523' title='bbox 1258 3650 1351 3714; x_wconf 89' lang='lat' dir='ltr'>Dens</span> <span class='ocrx_word' id='word_1_524' title='bbox 1380 3648 1508 3713; x_wconf 90' lang='lat' dir='ltr'>nonnisi</span> <span class='ocrx_word' id='word_1_525' title='bbox 1538 3645 1599 3711; x_wconf 91' lang='lat' dir='ltr'>snb</span> <span class='ocrx_word' id='word_1_526' title='bbox 1630 3647 1769 3710; x_wconf 87' lang='lat' dir='ltr'>obscura</span> <span class='ocrx_word' id='word_1_527' title='bbox 1801 3649 1915 3713; x_wconf 89' lang='lat' dir='ltr'>umbra</span> <span class='ocrx_word' id='word_1_528' title='bbox 1943 3647 2122 3715; x_wconf 87' lang='lat' dir='ltr'>delineavit</span> 
     </span>
     <span class='ocr_line' id='line_1_39' title="bbox 128 3673 2120 3824; baseline -0.002 -20"><span class='ocrx_word' id='word_1_529' title='bbox 128 3739 253 3824; x_wconf 80' lang='lat' dir='ltr'>colligit</span> <span class='ocrx_word' id='word_1_530' title='bbox 274 3673 391 3803; x_wconf 77' lang='lat' dir='ltr'>David</span> <span class='ocrx_word' id='word_1_531' title='bbox 407 3757 443 3800; x_wconf 89' lang='lat' dir='ltr'>se</span> <span class='ocrx_word' id='word_1_532' title='bbox 465 3734 530 3800; x_wconf 91' lang='lat' dir='ltr'>Dei</span> <span class='ocrx_word' id='word_1_533' title='bbox 552 3733 712 3799; x_wconf 87' lang='lat' dir='ltr'>auxilinm</span> <span class='ocrx_word' id='word_1_534' title='bbox 742 3735 846 3800; x_wconf 90' lang='lat' dir='ltr'>modis</span> <span class='ocrx_word' id='word_1_535' title='bbox 871 3737 1021 3802; x_wconf 89' lang='lat' dir='ltr'>omnibus</span> <span class='ocrx_word' id='word_1_536' title='bbox 1043 3760 1099 3813; x_wconf 76' lang='lat' dir='ltr'>er·</span> <span class='ocrx_word' id='word_1_537' title='bbox 1151 3737 1347 3800; x_wconf 87' lang='lat' dir='ltr'>immensum</span> <span class='ocrx_word' id='word_1_538' title='bbox 1378 3735 1455 3798; x_wconf 80' lang='lat' dir='ltr'>Ililii</span> <span class='ocrx_word' id='word_1_539' title='bbox 1486 3734 1536 3795; x_wconf 88' lang='lat' dir='ltr'>sui</span> <span class='ocrx_word' id='word_1_540' title='bbox 1567 3751 1717 3814; x_wconf 86' lang='lat' dir='ltr'>regnum,</span> <span class='ocrx_word' id='word_1_541' title='bbox 1747 3731 1840 3795; x_wconf 88' lang='lat' dir='ltr'>cuine</span> <span class='ocrx_word' id='word_1_542' title='bbox 1870 3734 2050 3814; x_wconf 90' lang='lat' dir='ltr'>amplitudo</span> <span class='ocrx_word' id='word_1_543' title='bbox 2079 3738 2120 3801; x_wconf 89' lang='lat' dir='ltr'>ab</span> 
     </span>
     <span class='ocr_line' id='line_1_40' title="bbox 128 3817 2121 3909; baseline -0.003 -19"><span class='ocrx_word' id='word_1_544' title='bbox 128 3838 257 3909; x_wconf 91' lang='lat' dir='ltr'>pertum</span> <span class='ocrx_word' id='word_1_545' title='bbox 281 3840 368 3888; x_wconf 89' lang='lat' dir='ltr'>esse:</span> <span class='ocrx_word' id='word_1_546' title='bbox 400 3841 476 3885; x_wconf 92' lang='lat' dir='ltr'>nam</span> <span class='ocrx_word' id='word_1_547' title='bbox 499 3834 532 3887; x_wconf 89' lang='lat' dir='ltr'>et</span> <span class='ocrx_word' id='word_1_548' title='bbox 553 3838 709 3901; x_wconf 83' lang='lat' dir='ltr'>magnum</span> <span class='ocrx_word' id='word_1_549' title='bbox 732 3823 761 3883; x_wconf 92' lang='lat' dir='ltr'>ei</span> <span class='ocrx_word' id='word_1_550' title='bbox 785 3820 958 3887; x_wconf 77' lang='lat' dir='ltr'>discrimen</span> <span class='ocrx_word' id='word_1_551' title='bbox 982 3843 1022 3887; x_wconf 84' lang='lat' dir='ltr'>ex</span> <span class='ocrx_word' id='word_1_552' title='bbox 1043 3823 1100 3888; x_wconf 93' lang='lat' dir='ltr'>dc·</span> <span class='ocrx_word' id='word_1_553' title='bbox 1150 3821 1426 3902; x_wconf 87' lang='lat' dir='ltr'>ortnsolisnsque</span> <span class='ocrx_word' id='word_1_554' title='bbox 1441 3817 1482 3881; x_wconf 91' lang='lat' dir='ltr'>ad</span> <span class='ocrx_word' id='word_1_555' title='bbox 1499 3835 1648 3881; x_wconf 86' lang='lat' dir='ltr'>occasum</span> <span class='ocrx_word' id='word_1_556' title='bbox 1666 3828 1765 3899; x_wconf 88' lang='lat' dir='ltr'>patet,</span> <span class='ocrx_word' id='word_1_557' title='bbox 1784 3829 1950 3897; x_wconf 87' lang='lat' dir='ltr'>totumque</span> <span class='ocrx_word' id='word_1_558' title='bbox 1963 3824 2121 3886; x_wconf 91' lang='lat' dir='ltr'>mundum</span> 
     </span>
     <span class='ocr_line' id='line_1_41' title="bbox 129 3902 2119 3989; baseline -0.002 -14"><span class='ocrx_word' id='word_1_559' title='bbox 129 3911 271 3976; x_wconf 86' lang='lat' dir='ltr'>mesticis</span> <span class='ocrx_word' id='word_1_560' title='bbox 304 3907 408 3973; x_wconf 87' lang='lat' dir='ltr'>turbis</span> <span class='ocrx_word' id='word_1_561' title='bbox 441 3906 602 3983; x_wconf 87' lang='lat' dir='ltr'>instabat,</span> <span class='ocrx_word' id='word_1_562' title='bbox 643 3905 707 3970; x_wconf 92' lang='lat' dir='ltr'>nisi</span> <span class='ocrx_word' id='word_1_563' title='bbox 741 3906 935 3973; x_wconf 89' lang='lat' dir='ltr'>mirabiliter</span> <span class='ocrx_word' id='word_1_564' title='bbox 968 3908 1100 3973; x_wconf 84' lang='lat' dir='ltr'>sedatae</span> <span class='ocrx_word' id='word_1_565' title='bbox 1151 3917 1298 3989; x_wconf 89' lang='lat' dir='ltr'>occupat.</span> <span class='ocrx_word' id='word_1_566' title='bbox 1332 3906 1456 3969; x_wconf 81' lang='lat' dir='ltr'>Eodem</span> <span class='ocrx_word' id='word_1_567' title='bbox 1475 3904 1573 3967; x_wconf 91' lang='lat' dir='ltr'>etiam</span> <span class='ocrx_word' id='word_1_568' title='bbox 1592 3903 1668 3965; x_wconf 84' lang='lat' dir='ltr'>lacit</span> <span class='ocrx_word' id='word_1_569' title='bbox 1685 3902 1769 3982; x_wconf 92' lang='lat' dir='ltr'>qnod</span> <span class='ocrx_word' id='word_1_570' title='bbox 1789 3905 1936 3985; x_wconf 86' lang='lat' dir='ltr'>proximo</span> <span class='ocrx_word' id='word_1_571' title='bbox 1955 3907 2119 3987; x_wconf 88' lang='lat' dir='ltr'>sequitur:</span> 
     </span>
     <span class='ocr_line' id='line_1_42' title="bbox 129 3987 2120 4076; baseline -0.002 -15"><span class='ocrx_word' id='word_1_572' title='bbox 129 4007 246 4071; x_wconf 87' lang='lat' dir='ltr'>essent,</span> <span class='ocrx_word' id='word_1_573' title='bbox 269 3995 387 4060; x_wconf 88' lang='lat' dir='ltr'>ferocia</span> <span class='ocrx_word' id='word_1_574' title='bbox 409 3993 520 4076; x_wconf 91' lang='lat' dir='ltr'>populi</span> <span class='ocrx_word' id='word_1_575' title='bbox 540 3994 573 4056; x_wconf 90' lang='lat' dir='ltr'>iu</span> <span class='ocrx_word' id='word_1_576' title='bbox 591 3991 739 4055; x_wconf 93' lang='lat' dir='ltr'>ordinem</span> <span class='ocrx_word' id='word_1_577' title='bbox 757 4006 877 4058; x_wconf 89' lang='lat' dir='ltr'>coactu.</span> <span class='ocrx_word' id='word_1_578' title='bbox 906 3993 980 4059; x_wconf 89' lang='lat' dir='ltr'>Hoc</span> <span class='ocrx_word' id='word_1_579' title='bbox 1001 3997 1099 4059; x_wconf 92' lang='lat' dir='ltr'>etiam</span> <span class='ocrx_word' id='word_1_580' title='bbox 1150 3992 1204 4057; x_wconf 74' lang='lat' dir='ltr'>Aa</span> <span class='ocrx_word' id='word_1_581' title='bbox 1235 3993 1336 4057; x_wconf 82' lang='lat' dir='ltr'>eclam</span> <span class='ocrx_word' id='word_1_582' title='bbox 1366 3991 1488 4073; x_wconf 72' lang='lat' dir='ltr'>somam</span> <span class='ocrx_word' id='word_1_583' title='bbox 1515 3988 1651 4050; x_wconf 69' lang='lat' dir='ltr'>obediero</span> <span class='ocrx_word' id='word_1_584' title='bbox 1679 3987 1767 4066; x_wconf 81' lang='lat' dir='ltr'>milri,</span> <span class='ocrx_word' id='word_1_585' title='bbox 1801 4009 1877 4052; x_wconf 92' lang='lat' dir='ltr'>nam</span> <span class='ocrx_word' id='word_1_586' title='bbox 1907 3992 1969 4055; x_wconf 86' lang='lat' dir='ltr'>etsi</span> <span class='ocrx_word' id='word_1_587' title='bbox 2000 4012 2120 4057; x_wconf 91' lang='lat' dir='ltr'>nomen</span> 
     </span>
     <span class='ocr_line' id='line_1_43' title="bbox 130 4072 2121 4163; baseline -0.003 -15"><span class='ocrx_word' id='word_1_588' title='bbox 130 4080 310 4149; x_wconf 90' lang='lat' dir='ltr'>secundnm</span> <span class='ocrx_word' id='word_1_589' title='bbox 333 4092 462 4163; x_wconf 85' lang='lat' dir='ltr'>praeter</span> <span class='ocrx_word' id='word_1_590' title='bbox 483 4097 690 4143; x_wconf 89' lang='lat' dir='ltr'>communem</span> <span class='ocrx_word' id='word_1_591' title='bbox 711 4079 896 4160; x_wconf 90' lang='lat' dir='ltr'>opinionem</span> <span class='ocrx_word' id='word_1_592' title='bbox 916 4079 1041 4159; x_wconf 88' lang='lat' dir='ltr'>accidit,</span> <span class='ocrx_word' id='word_1_593' title='bbox 1064 4092 1100 4145; x_wconf 91' lang='lat' dir='ltr'>ut</span> <span class='ocrx_word' id='word_1_594' title='bbox 1151 4078 1230 4143; x_wconf 88' lang='lat' dir='ltr'>adeo</span> <span class='ocrx_word' id='word_1_595' title='bbox 1258 4078 1383 4142; x_wconf 90' lang='lat' dir='ltr'>celebre</span> <span class='ocrx_word' id='word_1_596' title='bbox 1411 4075 1473 4142; x_wconf 92' lang='lat' dir='ltr'>sihi</span> <span class='ocrx_word' id='word_1_597' title='bbox 1502 4072 1730 4138; x_wconf 90' lang='lat' dir='ltr'>conciliaverat</span> <span class='ocrx_word' id='word_1_598' title='bbox 1757 4072 1866 4138; x_wconf 90' lang='lat' dir='ltr'>David</span> <span class='ocrx_word' id='word_1_599' title='bbox 1895 4099 1934 4139; x_wconf 87' lang='lat' dir='ltr'>ex</span> <span class='ocrx_word' id='word_1_600' title='bbox 1967 4078 2121 4155; x_wconf 89' lang='lat' dir='ltr'>victoriis,</span> 
     </span>
     <span class='ocr_line' id='line_1_44' title="bbox 132 4159 2121 4252; baseline -0.002 -21"><span class='ocrx_word' id='word_1_601' title='bbox 132 4169 226 4252; x_wconf 80' lang='lat' dir='ltr'>longe</span> <span class='ocrx_word' id='word_1_602' title='bbox 261 4168 389 4249; x_wconf 88' lang='lat' dir='ltr'>lateque</span> <span class='ocrx_word' id='word_1_603' title='bbox 427 4166 529 4230; x_wconf 89' lang='lat' dir='ltr'>victor</span> <span class='ocrx_word' id='word_1_604' title='bbox 573 4174 687 4247; x_wconf 80' lang='lat' dir='ltr'>gentes</span> <span class='ocrx_word' id='word_1_605' title='bbox 724 4163 847 4229; x_wconf 88' lang='lat' dir='ltr'>vicinas</span> <span class='ocrx_word' id='word_1_606' title='bbox 887 4176 1100 4247; x_wconf 84' lang='lat' dir='ltr'>posteruerat,</span> <span class='ocrx_word' id='word_1_607' title='bbox 1151 4175 1188 4229; x_wconf 91' lang='lat' dir='ltr'>nt</span> <span class='ocrx_word' id='word_1_608' title='bbox 1216 4164 1310 4227; x_wconf 87' lang='lat' dir='ltr'>multi</span> <span class='ocrx_word' id='word_1_609' title='bbox 1338 4166 1437 4227; x_wconf 90' lang='lat' dir='ltr'>armis</span> <span class='ocrx_word' id='word_1_610' title='bbox 1468 4159 1623 4242; x_wconf 89' lang='lat' dir='ltr'>depositis</span> <span class='ocrx_word' id='word_1_611' title='bbox 1652 4160 1738 4223; x_wconf 91' lang='lat' dir='ltr'>ultro</span> <span class='ocrx_word' id='word_1_612' title='bbox 1763 4159 1803 4222; x_wconf 92' lang='lat' dir='ltr'>ad</span> <span class='ocrx_word' id='word_1_613' title='bbox 1838 4160 2035 4228; x_wconf 91' lang='lat' dir='ltr'>deditionem</span> <span class='ocrx_word' id='word_1_614' title='bbox 2065 4162 2121 4228; x_wconf 90' lang='lat' dir='ltr'>de·</span> 
     </span>
     <span class='ocr_line' id='line_1_45' title="bbox 131 4247 2122 4338; baseline -0.003 -19"><span class='ocrx_word' id='word_1_615' title='bbox 131 4276 212 4338; x_wconf 88' lang='lat' dir='ltr'>quae</span> <span class='ocrx_word' id='word_1_616' title='bbox 242 4273 348 4335; x_wconf 89' lang='lat' dir='ltr'>nuper</span> <span class='ocrx_word' id='word_1_617' title='bbox 376 4258 481 4315; x_wconf 88' lang='lat' dir='ltr'>totum</span> <span class='ocrx_word' id='word_1_618' title='bbox 511 4252 577 4314; x_wconf 86' lang='lat' dir='ltr'>lere</span> <span class='ocrx_word' id='word_1_619' title='bbox 607 4247 762 4313; x_wconf 82' lang='lat' dir='ltr'>Israelem</span> <span class='ocrx_word' id='word_1_620' title='bbox 793 4251 969 4333; x_wconf 81' lang='lat' dir='ltr'>fregerant.</span> <span class='ocrx_word' id='word_1_621' title='bbox 1020 4252 1100 4316; x_wconf 82' lang='lat' dir='ltr'>Fuit</span> <span class='ocrx_word' id='word_1_622' title='bbox 1151 4249 1362 4314; x_wconf 84' lang='lat' dir='ltr'>scanderent:</span> <span class='ocrx_word' id='word_1_623' title='bbox 1386 4249 1463 4331; x_wconf 88' lang='lat' dir='ltr'>qnia</span> <span class='ocrx_word' id='word_1_624' title='bbox 1485 4263 1593 4309; x_wconf 88' lang='lat' dir='ltr'>tamen</span> <span class='ocrx_word' id='word_1_625' title='bbox 1614 4265 1781 4309; x_wconf 90' lang='lat' dir='ltr'>armorum</span> <span class='ocrx_word' id='word_1_626' title='bbox 1804 4249 1950 4328; x_wconf 89' lang='lat' dir='ltr'>potentia</span> <span class='ocrx_word' id='word_1_627' title='bbox 1972 4250 2018 4313; x_wconf 93' lang='lat' dir='ltr'>illi</span> <span class='ocrx_word' id='word_1_628' title='bbox 2042 4270 2122 4332; x_wconf 92' lang='lat' dir='ltr'>quo·</span> 
     </span>
     <span class='ocr_line' id='line_1_46' title="bbox 131 4330 2120 4417; baseline -0.002 -14"><span class='ocrx_word' id='word_1_629' title='bbox 131 4341 216 4404; x_wconf 86' lang='lat' dir='ltr'>enim</span> <span class='ocrx_word' id='word_1_630' title='bbox 246 4338 304 4403; x_wconf 89' lang='lat' dir='ltr'>illa</span> <span class='ocrx_word' id='word_1_631' title='bbox 335 4335 536 4402; x_wconf 92' lang='lat' dir='ltr'>incredibilis</span> <span class='ocrx_word' id='word_1_632' title='bbox 568 4337 754 4399; x_wconf 88' lang='lat' dir='ltr'>renovatio:</span> <span class='ocrx_word' id='word_1_633' title='bbox 788 4336 871 4417; x_wconf 91' lang='lat' dir='ltr'>qnod</span> <span class='ocrx_word' id='word_1_634' title='bbox 905 4357 970 4400; x_wconf 92' lang='lat' dir='ltr'>non</span> <span class='ocrx_word' id='word_1_635' title='bbox 1004 4336 1100 4402; x_wconf 89' lang='lat' dir='ltr'>modo</span> <span class='ocrx_word' id='word_1_636' title='bbox 1150 4355 1212 4417; x_wconf 89' lang='lat' dir='ltr'>qne</span> <span class='ocrx_word' id='word_1_637' title='bbox 1234 4336 1327 4399; x_wconf 84' lang='lat' dir='ltr'>fracti</span> <span class='ocrx_word' id='word_1_638' title='bbox 1348 4336 1494 4413; x_wconf 90' lang='lat' dir='ltr'>fuerunt,</span> <span class='ocrx_word' id='word_1_639' title='bbox 1520 4352 1616 4413; x_wconf 91' lang='lat' dir='ltr'>qnam</span> <span class='ocrx_word' id='word_1_640' title='bbox 1639 4330 1699 4395; x_wconf 89' lang='lat' dir='ltr'>suh</span> <span class='ocrx_word' id='word_1_641' title='bbox 1721 4331 1822 4397; x_wconf 88' lang='lat' dir='ltr'>oculis</span> <span class='ocrx_word' id='word_1_642' title='bbox 1843 4333 1988 4415; x_wconf 90' lang='lat' dir='ltr'>ipsorum</span> <span class='ocrx_word' id='word_1_643' title='bbox 2012 4336 2120 4399; x_wconf 86' lang='lat' dir='ltr'>infeli·</span> 
     </span>
     <span class='ocr_line' id='line_1_47' title="bbox 132 4417 2120 4510; baseline -0.003 -21"><span class='ocrx_word' id='word_1_644' title='bbox 132 4426 287 4510; x_wconf 91' lang='lat' dir='ltr'>populum</span> <span class='ocrx_word' id='word_1_645' title='bbox 317 4422 409 4489; x_wconf 90' lang='lat' dir='ltr'>clade</span> <span class='ocrx_word' id='word_1_646' title='bbox 432 4422 586 4486; x_wconf 86' lang='lat' dir='ltr'>affectum</span> <span class='ocrx_word' id='word_1_647' title='bbox 608 4419 714 4485; x_wconf 91' lang='lat' dir='ltr'>subito</span> <span class='ocrx_word' id='word_1_648' title='bbox 737 4423 888 4500; x_wconf 89' lang='lat' dir='ltr'>restituit,</span> <span class='ocrx_word' id='word_1_649' title='bbox 917 4422 973 4486; x_wconf 90' lang='lat' dir='ltr'>sed</span> <span class='ocrx_word' id='word_1_650' title='bbox 997 4423 1099 4487; x_wconf 84' lang='lat' dir='ltr'>tribn-</span> <span class='ocrx_word' id='word_1_651' title='bbox 1150 4423 1231 4487; x_wconf 91' lang='lat' dir='ltr'>citer</span> <span class='ocrx_word' id='word_1_652' title='bbox 1253 4422 1380 4503; x_wconf 82' lang='lat' dir='ltr'>experti</span> <span class='ocrx_word' id='word_1_653' title='bbox 1403 4433 1497 4485; x_wconf 91' lang='lat' dir='ltr'>erant</span> <span class='ocrx_word' id='word_1_654' title='bbox 1518 4417 1627 4493; x_wconf 89' lang='lat' dir='ltr'>vicini,</span> <span class='ocrx_word' id='word_1_655' title='bbox 1655 4418 1784 4500; x_wconf 91' lang='lat' dir='ltr'>proprie</span> <span class='ocrx_word' id='word_1_656' title='bbox 1806 4439 1870 4482; x_wconf 93' lang='lat' dir='ltr'>non</span> <span class='ocrx_word' id='word_1_657' title='bbox 1894 4420 2044 4485; x_wconf 90' lang='lat' dir='ltr'>dicentur</span> <span class='ocrx_word' id='word_1_658' title='bbox 2064 4419 2120 4484; x_wconf 92' lang='lat' dir='ltr'>ob·</span> 
     </span>
     <span class='ocr_line' id='line_1_48' title="bbox 133 4503 2120 4590; baseline -0.003 -15"><span class='ocrx_word' id='word_1_659' title='bbox 133 4513 232 4576; x_wconf 88' lang='lat' dir='ltr'>turios</span> <span class='ocrx_word' id='word_1_660' title='bbox 264 4511 325 4575; x_wconf 90' lang='lat' dir='ltr'>eibi</span> <span class='ocrx_word' id='word_1_661' title='bbox 359 4507 509 4583; x_wconf 86' lang='lat' dir='ltr'>reddidit,</span> <span class='ocrx_word' id='word_1_662' title='bbox 542 4527 562 4571; x_wconf 92' lang='lat' dir='ltr'>a</span> <span class='ocrx_word' id='word_1_663' title='bbox 589 4504 706 4588; x_wconf 88' lang='lat' dir='ltr'>quihus</span> <span class='ocrx_word' id='word_1_664' title='bbox 739 4528 803 4588; x_wconf 84' lang='lat' dir='ltr'>pax</span> <span class='ocrx_word' id='word_1_665' title='bbox 837 4509 1006 4590; x_wconf 90' lang='lat' dir='ltr'>impetrari</span> <span class='ocrx_word' id='word_1_666' title='bbox 1034 4529 1098 4572; x_wconf 94' lang='lat' dir='ltr'>non</span> <span class='ocrx_word' id='word_1_667' title='bbox 1150 4508 1301 4589; x_wconf 89' lang='lat' dir='ltr'>sequium</span> <span class='ocrx_word' id='word_1_668' title='bbox 1324 4506 1529 4589; x_wconf 89' lang='lat' dir='ltr'>praestitisse</span> <span class='ocrx_word' id='word_1_669' title='bbox 1551 4503 1591 4566; x_wconf 92' lang='lat' dir='ltr'>ad</span> <span class='ocrx_word' id='word_1_670' title='bbox 1614 4504 1717 4567; x_wconf 92' lang='lat' dir='ltr'>solam</span> <span class='ocrx_word' id='word_1_671' title='bbox 1740 4504 1870 4570; x_wconf 83' lang='lat' dir='ltr'>lamam.</span> <span class='ocrx_word' id='word_1_672' title='bbox 1916 4506 2036 4570; x_wconf 89' lang='lat' dir='ltr'>Verius</span> <span class='ocrx_word' id='word_1_673' title='bbox 2060 4507 2120 4571; x_wconf 93' lang='lat' dir='ltr'>hoc</span> 
     </span>
     <span class='ocr_line' id='line_1_49' title="bbox 132 4590 2120 4678; baseline -0.004 -17"><span class='ocrx_word' id='word_1_674' title='bbox 132 4607 266 4678; x_wconf 82' lang='lat' dir='ltr'>poterat</span> <span class='ocrx_word' id='word_1_675' title='bbox 319 4595 449 4659; x_wconf 76' lang='lat' dir='ltr'>Fuisset</span> <span class='ocrx_word' id='word_1_676' title='bbox 479 4594 544 4657; x_wconf 90' lang='lat' dir='ltr'>iam</span> <span class='ocrx_word' id='word_1_677' title='bbox 575 4592 636 4656; x_wconf 95' lang='lat' dir='ltr'>hoc</span> <span class='ocrx_word' id='word_1_678' title='bbox 661 4593 874 4674; x_wconf 90' lang='lat' dir='ltr'>praeclarum,</span> <span class='ocrx_word' id='word_1_679' title='bbox 904 4593 932 4658; x_wconf 90' lang='lat' dir='ltr'>si</span> <span class='ocrx_word' id='word_1_680' title='bbox 963 4595 1100 4677; x_wconf 88' lang='lat' dir='ltr'>populns</span> <span class='ocrx_word' id='word_1_681' title='bbox 1150 4593 1185 4656; x_wconf 93' lang='lat' dir='ltr'>in</span> <span class='ocrx_word' id='word_1_682' title='bbox 1198 4591 1368 4657; x_wconf 85' lang='lat' dir='ltr'>Christum</span> <span class='ocrx_word' id='word_1_683' title='bbox 1380 4592 1543 4674; x_wconf 88' lang='lat' dir='ltr'>competit,</span> <span class='ocrx_word' id='word_1_684' title='bbox 1556 4590 1611 4670; x_wconf 91' lang='lat' dir='ltr'>qui</span> <span class='ocrx_word' id='word_1_685' title='bbox 1625 4591 1723 4655; x_wconf 89' lang='lat' dir='ltr'>verbo</span> <span class='ocrx_word' id='word_1_686' title='bbox 1736 4590 1858 4673; x_wconf 84' lang='lat' dir='ltr'>subigit</span> <span class='ocrx_word' id='word_1_687' title='bbox 1869 4591 1930 4654; x_wconf 91' lang='lat' dir='ltr'>sibi</span> <span class='ocrx_word' id='word_1_688' title='bbox 1949 4592 2120 4670; x_wconf 90' lang='lat' dir='ltr'>mnndum,</span> 
     </span>
     <span class='ocr_line' id='line_1_50' title="bbox 132 4675 2120 4764; baseline -0.002 -19"><span class='ocrx_word' id='word_1_689' title='bbox 132 4692 263 4764; x_wconf 88' lang='lat' dir='ltr'>accepta</span> <span class='ocrx_word' id='word_1_690' title='bbox 285 4681 377 4764; x_wconf 80' lang='lat' dir='ltr'>gravi</span> <span class='ocrx_word' id='word_1_691' title='bbox 411 4679 502 4745; x_wconf 90' lang='lat' dir='ltr'>clade</span> <span class='ocrx_word' id='word_1_692' title='bbox 530 4678 703 4743; x_wconf 90' lang='lat' dir='ltr'>incolumis</span> <span class='ocrx_word' id='word_1_693' title='bbox 731 4681 881 4752; x_wconf 88' lang='lat' dir='ltr'>stetisset,</span> <span class='ocrx_word' id='word_1_694' title='bbox 910 4698 947 4743; x_wconf 90' lang='lat' dir='ltr'>ao</span> <span class='ocrx_word' id='word_1_695' title='bbox 976 4679 1100 4745; x_wconf 90' lang='lat' dir='ltr'>viribus</span> <span class='ocrx_word' id='word_1_696' title='bbox 1150 4693 1185 4742; x_wconf 91' lang='lat' dir='ltr'>et</span> <span class='ocrx_word' id='word_1_697' title='bbox 1202 4678 1240 4742; x_wconf 93' lang='lat' dir='ltr'>ad</span> <span class='ocrx_word' id='word_1_698' title='bbox 1260 4678 1364 4743; x_wconf 89' lang='lat' dir='ltr'>solum</span> <span class='ocrx_word' id='word_1_699' title='bbox 1384 4678 1531 4742; x_wconf 91' lang='lat' dir='ltr'>auditum</span> <span class='ocrx_word' id='word_1_700' title='bbox 1550 4675 1728 4759; x_wconf 84' lang='lat' dir='ltr'>morigeros</span> <span class='ocrx_word' id='word_1_701' title='bbox 1745 4676 1806 4739; x_wconf 92' lang='lat' dir='ltr'>sibi</span> <span class='ocrx_word' id='word_1_702' title='bbox 1829 4675 1936 4740; x_wconf 89' lang='lat' dir='ltr'>reddit</span> <span class='ocrx_word' id='word_1_703' title='bbox 1953 4679 2006 4758; x_wconf 90' lang='lat' dir='ltr'>qui</span> <span class='ocrx_word' id='word_1_704' title='bbox 2029 4677 2120 4760; x_wconf 87' lang='lat' dir='ltr'>prius</span> 
     </span>
     <span class='ocr_line' id='line_1_51' title="bbox 131 4761 2119 4846; baseline -0.003 -14"><span class='ocrx_word' id='word_1_705' title='bbox 131 4769 248 4832; x_wconf 91' lang='lat' dir='ltr'>iterum</span> <span class='ocrx_word' id='word_1_706' title='bbox 278 4765 420 4831; x_wconf 89' lang='lat' dir='ltr'>collectis</span> <span class='ocrx_word' id='word_1_707' title='bbox 450 4776 674 4846; x_wconf 86' lang='lat' dir='ltr'>recuperasset</span> <span class='ocrx_word' id='word_1_708' title='bbox 703 4764 843 4845; x_wconf 90' lang='lat' dir='ltr'>priorem</span> <span class='ocrx_word' id='word_1_709' title='bbox 874 4774 1014 4828; x_wconf 89' lang='lat' dir='ltr'>statum:</span> <span class='ocrx_word' id='word_1_710' title='bbox 1043 4765 1099 4830; x_wconf 91' lang='lat' dir='ltr'>sed</span> <span class='ocrx_word' id='word_1_711' title='bbox 1151 4765 1288 4829; x_wconf 89' lang='lat' dir='ltr'>rebelles</span> <span class='ocrx_word' id='word_1_712' title='bbox 1311 4766 1453 4829; x_wconf 84' lang='lat' dir='ltr'>luerent.</span> <span class='ocrx_word' id='word_1_713' title='bbox 1499 4764 1588 4846; x_wconf 83' lang='lat' dir='ltr'>Ergo</span> <span class='ocrx_word' id='word_1_714' title='bbox 1612 4776 1771 4843; x_wconf 89' lang='lat' dir='ltr'>quatenus</span> <span class='ocrx_word' id='word_1_715' title='bbox 1792 4761 1916 4826; x_wconf 80' lang='lat' dir='ltr'>Christi</span> <span class='ocrx_word' id='word_1_716' title='bbox 1946 4783 2119 4844; x_wconf 88' lang='lat' dir='ltr'>personam</span> 
     </span>
     <span class='ocr_line' id='line_1_52' title="bbox 132 4848 2120 4936; baseline -0.002 -19"><span class='ocrx_word' id='word_1_717' title='bbox 132 4854 192 4918; x_wconf 88' lang='lat' dir='ltr'>hoo</span> <span class='ocrx_word' id='word_1_718' title='bbox 210 4853 307 4936; x_wconf 77' lang='lat' dir='ltr'>longe</span> <span class='ocrx_word' id='word_1_719' title='bbox 321 4852 542 4934; x_wconf 88' lang='lat' dir='ltr'>praestantius</span> <span class='ocrx_word' id='word_1_720' title='bbox 558 4848 754 4915; x_wconf 89' lang='lat' dir='ltr'>beneficium</span> <span class='ocrx_word' id='word_1_721' title='bbox 772 4871 814 4914; x_wconf 88' lang='lat' dir='ltr'>ex</span> <span class='ocrx_word' id='word_1_722' title='bbox 833 4852 998 4932; x_wconf 88' lang='lat' dir='ltr'>insperato</span> <span class='ocrx_word' id='word_1_723' title='bbox 1011 4852 1100 4916; x_wconf 90' lang='lat' dir='ltr'>Dens</span> <span class='ocrx_word' id='word_1_724' title='bbox 1151 4851 1306 4914; x_wconf 90' lang='lat' dir='ltr'>sustinuit</span> <span class='ocrx_word' id='word_1_725' title='bbox 1317 4849 1437 4927; x_wconf 89' lang='lat' dir='ltr'>David,</span> <span class='ocrx_word' id='word_1_726' title='bbox 1460 4849 1552 4913; x_wconf 90' lang='lat' dir='ltr'>Dens</span> <span class='ocrx_word' id='word_1_727' title='bbox 1571 4862 1684 4932; x_wconf 86' lang='lat' dir='ltr'>gentes</span> <span class='ocrx_word' id='word_1_728' title='bbox 1702 4859 1851 4924; x_wconf 87' lang='lat' dir='ltr'>remotus,</span> <span class='ocrx_word' id='word_1_729' title='bbox 1870 4860 1904 4911; x_wconf 87' lang='lat' dir='ltr'>et</span> <span class='ocrx_word' id='word_1_730' title='bbox 1926 4868 2008 4930; x_wconf 91' lang='lat' dir='ltr'>quae</span> <span class='ocrx_word' id='word_1_731' title='bbox 2030 4850 2120 4931; x_wconf 91' lang='lat' dir='ltr'>prins</span> 
     </span>
     <span class='ocr_line' id='line_1_53' title="bbox 132 4933 2119 5019; baseline -0.003 -15"><span class='ocrx_word' id='word_1_732' title='bbox 132 4940 286 5017; x_wconf 89' lang='lat' dir='ltr'>contulit,</span> <span class='ocrx_word' id='word_1_733' title='bbox 326 4950 362 5001; x_wconf 92' lang='lat' dir='ltr'>nt</span> <span class='ocrx_word' id='word_1_734' title='bbox 401 4936 567 5019; x_wconf 80' lang='lat' dir='ltr'>subigeret</span> <span class='ocrx_word' id='word_1_735' title='bbox 603 4956 679 5000; x_wconf 89' lang='lat' dir='ltr'>euos</span> <span class='ocrx_word' id='word_1_736' title='bbox 712 4934 860 5001; x_wconf 90' lang='lat' dir='ltr'>victores.</span> <span class='ocrx_word' id='word_1_737' title='bbox 916 4936 1101 5019; x_wconf 90' lang='lat' dir='ltr'>Utrumque</span> <span class='ocrx_word' id='word_1_738' title='bbox 1152 4934 1277 5012; x_wconf 78' lang='lat' dir='ltr'>Israeli,</span> <span class='ocrx_word' id='word_1_739' title='bbox 1313 4934 1419 5017; x_wconf 91' lang='lat' dir='ltr'>quoad</span> <span class='ocrx_word' id='word_1_740' title='bbox 1455 4933 1737 5014; x_wconf 79' lang='lat' dir='ltr'>consuetudinem,</span> <span class='ocrx_word' id='word_1_741' title='bbox 1765 4933 1895 4997; x_wconf 83' lang='lat' dir='ltr'>fuerant</span> <span class='ocrx_word' id='word_1_742' title='bbox 1924 4935 2119 5018; x_wconf 86' lang='lat' dir='ltr'>incognitae,</span> 
     </span>
     <span class='ocr_line' id='line_1_54' title="bbox 133 5016 2118 5104; baseline -0.001 -17"><span class='ocrx_word' id='word_1_743' title='bbox 133 5023 241 5090; x_wconf 90' lang='lat' dir='ltr'>David</span> <span class='ocrx_word' id='word_1_744' title='bbox 270 5035 512 5102; x_wconf 90' lang='lat' dir='ltr'>commemorat,</span> <span class='ocrx_word' id='word_1_745' title='bbox 539 5043 641 5104; x_wconf 90' lang='lat' dir='ltr'>quum</span> <span class='ocrx_word' id='word_1_746' title='bbox 673 5021 928 5086; x_wconf 89' lang='lat' dir='ltr'>tumultuaretur</span> <span class='ocrx_word' id='word_1_747' title='bbox 961 5024 993 5087; x_wconf 90' lang='lat' dir='ltr'>iu</span> <span class='ocrx_word' id='word_1_748' title='bbox 1027 5044 1100 5087; x_wconf 92' lang='lat' dir='ltr'>enm</span> <span class='ocrx_word' id='word_1_749' title='bbox 1152 5023 1221 5087; x_wconf 88' lang='lat' dir='ltr'>eius</span> <span class='ocrx_word' id='word_1_750' title='bbox 1250 5023 1386 5103; x_wconf 89' lang='lat' dir='ltr'>imperio</span> <span class='ocrx_word' id='word_1_751' title='bbox 1415 5021 1561 5087; x_wconf 85' lang='lat' dir='ltr'>subiecit.</span> <span class='ocrx_word' id='word_1_752' title='bbox 1618 5016 1682 5084; x_wconf 82' lang='lat' dir='ltr'>Sed</span> <span class='ocrx_word' id='word_1_753' title='bbox 1713 5020 1774 5083; x_wconf 89' lang='lat' dir='ltr'>luit</span> <span class='ocrx_word' id='word_1_754' title='bbox 1803 5017 1885 5082; x_wconf 90' lang='lat' dir='ltr'>illnd</span> <span class='ocrx_word' id='word_1_755' title='bbox 1914 5021 2118 5101; x_wconf 89' lang='lat' dir='ltr'>praeludium</span> 
     </span>
     <span class='ocr_line' id='line_1_55' title="bbox 133 5106 2118 5199; baseline -0.002 -24"><span class='ocrx_word' id='word_1_756' title='bbox 133 5109 292 5194; x_wconf 86' lang='lat' dir='ltr'>populus,</span> <span class='ocrx_word' id='word_1_757' title='bbox 332 5107 406 5173; x_wconf 89' lang='lat' dir='ltr'>illos</span> <span class='ocrx_word' id='word_1_758' title='bbox 437 5109 608 5173; x_wconf 88' lang='lat' dir='ltr'>intestinos</span> <span class='ocrx_word' id='word_1_759' title='bbox 639 5118 747 5171; x_wconf 91' lang='lat' dir='ltr'>motus</span> <span class='ocrx_word' id='word_1_760' title='bbox 779 5108 911 5172; x_wconf 91' lang='lat' dir='ltr'>nonnisi</span> <span class='ocrx_word' id='word_1_761' title='bbox 944 5108 1102 5174; x_wconf 91' lang='lat' dir='ltr'>divinitus</span> <span class='ocrx_word' id='word_1_762' title='bbox 1152 5109 1329 5189; x_wconf 88' lang='lat' dir='ltr'>promissae</span> <span class='ocrx_word' id='word_1_763' title='bbox 1351 5107 1483 5173; x_wconf 91' lang='lat' dir='ltr'>Christo</span> <span class='ocrx_word' id='word_1_764' title='bbox 1498 5106 1736 5199; x_wconf 34' lang='lat' dir='ltr'>&#39;dominationis</span> <span class='ocrx_word' id='word_1_765' title='bbox 1757 5106 1851 5169; x_wconf 90' lang='lat' dir='ltr'>onius</span> <span class='ocrx_word' id='word_1_766' title='bbox 1873 5107 1954 5170; x_wconf 88' lang='lat' dir='ltr'>fines</span> <span class='ocrx_word' id='word_1_767' title='bbox 1977 5107 2016 5171; x_wconf 90' lang='lat' dir='ltr'>ad</span> <span class='ocrx_word' id='word_1_768' title='bbox 2043 5108 2118 5171; x_wconf 92' lang='lat' dir='ltr'>nlti-</span> 
     </span>
     <span class='ocr_line' id='line_1_56' title="bbox 132 5191 2119 5278; baseline -0.002 -18"><span class='ocrx_word' id='word_1_769' title='bbox 132 5196 232 5260; x_wconf 88' lang='lat' dir='ltr'>fuisse</span> <span class='ocrx_word' id='word_1_770' title='bbox 254 5194 466 5278; x_wconf 87' lang='lat' dir='ltr'>compositos:</span> <span class='ocrx_word' id='word_1_771' title='bbox 498 5192 616 5259; x_wconf 88' lang='lat' dir='ltr'>deinde</span> <span class='ocrx_word' id='word_1_772' title='bbox 641 5191 785 5258; x_wconf 88' lang='lat' dir='ltr'>eiusdem</span> <span class='ocrx_word' id='word_1_773' title='bbox 809 5193 872 5257; x_wconf 92' lang='lat' dir='ltr'>Dei</span> <span class='ocrx_word' id='word_1_774' title='bbox 894 5195 1047 5278; x_wconf 85' lang='lat' dir='ltr'>auspiciis</span> <span class='ocrx_word' id='word_1_775' title='bbox 1069 5204 1102 5258; x_wconf 94' lang='lat' dir='ltr'>et</span> <span class='ocrx_word' id='word_1_776' title='bbox 1152 5215 1222 5258; x_wconf 90' lang='lat' dir='ltr'>mas</span> <span class='ocrx_word' id='word_1_777' title='bbox 1244 5214 1347 5276; x_wconf 89' lang='lat' dir='ltr'>usqne</span> <span class='ocrx_word' id='word_1_778' title='bbox 1369 5193 1483 5257; x_wconf 91' lang='lat' dir='ltr'>mnndi</span> <span class='ocrx_word' id='word_1_779' title='bbox 1506 5193 1619 5276; x_wconf 81' lang='lat' dir='ltr'>plagas</span> <span class='ocrx_word' id='word_1_780' title='bbox 1646 5192 1791 5274; x_wconf 89' lang='lat' dir='ltr'>oportuit</span> <span class='ocrx_word' id='word_1_781' title='bbox 1819 5192 1963 5258; x_wconf 84' lang='lat' dir='ltr'>extendi.</span> <span class='ocrx_word' id='word_1_782' title='bbox 2007 5193 2119 5258; x_wconf 83' lang='lat' dir='ltr'>Armis</span> 
     </span>
     <span class='ocr_line' id='line_1_57' title="bbox 132 5276 2118 5363; baseline -0.001 -17"><span class='ocrx_word' id='word_1_783' title='bbox 132 5282 265 5358; x_wconf 82' lang='lat' dir='ltr'>virtute,</span> <span class='ocrx_word' id='word_1_784' title='bbox 289 5278 406 5345; x_wconf 90' lang='lat' dir='ltr'>validis</span> <span class='ocrx_word' id='word_1_785' title='bbox 421 5281 574 5363; x_wconf 82' lang='lat' dir='ltr'>gentibus</span> <span class='ocrx_word' id='word_1_786' title='bbox 597 5279 657 5345; x_wconf 89' lang='lat' dir='ltr'>sub</span> <span class='ocrx_word' id='word_1_787' title='bbox 675 5278 791 5363; x_wconf 79' lang='lat' dir='ltr'>iugum</span> <span class='ocrx_word' id='word_1_788' title='bbox 813 5276 962 5357; x_wconf 88' lang='lat' dir='ltr'>redactis,</span> <span class='ocrx_word' id='word_1_789' title='bbox 985 5299 1103 5362; x_wconf 88' lang='lat' dir='ltr'>propa·</span> <span class='ocrx_word' id='word_1_790' title='bbox 1152 5279 1249 5344; x_wconf 89' lang='lat' dir='ltr'>etiam</span> <span class='ocrx_word' id='word_1_791' title='bbox 1279 5291 1313 5343; x_wconf 90' lang='lat' dir='ltr'>et</span> <span class='ocrx_word' id='word_1_792' title='bbox 1340 5281 1454 5346; x_wconf 90' lang='lat' dir='ltr'>bellica</span> <span class='ocrx_word' id='word_1_793' title='bbox 1484 5280 1606 5343; x_wconf 89' lang='lat' dir='ltr'>virtute</span> <span class='ocrx_word' id='word_1_794' title='bbox 1639 5287 1766 5341; x_wconf 90' lang='lat' dir='ltr'>tantum</span> <span class='ocrx_word' id='word_1_795' title='bbox 1788 5298 1906 5343; x_wconf 90' lang='lat' dir='ltr'>nomen</span> <span class='ocrx_word' id='word_1_796' title='bbox 1929 5278 1990 5345; x_wconf 87' lang='lat' dir='ltr'>sibi</span> <span class='ocrx_word' id='word_1_797' title='bbox 2009 5278 2118 5345; x_wconf 89' lang='lat' dir='ltr'>David</span> 
     </span>
    </p>
   </div>
   <div class='ocr_carea' id='block_1_3' title="bbox 0 0 2334 5856">
    <p class='ocr_par' dir='ltr' id='par_1_3' title="bbox 0 0 2334 5856">
     <span class='ocr_line' id='line_1_58' title="bbox 0 0 2334 5856; baseline 0 0"><span class='ocrx_word' id='word_1_798' title='bbox 0 0 2334 5856; x_wconf 95' lang='lat' dir='ltr'> </span> 
     </span>
    </p>
   </div>
  </div>
 </body>
</html>
