4658 5856
103 335 164 399 441

923 334 1140 405 PSALMUS
1163 335 1291 403 XLIV.
2042 341 2109 408 442

105 528 205 593 fuisse
234 527 381 593 reiectos.
425 526 465 592 Id
488 526 575 592 enim
599 526 729 611 proprie
756 526 921 611 significat
943 524 1081 591 verbnm
1135 526 1212 609 quia
1240 545 1298 609 pro
1325 525 1428 591 nihilo
1457 526 1562 593 habiti
1590 526 1723 609 fuerint,
1751 547 1786 592 ιι
1808 527 1909 594 luisse
1938 530 2107 612 proiectos,

105 626 220 697 ῃηιι,
267 613 350 696 quod
403 610 616 689 Abominari,
661 633 735 677 cnm
776 612 869 691 aliis,
907 613 1081 677 vertimus.
1135 620 1173 678 ut
1195 612 1334 677 deterior
1356 622 1444 678 esset
1464 633 1524 678 sua
1546 611 1687 677 conditio
1708 633 1804 694 quam
1829 614 1973 680 omnium
1997 637 2105 683 servo-

106 699 303 782 Quanquam
324 697 437 782 siquis
456 697 561 776 malit,
579 696 750 780 Oblivisci,
768 697 822 764 vel
841 698 895 763 lon
920 699 1082 778 eabesse,
1135 718 1219 763 rum.
1264 697 1491 779 Quodautcm
1515 699 1680 779 seperius
1703 697 1743 761 ad
1770 696 1878 763 Deum
1908 710 2106 767 convertunt

106 806 172 850 non
195 784 344 849 reclamo.
390 782 529 848 Addunt
549 795 663 867 postea
684 804 719 848 se
749 783 867 868 probro
895 717 997 849 inisse
1026 805 1081 848 ex·
1135 802 1232 867 quam
1255 784 1295 848 ad
1318 781 1438 864 hostes,
1461 784 1501 849 de
1523 804 1661 867 quorum
1684 783 1837 869 superbia
1859 793 1893 849 et
1914 786 2107 855 crudelitate

106 871 247 954 positos;
275 870 353 953 quia
373 869 495 935 scilicet
518 867 650 934 nudatis
671 869 735 934 Dei
757 868 920 954 praesidio
942 868 1080 935 infelici·
1135 869 1287 951 conqueri
1309 870 1381 934 iure
1402 877 1562 953 poterant,
1586 869 1664 934 hinc
1687 869 1850 936 discamus
1873 870 1956 935 nihil
1987 873 2107 940 melius

107 969 159 1022 ter
180 955 292 1021 omnia
314 956 485 1021 succedere
508 975 640 1020 necesse
662 955 734 1019 fnit.
768 954 866 1035 Quod
885 955 985 1019 etiam
1002 975 1081 1021 mox
1134 955 1226 1020 nohis
1249 975 1320 1020 esse
1343 953 1393 1020 vel
1417 955 1540 1033 utilius,
1562 975 1658 1039 quam
1678 956 1709 1019 in
1729 953 1827 1021 rebus
1846 954 1991 1025 adversis
2009 981 2108 1043 repu-

108 1040 284 1121 declarant,
306 1040 363 1106 ubi
386 1041 507 1120 dicunt,
530 1039 639 1104 Deum
670 1039 735 1105 iam
764 1061 827 1106 aco
855 1040 960 1124 egredi
987 1041 1081 1123 quasi
1134 1049 1205 1105 tare
1227 1038 1554 1122 Deiprovidentiam
1576 1048 1609 1105 ιι
1631 1039 1797 1107 iudicium.
1832 1042 1905 1109 Etsi
1926 1045 2025 1128 enim,
2047 1047 2103 1112 ubi

108 1128 223 1193 ducem
255 1124 307 1190 vel
336 1128 600 1211 antesignanum,
629 1126 684 1190 ubi
719 1127 760 1190 ad
790 1124 976 1191 bellandum
1006 1145 1080 1208 pro·
1134 1126 1226 1191 nobis
1255 1126 1383 1191 molesti
1413 1137 1490 1191 sunt
1518 1127 1676 1209 homines,
1703 1148 1778 1192 cum
1808 1127 1937 1194 diabolo
1966 1132 2021 1213 qui
2049 1153 2104 1199 eos

109 1213 220 1279 dsunt.
265 1211 385 1278 Postea
407 1212 539 1298 longius
556 1211 738 1278 extendunt
756 1231 832 1277 ιιιι
851 1211 1080 1295 querimonias,
1133 1212 1271 1296 instigat
1293 1212 1385 1277 nobis
1403 1213 1570 1297 negotium
1590 1222 1648 1288 est,
1674 1213 1714 1277 ιι
1734 1213 1841 1279 Deum
1861 1226 1973 1280 tamen
1994 1217 2103 1300 ipsum

108 1298 195 1382 quod
219 1297 311 1363 Deus
333 1300 419 1380 ipsos
440 1300 474 1363 in
498 1299 609 1384 fugam
629 1298 812 1373 coniecerit,
832 1294 918 1380 quod
936 1297 972 1359 in
990 1317 1081 1378 prae·
1133 1297 1353 1363 conscendere
1375 1319 1507 1365 necesse
1529 1307 1587 1376 ιιι,
1610 1307 1648 1363 ιι
1669 1299 1810 1366 ιιίιιιιι
1833 1301 1873 1366 ab
1893 1320 1931 1365 eo
1949 1323 2009 1367 nos
2028 1324 2103 1386 pro·

109 1386 183 1450 dam
213 1393 247 1449 ιι
273 1383 382 1450 cibum
413 1386 607 1468 exposuerit.
652 1382 736 1447 Nam
768 1383 845 1466 quia
873 1383 997 1448 sanctis
1019 1381 1080 1448 hoc
1134 1384 1204 1448 bari
1226 1396 1259 1447 et
1281 1384 1474 1461 examinari,
1497 1384 1567 1450 sive
1590 1395 1626 1448 ut
1647 1405 1707 1450 nos
1729 1387 1875 1469 castiget,
1898 1388 1966 1452 sive
1989 1398 2024 1453 ut
2048 1409 2103 1473 pa-

109 1489 301 1554 persuasum
339 1479 398 1546 est,
432 1470 532 1535 fortes
564 1482 597 1536 et
629 1469 794 1535 animosos
827 1488 898 1534 esse
931 1465 1081 1533 homines
1133 1468 1284 1533 tientiam
1309 1481 1451 1534 nostram
1475 1479 1636 1547 exerceat,
1660 1470 1731 1535 sive
1753 1483 1791 1535 ut
1812 1471 1947 1538 vitiosos
1971 1473 2104 1560 subigat

109 1564 271 1640 quatenus
303 1575 358 1619 ιιι
389 1553 481 1621 Ι)ιιι
514 1556 655 1622 sustinet
693 1575 812 1620 arcana
846 1574 906 1619 sua
939 1553 1080 1617 virtute:
1134 1555 1240 1619 carnis
1264 1565 1394 1620 nostrae
1416 1556 1560 1634 affectus,
1584 1556 1655 1620 sive
1677 1566 1714 1619 nt
1737 1578 1795 1622 nos
1817 1556 1966 1623 humiliet
1993 1560 2101 1625 crudi-

109 1651 277 1716 statuunt,
308 1640 341 1704 in
365 1642 442 1726 luga
468 1653 501 1706 ιι
524 1641 741 1726 trepidatione
769 1639 929 1705 divinitus
958 1647 1081 1704 metum
1133 1651 1231 1723 atque
1254 1638 1295 1705 ad
1318 1641 1420 1706 nostri
1440 1641 1699 1725 abnegationem.
1742 1641 1813 1707 Iam
1833 1663 1932 1725 quum
1951 1644 2102 1711 audimus

109 1727 221 1801 incuti,
251 1735 289 1789 ut
318 1727 403 1791 ratio
430 1737 464 1791 et
492 1748 547 1792 cor
577 1726 730 1792 deserant
759 1726 895 1792 miseros
921 1725 1081 1789 homines.
1134 1736 1200 1789 tam
1228 1724 1382 1809 probrose
1411 1727 1539 1792 habites
1567 1726 1667 1792 luisse
1693 1727 1748 1810 qui
1769 1729 1831 1794 sub
1854 1728 1924 1813 lege
1947 1730 2103 1795 vixerunt

108 1813 217 1895 Atque
233 1812 315 1876 haec
325 1813 488 1878 sententia
499 1821 629 1897 sumpte
640 1818 691 1877 est
702 1832 742 1876 ex
755 1812 836 1896 lege,
853 1811 951 1876 Dent.
964 1809 1016 1888 32,
1029 1807 1081 1874 30.
1133 1822 1252 1893 patres,
1275 1833 1340 1875 non
1363 1819 1412 1877 est
1434 1833 1493 1878 our
1512 1832 1572 1877 nos
1594 1812 1681 1876 ullae
1703 1814 1918 1879 contumeliae
1948 1815 2103 1882 deiiciant

107 1896 163 1963 ubi
182 1895 260 1961 dicit
279 1897 404 1964 Moses:
424 1896 594 1979 Quomodo
611 1917 721 1963 coram
741 1919 805 1962 uno
819 1896 974 1980 fugerent
990 1893 1082 1958 mille
1133 1896 1319 1978 siquando
1349 1898 1413 1963 huc
1444 1919 1501 1963 nos
1531 1897 1826 1981 Deuspsrtrahat.
1872 1900 1985 1984 Neque
2013 1903 2102 1966 enim

110 1982 162 2048 rel
185 1982 249 2046 duo
272 1981 428 2068 fugarent
450 1983 559 2051 decem
581 1983 694 2063 millia,
728 1982 793 2047 nisi
821 1983 897 2066 quia
918 1980 1081 2044 Dominus
1133 1980 1224 2046 Deus
1246 1981 1300 2047 hie
1322 1984 1513 2066 simpliciter
1534 1983 1710 2066 quemlibet
1733 1986 1899 2069 populum,
1926 1988 1982 2052 sed
2005 2010 2101 2053 suum

108 2068 247 2133 tradidit
285 2090 344 2134 nos
398 2079 433 2134 et
471 2068 629 2135 conclusit
666 2069 700 2132 in
741 2088 877 2132 manum
911 2063 1080 2131 hostium?
1132 2065 1321 2134 vendidisse
1344 2069 1471 2148 dicitur,
1493 2089 1530 2134 ac
1551 2069 1579 2133 si
1601 2069 1664 2133 iam
1689 2071 1942 2154 contemptibilis
1964 2084 2048 2138 esset
2071 2075 2101 2138 ei

109 2153 221 2237 Quum
249 2174 328 2240 ergo
350 2117 411 2221 hoc
433 2153 583 2220 fidelibus
604 2162 760 2220 testatum
789 2154 892 2218 ioretr
922 2172 988 2216 non
1017 2151 1080 2215 im·
1133 2171 1193 2216 sua
1216 2153 1408 2218 haereditas.
1448 2157 1496 2219 Ac
1514 2154 1599 2219 idem
1619 2154 1716 2219 hodie
1734 2157 1831 2220 etiam
1851 2156 1960 2222 licebit
1978 2160 2010 2222 in
2030 2179 2101 2242 pre·

108 2248 228 2324 putant
248 2241 398 2306 fortunae
420 2241 505 2324 quod
529 2252 751 2323 expavescunt
772 2239 814 2304 ιι
836 2237 979 2304 hostium
1001 2256 1080 2303 ocu-
1132 2237 1223 2303 eibus
1246 2240 1366 2304 nostris
1388 2241 1549 2322 conqueri,
1571 2239 1666 2304 modo
1688 2239 1786 2305 fidem
1814 2249 1959 2307 nostram
1989 2244 2102 2310 fulciat

109 2335 273 2410 spectum,
311 2328 346 2391 in
375 2346 455 2411 quos
489 2326 579 2410 prius
612 2326 698 2390 intre
721 2324 774 2390 ide
806 2324 906 2389 fortes
938 2325 1080 2406 impetus

108 2412 217 2477 facere
234 2413 322 2477 soliti
340 2423 449 2477 orant:
471 2410 528 2478 sed
547 2412 678 2477 coelesti
696 2347 826 2478 decreto
844 2411 914 2476 fieri
932 2409 1080 2475 sentiunt

109 2507 149 2561 ut
183 2508 324 2582 agantur
357 2509 546 2564 retrorsum.
598 2498 645 2563 Et
678 2499 772 2563 sicuti
811 2505 907 2561 antea
940 2493 1077 2560 confessi

109 2593 197 2660 sunt,
220 2581 442 2648 fortitudinem
466 2603 559 2649 suam
582 2584 724 2668 priorem
742 2583 843 2649 luisse
862 2580 982 2646 donum
1005 2579 1078 2658 Dei,

110 2669 158 2734 sic
188 2669 333 2734 vicissim
362 2668 571 2735 timiditatem
600 2668 713 2736 aDeo
736 2668 797 2734 sibi
819 2667 978 2732 inflictam
1008 2685 1080 2730 esse

109 2766 300 2839 agnoscunt.
343 2753 409 2820 Ubi
431 2765 540 2820 autem
563 2755 609 2820 ita
632 2755 723 2820 Deus
745 2754 872 2819 animos
893 2752 999 2837 fregit,
1030 2750 1079 2815 di·

109 2849 189 2905 cunt
217 2861 252 2906 se
281 2848 392 2923 patere
421 2841 566 3013 hostipm
592 2839 731 2906 libidini.
782 2837 838 2906 Sic
867 2840 955 2904 enim
977 2838 1079 2902 inter-

108 2932 221 3010 pretor
241 2927 435 3008 particulam
458 2938 502 3009 ιι)
528 2978 536 3006 ,
559 2925 642 3010 ιιοι
665 2926 778 2992 hostes
800 2945 858 3009 pro
881 2924 1016 2990 arbitrio
1046 2931 1080 2988 et

110 3014 181 3077 sine
203 3010 270 3076 ulla
292 3015 512 3097 repugnantia
534 3013 626 3095 quasi
649 3031 742 3078 suain
763 3010 919 3095 praedam
938 3010 1080 3093 diripue-

108 3098 187 3162 rint.
233 3096 357 3163 Eodem
380 3099 522 3182 pertinet
543 3097 646 3162 altera
666 3098 873 3181 comparatio,
892 3094 948 3160 ubi
966 3094 1080 3160 dicunt

110 3204 146 3248 se
173 3182 267 3248 datos
296 3183 396 3249 fuisse
424 3185 460 3247 iit
485 3184 596 3266 amm,
622 3203 686 3266 quo
716 3184 880 3266 signifieat
908 3181 1079 3263 propheta,

109 3271 174 3333 iam
198 3279 274 3334 ante
295 3270 456 3353 proelium
480 3268 635 3345 devictos,
668 3267 709 3332 ad
732 3267 912 3333 satiendam
936 3266 1078 3330 hostium

110 3355 304 3439 ingluviem,
334 3353 420 3420 ultro
452 3364 529 3420 ante
561 3353 659 3436 pedes
691 3354 839 3419 iacuisse.
891 3350 1078 3417 Notandum

112 3461 188 3504 vero
210 3450 270 3522 est,
292 3439 402 3505 Deum
426 3440 496 3504 fieri
519 3439 635 3503 harum
659 3437 885 3505 calamitatum
903 3446 1078 3513 auctorem,

110 3546 185 3589 non¹
196 3525 402 3608 obstrependi
421 3544 527 3602 causa,
545 3524 602 3589 sed
621 3537 658 3589 ut
676 3523 892 3591 confidentius
910 3523 950 3588 ab
964 3520 1078 3586 eadem

112 3630 212 3675 mauu
241 3631 323 3694 quae
350 3611 511 3694 percussit
538 3618 571 3675 et
601 3610 796 3688 vulneravit,
820 3608 999 3674 remedium
1022 3628 1078 3691 pe·

111 3707 184 3763 tant
206 3694 326 3761 fideles.
372 3697 416 3761 Et
438 3704 525 3761 certe
547 3697 616 3761 fieri
639 3717 703 3760 non
726 3705 832 3780 potest
862 3692 981 3779 utoqui
1010 3692 1078 3759 lor·

1131 2324 1193 2389 hoc
1216 2323 1420 2407 exemplum,
1451 2347 1493 2390 ne
1514 2327 1641 2390 animos
1663 2328 1874 2408 quantumvis
1904 2328 2014 2394 afflicti
2045 2331 2101 2395 de-

1131 2408 1358 2492 spondeamus.
1402 2410 1479 2476 Alio
1502 2431 1599 2476 sensu
1630 2411 1709 2477 dicit
1738 2413 1823 2495 apud
1848 2413 1987 2479 Iesaiam
2012 2416 2101 2481 Deus

1130 2495 1288 2578 populum
1311 2517 1383 2561 asa
1400 2497 1568 2562 venditum
1588 2498 1658 2562 sine
1676 2498 1789 2580 pretio,
1811 2519 1880 2580 cap.
1900 2500 1951 2577 52,
1971 2521 2054 2566 vers.
2070 2501 2101 2567 3.

1131 2589 1167 2644 ut
1190 2580 1303 2648 doceat
1324 2582 1406 2648 nihil
1429 2581 1489 2647 sibi
1512 2583 1547 2646 in
1569 2582 1635 2648 illis
1657 2581 1855 2648 redimendis
1877 2586 1945 2649 lore
1968 2588 2099 2670 negotii,

1131 2667 1208 2751 quia
1230 2666 1328 2733 fidem
1351 2667 1550 2752 emptoribus
1571 2689 1636 2733 non
1658 2666 1777 2733 habeat
1799 2667 1997 2735 obstrictam.

1218 2751 1268 2818 14.
1298 2752 1454 2839 (Posuisti
1473 2752 1553 2839 cos.)
1596 2753 1648 2818 De
1669 2755 1786 2820 vicinis
1816 2755 1960 2838 loquitur
1982 2757 2100 2840 quibus

1131 2839 1282 2904 omnibus
1304 2840 1356 2904 vel
1380 2838 1541 2923 simultas,
1563 2841 1615 2905 vel
1639 2852 1788 2923 apertum
1811 2839 1918 2906 odium
1938 2850 2009 2908 erat
2026 2865 2100 2909 cum

1131 2925 1250 3008 populo
1279 2924 1360 2991 Dei:
1391 2944 1428 2990 ac
1457 2946 1553 3008 saepe
1583 2925 1713 3009 quidem
1736 2925 1861 3006 accidit,
1885 2938 1922 2991 ut
1949 2928 2101 2995 vicinitas

1131 3029 1215 3092 quae
1237 3008 1277 3076 ad
1301 3011 1541 3076 conciliandum
1563 3021 1714 3076 mutuum
1738 3032 1884 3077 amorem
1907 3014 2015 3079 valere
2045 3014 2101 3081 de-

1131 3095 1236 3178 bebat,
1258 3095 1427 3179 invidiam,
1450 3095 1627 3162 discordias
1649 3106 1683 3161 et
1704 3100 1929 3163 contentiones
1956 3111 2099 3182 generet.

1132 3180 1198 3245 Sed
1221 3181 1393 3263 peculiaris
1415 3182 1476 3245 fuit
1498 3181 1582 3245 ratio
1605 3183 1640 3245 in
1662 3181 1793 3248 Iudaeis
1811 3183 1866 3268 qui
1884 3185 2034 3250 omnibus
2051 3187 2101 3251 in-

1131 3266 1208 3329 vitis
1230 3275 1351 3331 terram
1374 3275 1624 3351 occupaverant,
1647 3276 1681 3332 et
1702 3287 1841 3352 quorum
1866 3269 1981 3354 religio
2011 3272 2099 3355 apud
2143 3314 2146 3319 -

1132 3351 1212 3415 alios
1233 3352 1325 3434 quasi
1347 3352 1424 3418 belli
1444 3353 1614 3419 classicum
1632 3361 1712 3420 erat.
1744 3354 1826 3419 Erat
1843 3357 1942 3420 eliam
1960 3357 1996 3420 in
2014 3357 2100 3422 mul·

1132 3439 1175 3502 tis
1196 3457 1354 3520 perversa
1375 3438 1559 3513 aemulatio,
1582 3447 1619 3505 ut
1640 3438 1806 3507 Idumaeis
1827 3441 1943 3524 quibus
1966 3445 2101 3508 circum·

1131 3523 1209 3589 cisio
1229 3524 1366 3589 inflabat
1386 3526 1522 3608 animos,
1544 3543 1582 3590 ac
1599 3526 1626 3591 si
1642 3525 1750 3592 Deum
1766 3526 1919 3592 Abrahae
1941 3528 2002 3610 ipsi
2025 3550 2101 3611 quo

1130 3629 1193 3695 que
1226 3610 1378 3676 colerent.
1433 3611 1526 3678 Haec
1559 3632 1636 3678 vero
1673 3612 1777 3677 maior
1815 3613 1876 3677 furt
1907 3613 2098 3696 indignitas,

1131 3696 1245 3762 subiici
1275 3717 1387 3762 eorum
1414 3696 1563 3764 ludibriis
1591 3697 1710 3782 quibus
1738 3706 1869 3782 propter
1891 3719 2005 3763 verum
2036 3697 2100 3765 Dei

111 3798 212 3848 tunae
241 3782 404 3864 imputant
432 3800 491 3847 ιιι
519 3781 614 3858 mala,
643 3782 727 3846 serio
757 3780 798 3845 ad
830 3781 938 3846 Deum
965 3781 1077 3845 contu·
1131 3781 1255 3847 cultum
1279 3784 1369 3847 exosi
1393 3792 1495 3848 erant.
1540 3783 1620 3847 Mali
1644 3784 1849 3848 atrocitatem
1873 3784 1938 3847 alia
1959 3785 2099 3850 circum-

111 3871 212 3953 giant,
242 3868 296 3932 vel
325 3868 365 3933 ab
393 3888 431 3933 eo
459 3866 619 3933 auxilium
649 3875 842 3949 exspectent
871 3877 904 3931 ιι
926 3864 1077 3932 salutem.
1131 3869 1252 3932 stantia
1274 3868 1475 3951 amplificant
1496 3868 1618 3952 lideles,
1641 3868 1727 3951 quod
1751 3868 1896 3951 undique
1918 3868 1999 3935 haec
2027 3891 2100 3953 pro-

110 3955 223 4036 Quare
245 3962 282 4018 ιι
304 3953 473 4019 medeatur
494 3951 587 4018 Dens
608 3953 729 4019 nostris
754 3952 904 4029 miseriis,
934 3961 1079 4017 statuere
1130 3953 1190 4018 bra
1210 3954 1421 4037 ingerantur:
1443 3953 1519 4036 qnia
1541 3960 1610 4018 toto
1632 3953 1768 4018 circuitu
1791 3953 1911 4020 obsessi
1934 3964 2030 4020 erant
2058 3956 2099 4022 ab

111 4040 274 4118 convenit,
304 4060 369 4104 non
398 4059 453 4106 ess
481 4050 604 4105 temere
637 4038 690 4105 vel
722 4059 799 4105 casu
828 4038 991 4115 accidisse,
1020 4037 1077 4102 sed
1131 4038 1288 4116 hostibus,
1320 4047 1359 4103 ιι
1385 4059 1427 4103 ιι
1455 4047 1658 4103 momentum
1691 4040 1821 4122 quidem
1855 4039 1920 4105 illis
1952 4041 2099 4125 quietum

110 4126 183 4191 eius
211 4145 313 4190 mann
343 4146 413 4191 esse
442 4126 590 4194 inflictas.
634 4125 700 4192 Ubi
726 4130 835 4190 autem
863 4144 899 4189 ιι
920 4124 1079 4208 proiectos
1129 4124 1214 4189 loret
1236 4145 1255 4190 a
1276 4125 1437 4208 molestia,
1455 4124 1520 4189 nisi
1536 4123 1730 4190 mirabiliter
1747 4127 1884 4191 fuissent
1902 4146 1922 4191 ι
1939 4125 2010 4192 1)ιο
2027 4147 2100 4210 pro·

109 4209 259 4277 hostibus
281 4211 381 4278 fuisse
403 4210 566 4292 dixerunt,
588 4211 684 4277 simul
706 4210 832 4277 addunt
854 4231 890 4276 se
917 4209 1079 4297 dispersos
1130 4210 1216 4276 tecti.
1261 4207 1449 4276 Procedunt
1477 4208 1593 4276 deinde
1623 4210 1763 4296 longius,
1796 4210 1853 4278 ιιι
1883 4212 1982 4277 ιιὶιιι
2013 4213 2100 4278 ἱιιιι·

109 4298 210 4363 luisse
232 4298 318 4362 inter
340 4306 462 4381 gentes,
497 4318 579 4381 quae
606 4296 775 4382 dissipatio
804 4306 936 4363 centum
966 4297 1077 4362 morti·
1152 4303 1244 4360 entes
1274 4294 1385 4378 procul
1415 4295 1546 4362 dissitas
1573 4316 1777 4362 communem
1811 4297 1912 4363 tuisse
1944 4297 2097 4364 fabulam.

109 4384 170 4449 bus
198 4390 268 4447 erat
295 4383 449 4448 acerbior.
500 4382 599 4448 Nam'
616 4402 717 4466 quum
746 4390 817 4448 tota
848 4382 937 4448 illius
965 4381 1077 4466 populi
1130 4318 1326 4472 {Quanquam
1353 4401 1472 4447 nomen
1502 4360 1594 4468 Bm)
1624 4383 1708 4464 quod
1730 4383 1932 4464 prouerbium
1955 4392 2098 4459 vertunt,

109 4468 215 4555 gloria
242 4477 274 4532 et
303 4467 438 4535 felicitas
467 4469 502 4533 in
533 4489 570 4533 eo
598 4468 703 4551 posita
731 4477 826 4546 esset,
853 4477 891 4534 ιι
916 4470 976 4535 sub
1005 4468 1077 4533 Deo
1131 4476 1240 4551 posset
1269 4478 1336 4533 tani
1367 4487 1426 4553 pro
1454 4469 1550 4553 gravi
1579 4469 1811 4552 imprecatione
1832 4489 1929 4551 quam
1952 4489 2011 4551 pro
2034 4468 2099 4534 dic·

108 4576 176 4620 uno
215 4563 249 4620 ιι
281 4574 359 4638 rege
398 4575 463 4619 nno
502 4555 627 4621 collecti
666 4576 768 4621 unum
802 4563 910 4621 essent
947 4575 1076 4639 corpus,
1130 4555 1213 4620 terio
1252 4552 1354 4619 sumi:
1394 4574 1510 4620 sensus
1549 4563 1659 4619 tamen
1699 4552 1811 4619 eodem
1845 4553 1937 4632 redit,
1971 4554 2098 4619 nullum

108 4640 239 4706 misceri
261 4640 414 4724 gentibus
435 4641 527 4723 quasi
549 4641 657 4708 lacera
680 4640 835 4723 membra,
856 4642 987 4726 signum
1015 4640 1078 4706 fuit
1131 4641 1229 4707 fuisse
1251 4640 1312 4706 sub
1333 4641 1422 4707 coelo
1445 4638 1550 4724 magis
1572 4638 1797 4719 detestabilem
1819 4639 1992 4721 populum:
2022 4641 2099 4723 quia

109 4735 278 4793 extremae
301 4725 546 4794 maledictionis.
1131 4727 1231 4811 vulgo
1252 4727 1324 4792 eius
1345 4746 1464 4791 nomen
1488 4725 1705 4790 contumeliae
1727 4746 1826 4791 causa
1847 4723 1935 4788 inter
1963 4745 2098 4806 prover·

196 4812 247 4878 13.
271 4809 470 4898 (Vendidieti
485 4810 663 4898 populum.)
705 4811 869 4879 Venditos
891 4833 927 4878 se
956 4811 1078 4897 absque
1131 4810 1283 4878 bialesli
1329 4832 1382 4879 ras
1413 4813 1576 4878 volitaret.
1622 4811 1696 4876 Huc
1724 4831 1849 4894 quoque
1877 4818 2002 4892 spectat
2030 4831 2098 4877 con-

109 4899 200 4965 lucro
223 4898 322 4964 luisse
345 4897 496 4980 dicentes,
515 4898 622 4964 intelli
669 4906 705 4962 nt
723 4919 758 4965 se
775 4900 969 4983 prostitutos
986 4900 1079 4982 quasi
1130 4899 1286 4963 acetove
1315 4900 1447 4983 epitatio
1463 4899 1586 4981 capitis,
1604 4897 1644 4963 ιι
1664 4917 1728 4979 ιιι
1746 4895 1869 4962 dictum
1887 4895 1950 4959 fuit
1968 4895 2099 4962 Psalmo

110 4985 190 5050 vilia
219 4994 253 5049 ιι
282 4985 378 5049 nihili
406 4985 578 5069 mancipia.
651 4982 776 5050 eoundo
804 4985 902 5050 etiam
932 4984 1079 5050 membro
1130 4983 1183 5067 22,
1213 4984 1243 5048 8.
1274 4984 1344 5050 Nec
1370 4983 1504 5050 dubium
1535 4995 1584 5049 est
1607 4983 1684 5066 quin
1708 4981 1771 5047 Dei
1794 4981 1985 5062 vindictam,
2007 4983 2099 5048 cuius

109 5069 265 5136 videntur
287 5069 328 5136 ad
347 5091 471 5137 morem
489 5069 637 5137 licitandi
654 5068 807 5135 alludere.
843 5069 973 5137 Scimus
991 5071 1079 5136 enim
1131 5070 1253 5134 mentio
1281 5070 1315 5134 in
1344 5068 1417 5154 lege
1445 5070 1558 5149 fiebat,
1590 5067 1702 5133 fideles
1723 5068 1759 5132 in
1781 5089 1816 5133 ιι
1841 5065 1997 5152 compleri
2029 5069 2100 5134 ani·

109 5157 243 5222 venales
265 5178 378 5223 servos
401 5178 466 5222 non
489 5156 686 5222 antefuisse
709 5154 853 5219 addictos
878 5156 1079 5242 emptoribus
1131 5156 1376 5222 madverterint.
1421 5157 1591 5237 Namque
1618 5151 1736 5218 melius
1757 5174 1793 5217 se
1814 5153 2100 5237 expergefacerent

109 5263 207 5327 quam
237 5242 374 5308 licitatio
399 5243 541 5326 pretium
565 5241 720 5308 auxisset.
764 5239 962 5327 Intelligunt
990 5263 1078 5328 ergo,
1131 5243 1172 5309 ad
1195 5239 1430 5309 consideranda
1450 5242 1511 5306 Dei
1534 5239 1660 5320 iudicia,
1682 5239 1838 5324 quidquid
1860 5258 2039 5322 poenarum
2059 5240 2099 5305 de
