4658 5856
158 291 201 356 23

160 479 274 557 eslere,
297 477 390 545 Deus
413 479 458 543 ita
480 499 539 561 per
563 478 671 542 varios
693 478 799 542 flexus
821 496 874 540 me
896 475 1034 540 circum·

159 593 239 677 egit,
263 601 485 672 utnusquam
507 599 618 655 temen
634 589 798 672 quiescere
821 586 1036 671 permitteret,

161 705 264 771 donec
286 712 491 786 repugnante
514 701 646 786 ingenio
667 701 701 765 in
724 701 829 766 lucem
852 708 1036 782 pertractus

159 840 245 905 sum.
268 816 383 897 quue
406 812 543 880 consilio
565 813 679 878 relicta
700 812 816 895 patria,
838 810 873 874 in
897 810 1036 876 Germa·

160 930 249 994 niam
281 928 439 1003 concessi,
476 936 513 990 ut
541 928 576 989 in
606 924 742 990 obscuro
775 923 885 1005 aliquo
915 920 1036 1006 angulo

160 1039 289 1106 abditus
312 1039 420 1122 quiete
442 1037 499 1103 diu
521 1047 640 1121 negata
662 1037 797 1100 fruerer.

247 1162 334 1226 Ecce
356 1168 465 1225 entem
488 1179 589 1241 quum
612 1156 800 1240 incognitus
818 1155 967 1220 Basileae
990 1155 1035 1219 la-

162 1282 276 1352 terem,
306 1272 383 1355 quia
412 1271 524 1335 multis
554 1270 616 1353 piis
645 1266 831 1334 hominibus
861 1269 894 1330 in
926 1266 1036 1332 Gallia

162 1385 287 1449 exustis
315 1404 415 1468 grave
445 1384 566 1466 passim
597 1381 682 1463 apud
714 1380 899 1445 Germanos
925 1379 1036 1444 odium

160 1496 254 1580 ignes
276 1495 324 1559 illi
348 1497 585 1573 excitaverant,
608 1492 713 1575 sparsi
736 1502 812 1557 sunt
835 1493 904 1559 eius
920 1492 1035 1557 restin-

160 1606 280 1692 guendi
303 1629 403 1673 eausa
425 1607 564 1690 improbi
586 1616 619 1670 et
641 1604 815 1670 mendaces
836 1603 947 1681 libelli,
971 1623 1036 1667 non

160 1719 241 1784 alios
264 1728 331 1784 tam
352 1717 529 1783 crudeliter
548 1718 681 1781 tractari
693 1737 790 1800 quarn
801 1715 1037 1798 Anabaptistas

160 1855 197 1899 ac
220 1831 428 1897 turbulentos
456 1830 615 1911 hemines,
643 1830 698 1912 qni
729 1828 892 1911 perversis
914 1827 1037 1894 delitiis

160 1966 225 2010 non
249 1943 444 2027 religionem
467 1942 562 2007 mode
587 1942 643 2007 sed
668 1951 771 2007 totum
790 1940 939 2006 ordinem
961 1939 1038 2022 poli·

160 2057 262 2119 ticum
285 2053 517 2121 convellerent.
542 2055 614 2138 Ege
633 2054 694 2119 boe
709 2053 750 2118 ab
768 2052 883 2118 aulicis
906 2053 1037 2116 artifiei-

160 2165 221 2232 bus
244 2167 297 2250 agi
322 2165 448 2242 videns,
476 2187 543 2228 non
567 2165 664 2230 modo
686 2172 724 2229 ut
745 2163 882 2248 indigna
902 2165 1037 2247 sangui·

161 2278 212 2344 nis
234 2279 359 2344 innoxii
391 2280 507 2344 effusio
530 2279 613 2357 falsa
636 2288 824 2344 sanctorum
847 2277 1034 2358 Martyrum

159 2392 294 2456 infamia
316 2390 519 2472 sepeliretur,
549 2391 606 2455 sed
628 2398 664 2455 ut
686 2389 821 2471 posthae
843 2410 900 2470 per
922 2386 1035 2452 caedes

159 2502 323 2584 quaslibet
353 2503 474 2583 absque
508 2502 609 2565 ullius
640 2500 862 2563 misericordia
896 2499 1036 2581 grassari

159 2612 280 2691 liceret,
310 2612 477 2677 silentium
510 2632 618 2674 meum
650 2630 715 2673 non
745 2630 838 2692 pesse
861 2629 880 2671 a
902 2609 1038 2690 perfidia

160 2723 309 2787 excusari
332 2723 455 2799 censui,
477 2721 540 2784 nisi
563 2742 615 2784 me
638 2740 697 2802 pro
721 2719 806 2783 virili
830 2739 1036 2801 opponerem.

160 2833 253 2896 Haec
287 2833 368 2894 mibi
396 2830 542 2894 edendae
575 2831 797 2895 institutionis
830 2852 927 2895 eausa
956 2830 1035 2895 fuit:

162 2941 305 3024 primum
335 2953 370 3005 ut
400 2942 439 3007 ab
472 2944 814 3023 iniustacentumelia
837 2939 1036 3007 vindicarem

163 3055 282 3117 iratres
310 3073 416 3127 meos,
447 3073 586 3134 quorum
615 3072 703 3117 mors
734 3053 877 3134 pretiosa
904 3064 975 3116 erat
1004 3054 1037 3116 in

163 3174 337 3246 conspectu
368 3164 521 3228 Domini:
550 3162 677 3240 deinde,
709 3183 809 3246 quum
840 3163 953 3230 multis
976 3165 1037 3227 mi-

164 3277 245 3340 seris
266 3275 379 3340 eadem
403 3275 566 3338 instarent
588 3275 756 3357 supplicia,
779 3297 836 3358 pro
859 3276 924 3341 illis
946 3276 1038 3340 dolor

164 3387 280 3451 saltem
303 3386 420 3467 aliquis
440 3394 471 3447 et
490 3383 673 3448 sollicitudo
694 3395 823 3450 exteras
841 3396 955 3468 gentes
967 3395 1036 3449 tan-

165 3505 266 3579 geret.
294 3495 410 3576 Neque
433 3496 521 3557 enim
545 3494 681 3558 densum
706 3496 767 3559 heo
790 3504 823 3559 et
845 3495 1038 3559 laboriosnm

165 3629 255 3690 opus,
286 3606 383 3689 quale
405 3626 493 3669 nune
516 3612 632 3680 exstat,
663 3606 720 3671 sed
752 3607 851 3670 breve
880 3605 1040 3669 duntaxat

166 3718 367 3786 enchiridion
399 3725 477 3780 tune
506 3716 540 3778 in
572 3714 676 3780 lucem
707 3717 844 3797 prodiit,
874 3737 977 3797 neque
1007 3717 1040 3778 in

169 3832 271 3896 alium
292 3830 395 3893 finem
417 3827 481 3890 nisi
503 3834 539 3887 nt
569 3832 686 3889 testata
708 3834 795 3891 esset
817 3847 929 3891 eorum
953 3824 1041 3903 fides,

170 3962 251 4026 quos
270 3938 420 4006 videbam
440 3937 480 4002 ab
503 3936 613 4017 impiis
629 3947 662 3999 et
677 3935 809 4019 perfidis
822 3936 1042 4001 adulatoribus

169 4054 326 4121 scelerate
348 4047 523 4133 proscindi.

253 4174 369 4247 Porro,
400 4189 442 4232 an
473 4166 675 4249 prepositum
704 4176 791 4228 esset
820 4165 900 4229 mibi
923 4165 1042 4230 famam

168 4285 334 4369 aucupari,
365 4280 473 4365 patuit
497 4299 538 4341 ex
562 4275 654 4340 brevi
677 4274 831 4352 discessu,
854 4277 1044 4355 praesertim

168 4419 270 4484 quum
304 4413 400 4461 nemo
434 4388 502 4454 illie
532 4386 666 4452 sciverit
701 4405 753 4448 me
782 4393 930 4448 autorem
964 4406 1042 4449 esse.

168 4508 266 4591 Qtrod
276 4507 376 4573 etiam
388 4499 466 4566 alibi
479 4517 608 4579 semper
619 4492 835 4575 dissimulavi,
847 4502 879 4556 et
890 4494 925 4556 in
936 4495 1044 4557 animo

170 4631 242 4692 erat
259 4619 346 4685 idem
366 4613 557 4679 institutum
576 4605 737 4689 prosequi,
762 4602 862 4665 donee
879 4602 1045 4678 Genevae,

171 4756 237 4800 non
262 4741 329 4796 tam
352 4723 487 4792 oonsilio
517 4718 569 4785 vel
599 4715 741 4790 hortatu,
773 4731 871 4792 quam
892 4712 1044 4776 sermida-

170 4847 227 4914 bili
251 4830 547 4910 GulielmiFarelli
570 4825 784 4892 obtestatione
804 4829 1044 4896 retentnssnm‚

171 4979 209 5024 ae
239 4955 267 5021 ei
295 4953 388 5016 Deus
418 4944 592 5011 violentam
623 4933 705 4998 mibi
735 4953 753 4994 e
788 4929 878 4994 eeelo
912 4948 1044 4993 manum
1097 4998 1099 5003 ,

172 5069 330 5135 inliceret.
354 5061 467 5142 Quum
480 5064 606 5120 rectum
627 5048 690 5111 iter
704 5044 961 5124 Argentoratum
974 5047 1044 5103 ten·

174 5177 265 5249 denti
287 5173 372 5241 bella
401 5167 607 5242 clausissent,
637 5159 698 5223 bae
728 5151 878 5218 celeriter
904 5148 1045 5212 transire

2124 277 2167 340 24

1190 491 1316 536 comme
1348 472 1496 539 esoholes
1525 472 1707 556 publiques.
1751 471 1859 549 Brief,
1888 466 2076 552 eependant
2105 487 2169 549 qne

1190 559 1319 642 i'avoye
1357 558 1521 623 tonsiours
1555 580 1591 624 ee
1624 557 1683 622 but
1713 555 1753 621 de
1776 556 1867 622 vivre
1896 576 1938 619 en
1967 555 2061 637 privs
2090 572 2168 618 sans

1190 651 1278 708 estre
1300 662 1416 728 cognu,
1444 643 1529 709 Dieu
1560 645 1625 708 m'a
1652 641 1821 707 tellement
1850 647 2029 725 pronmene
2051 649 2086 703 st
2107 638 2167 704 iait

1191 736 1369 812 tournoyer
1391 750 1451 813 par
1473 730 1582 795 divers
1604 729 1835 813 changemens,
1864 748 1928 810 que
1950 725 2121 790 toutesfois
2144 726 2166 789 il

1191 835 1233 879 ne
1256 817 1322 880 m’a
1349 816 1465 880 iamais
1493 816 1589 881 laissa
1615 815 1655 879 de
1678 835 1772 896 repes
1794 835 1834 879 en
1864 813 1928 878 lieu
1952 811 2167 894 quelconqne,

1190 900 1324 983 iusques
1348 909 1368 966 a
1390 923 1427 967 ce
1448 923 1511 983 que
1534 909 1669 984 maugre
1692 921 1769 964 mon
1800 900 1928 964 neturel
1956 898 1981 962 il
2005 903 2070 962 m’a
2092 919 2166 980 pro-

1191 987 1263 1050 duit
1285 1008 1326 1050 en
1350 988 1497 1069 lumiere,
1521 996 1554 1052 et
1571 987 1631 1051 fait
1648 986 1743 1051 venir
1760 1006 1801 1050 en
1820 986 1881 1063 ien,
1904 1005 2031 1049 comme
2054 984 2166 1049 ondit.

1190 1072 1236 1136 Et
1254 1071 1294 1136 de
1311 1073 1397 1149 fniet,
1420 1073 1558 1138 laissent
1575 1073 1606 1137 le
1626 1093 1708 1156 pays
1727 1072 1766 1136 de
1778 1072 1906 1137 Frauee
1923 1071 1955 1135 ie
1974 1075 2061 1135 m’en
2075 1072 2168 1135 veins

1191 1178 1231 1223 en
1255 1157 1463 1242 Allemeigne
1492 1159 1532 1223 de
1561 1179 1679 1241 propes
1710 1156 1861 1233 delibero,
1893 1159 1958 1221 afin
1987 1179 2050 1240 qne
2081 1157 2116 1222 la
2137 1158 2167 1221 ie

1191 1264 1307 1326 peusse
1342 1247 1433 1310 vivre
1466 1252 1487 1309 a
1515 1264 1638 1328 requoy
1667 1264 1709 1308 en
1736 1244 1875 1326 quelque
1907 1244 1979 1309 eoin
2013 1245 2167 1328 incognn,

1190 1349 1317 1394 comme
1338 1330 1466 1414 i'evoye
1489 1332 1651 1395 tonsionrs
1673 1329 1788 1394 desire.

1278 1414 1360 1480 Mais
1382 1416 1487 1498 voyei,
1517 1437 1637 1499 peurce
1666 1436 1728 1498 que
1757 1415 1938 1497 espendant
1965 1436 2031 1497 que
2058 1417 2089 1479 ie
2112 1415 2166 1479 de·

1193 1521 1348 1585 meuroye
1371 1510 1392 1566 a
1414 1501 1523 1579 Basle,
1547 1510 1653 1567 estant
1675 1503 1709 1565 le
1736 1521 1863 1566 comme
1880 1501 1980 1565 eaebe
2004 1511 2037 1564 et
2060 1522 2166 1584 eognu

1192 1584 1233 1649 de
1261 1607 1325 1668 peu
1354 1586 1393 1652 de
1423 1608 1519 1669 gens,
1553 1609 1595 1651 on
1630 1587 1739 1652 brusla
1766 1608 1808 1651 en
1839 1588 1968 1652 France
2001 1587 2167 1669 plusieurs

1192 1670 1304 1737 fideles
1334 1682 1366 1737 et
1396 1674 1519 1738 saincte
1547 1694 1776 1757 personneges,
1807 1683 1840 1737 et
1869 1695 1930 1756 que
1960 1673 1990 1736 le
2014 1671 2105 1737 bruit
2126 1694 2166 1736 en

1192 1766 1303 1821 estant
1326 1779 1412 1823 venu
1436 1780 1500 1823 aux
1524 1759 1653 1824 natione
1676 1769 1853 1840 estranges,
1884 1780 1937 1824 ees
1957 1757 2167 1823 bruslemens

1191 1842 1305 1907 iurent
1328 1853 1461 1908 tronvea
1483 1846 1547 1908 fert
1576 1846 1724 1910 mauvais
1751 1866 1811 1927 par
1833 1865 1898 1909 nne
1920 1845 2036 1926 grand'
2063 1844 2168 1926 partie

1192 1927 1441 2006 desAllemans,
1465 1929 1631 1995 tellement
1652 1931 1745 2014 qn'ils
1767 1942 1963 1996 conceuront
1986 1951 2031 1994 un
2060 1929 2168 2011 despit

1192 2023 1305 2079 centro
1328 2016 1376 2079 les
1387 2015 1544 2080 autbeurs
1557 2016 1597 2080 de
1610 2017 1686 2081 telle
1698 2019 1864 2098 tyrannis:
1889 2038 1970 2098 pour
1982 2016 2167 2099 l’appniser‚

1191 2121 1235 2164 on
1257 2101 1317 2164 feit
1339 2102 1451 2166 courir
1479 2104 1620 2167 oertains
1650 2103 1733 2184 petis
1756 2101 1855 2167 livres
1879 2101 2115 2166 mal-beurenx
2138 2118 2169 2164 et

1192 2185 1297 2268 pleins
1319 2186 1359 2250 de
1378 2207 1584 2271 mensouges,
1608 2188 1704 2269 qu'on
1718 2209 1760 2251 ne
1779 2189 1919 2251 traittoit
1930 2189 2014 2251 ainsi
2034 2187 2168 2251 oruelle·

1191 2282 1284 2335 ment
1307 2281 1416 2337 autres
1439 2274 1731 2356 qu’Anabaptistes
1748 2282 1782 2337 et
1804 2295 1887 2357 gens
1910 2274 2084 2349 seditienx,
2115 2273 2168 2354 qni

1193 2376 1253 2438 par
1275 2356 1363 2422 leurs
1386 2359 1547 2422 resveries
1565 2368 1598 2423 et
1617 2361 1740 2424 fausses
1758 2360 1910 2441 opinions
1928 2375 2170 2442 renversoycnt

1193 2460 1260 2504 non
1283 2441 1464 2506 seulement
1494 2444 1525 2506 la
1556 2444 1703 2528 religion,
1735 2445 1818 2509 mais
1848 2445 1935 2509 aussi
1966 2453 2041 2509 tout
2073 2444 2169 2508 ordre

1193 2525 1360 2608 pelitique.
1415 2526 1500 2591 Lors
1530 2550 1607 2610 moy
1638 2546 1759 2612 voyant
1782 2552 1845 2613 que
1867 2551 1920 2594 ces
1943 2532 2169 2614 prettiquenrs

1193 2610 1233 2674 de
1246 2611 1334 2675 Cour
1352 2632 1411 2694 par
1430 2611 1517 2677 leurs
1539 2614 1782 2696 desgnisemens
1805 2616 2000 2701 tasehoyent
2023 2617 2065 2680 de
2089 2617 2169 2680 taire

1194 2717 1259 2759 non
1283 2697 1464 2761 seulement
1487 2719 1549 2778 que
1577 2699 1760 2784 l’indignite
1783 2702 1822 2765 de
1849 2710 1936 2766 ceste
1958 2703 2100 2766 effueien
2127 2702 2168 2765 du

1193 2800 1276 2864 sang
1308 2783 1460 2846 innocent
1493 2784 1676 2849 demeurast
1709 2787 1871 2852 ensevelie
1912 2808 1970 2869 par
2004 2787 2053 2851 les
2088 2787 2168 2850 faux

1194 2866 1334 2930 blasmes
1356 2879 1390 2930 et
1410 2868 1586 2933 calomnies
1609 2869 1791 2952 desquclles
1814 2873 1854 2937 ils
1873 2874 2100 2955 chargeoyent
2123 2872 2170 2937 les

1193 2952 1313 3016 saincte
1325 2952 1470 3034 Martyrs
1493 2975 1587 3035 apres
1605 2955 1677 3019 leur
1694 2968 1787 3033 mort,
1811 2960 1895 3023 mais
1917 2959 2006 3023 aussi
2030 2980 2095 3041 que
2112 2979 2171 3041 par

1194 3057 1288 3117 apres
1309 3037 1332 3100 il
1355 3060 1378 3120 y
1402 3051 1474 3104 eust
1501 3059 1619 3123 moyen
1650 3040 1688 3105 dc
1718 3044 1915 3123 procedere
1946 3054 2035 3108 toute
2059 3055 2170 3110 extre-

1193 3122 1272 3185 mite
1295 3120 1334 3186 dc
1357 3125 1511 3187 meurtrir
1541 3125 1587 3189 lcs
1610 3147 1726 3208 povres
1754 3129 1877 3208 fideles,
1907 3149 1984 3194 sans
2008 3152 2072 3213 que
2095 3151 2169 3212 per·

1194 3225 1298 3271 senne
1321 3229 1362 3272 en
1384 3216 1480 3290 peust
1498 3211 1589 3273 avoir
1607 3215 1819 3294 compassion,
1842 3215 1864 3277 il
1884 3236 1937 3278 me
1960 3215 2087 3279 semble
2106 3237 2172 3297 qne

1194 3292 1289 3355 sinon
1318 3312 1380 3374 que
1407 3295 1438 3357 ie
1465 3294 1533 3375 m'y
1561 3317 1733 3378 opposnsse
1752 3310 2028 3377 vertueusenrent,
2051 3313 2172 3366 entant

1194 3382 1290 3459 qu’en
1313 3398 1391 3461 moy
1414 3380 1518 3456 estoit,
1549 3381 1579 3443 ie
1610 3404 1650 3445 ne
1681 3405 1831 3468 pouvoye
1861 3388 2046 3452 m‘excuser
2069 3390 2171 3469 qu‘en

1193 3484 1245 3525 me
1277 3464 1398 3528 taisant
1433 3466 1463 3529 ie
1486 3486 1527 3527 ne
1557 3465 1643 3530 fusse
1671 3480 1787 3533 trouve
1819 3470 1928 3535 lasehe
1951 3482 1985 3534 et
2007 3472 2172 3556 desloyal.

1195 3547 1240 3610 Et
1261 3569 1297 3611 ce
1320 3549 1369 3611 iut
1392 3548 1423 3610 la
1445 3571 1541 3614 cause
1564 3554 1618 3630 qui
1649 3555 1791 3618 m'incita
1814 3565 1834 3619 a
1856 3556 1985 3637 publier
2008 3579 2088 3621 mon
2112 3558 2171 3623 In·

1195 3632 1346 3696 stitution
1370 3634 1410 3696 de
1433 3633 1463 3697 la
1487 3632 1622 3715 religion
1646 3636 1880 3705 Chrestienne:
1910 3643 2173 3722 premierement

1196 3717 1261 3779 afin
1284 3716 1323 3780 de
1346 3717 1566 3798 respondrea
1594 3740 1646 3784 ees
1669 3724 1839 3789 mesebans
1869 3727 2010 3792 blasmes
2034 3749 2099 3809 que
2124 3729 2172 3795 les

1197 3811 1307 3864 autres
1329 3812 1506 3884 semoyent,
1530 3811 1564 3866 et
1585 3825 1626 3867 en
1650 3826 1770 3890 purger
1788 3832 1856 3875 mes
1878 3811 1991 3888 ireres,
2016 3813 2174 3896 desquels

1198 3883 1229 3947 la
1244 3894 1338 3981 'mort
1359 3887 1454 3950 estoit
1476 3889 1641 3968 preoieuse
1653 3910 1693 3953 en
1713 3894 1744 3957 la
1762 3916 1916 3976 presence
1929 3897 1972 3961 dn
1986 3897 2173 3983 Seignenr:

1196 3989 1270 4051 puis
1292 3991 1387 4052 apres
1409 3972 1473 4033 afin
1504 3992 1567 4052 que
1596 3972 1742 4040 d’autant
1770 4001 1833 4062 que
1855 3982 1904 4045 les
1927 4004 2072 4050 mesmes
2094 4005 2176 4050 eru·

1198 4061 1289 4118 autea
1311 4056 1579 4136 pouvoyentbien
1599 4067 1663 4123 test
1680 4082 1774 4144 apres
1787 4078 1871 4130 estre
1890 4088 2045 4135 exerceas
2056 4080 2177 4137 contro

1197 4137 1362 4219 beaneoup
1381 4139 1421 4204 de
1438 4160 1555 4221 povres
1574 4163 1759 4232 personnes,
1782 4151 1829 4215 les
1847 4154 1979 4219 natione
1998 4165 2178 4239 estranges

1199 4223 1327 4287 fussent
1349 4244 1430 4305 pour
1452 4223 1482 4288 le
1504 4226 1609 4289 moins
1633 4233 1785 4298 toucbees
1804 4236 1843 4299 de
1861 4239 2001 4320 quelque
2019 4263 2176 4326 compas-

1199 4307 1268 4370 sien
1292 4318 1326 4370 et
1348 4306 1518 4391 solicitude
1543 4330 1625 4392 pour
1654 4315 1756 4382 ieenx.
1802 4320 1868 4385 Oar
1890 4324 1920 4387 ie
1951 4346 1994 4389 ne
2022 4327 2088 4391 mis
2114 4349 2177 4411 pas

1198 4390 1266 4489 lore
1293 4413 1333 4455 en
1364 4393 1499 4457 lumiere
1528 4394 1558 4457 le
1587 4395 1668 4462 livre
1696 4403 1740 4466 tel
1770 4405 1847 4485 qn’il
1877 4417 1928 4472 est
1957 4413 2178 4479 maintenant

1198 4496 1333 4575 eopieux
1356 4477 1450 4574 etde
1472 4481 1575 4561 grand
1593 4480 1714 4565 labeur,
1738 4491 1820 4554 mais
1836 4494 1963 4557 e’esteit
1983 4497 2179 4564 seulement

1198 4580 1243 4658 un
1267 4569 1350 4641 petit
1376 4562 1473 4662 livret
1503 4573 1677 4634 eontenant
1705 4575 1970 4657 sommairement
1998 4581 2048 4647 les
2077 4585 2176 4665 prin·

1198 4645 1317 4725 erpales
1346 4654 1515 4712 matteras:
1545 4658 1577 4713 et
1605 4674 1668 4716 non
1698 4662 1834 4724 aautre
1865 4663 2041 4745 intention,
2071 4671 2177 4734 sinon

1199 4729 1264 4791 alin
1298 4732 1395 4809 qu’en
1429 4731 1496 4796 fust
1522 4732 1646 4800 adverti
1676 4742 1782 4820 quelle
1810 4747 1865 4829 icy
1894 4758 2056 4833 tcnoyent
2086 4775 2177 4821 ceux

1199 4813 1337 4893 lesquels
1359 4815 1389 4877 ie
1410 4837 1537 4898 voyoye
1565 4841 1626 4901 que
1655 4844 1707 4888 ces
1734 4830 1906 4897 meschans
1929 4844 1963 4898 et
1983 4837 2177 4923 desloyaux

1198 4897 1346 5044 limitettpnrs
1377 4897 1586 4984 diffamoyent
1615 4906 1810 4979 vilenement
1839 4927 1872 4980 et
1902 4920 2176 4992 mal-beureriae-

1251 5002 1271 5043 n
1287 5028 1294 5042 .

1285 5062 1333 5128 Or
1355 5084 1417 5163 qne
1438 5070 1467 5134 ie
1485 5075 1611 5140 n’ensse
1627 5077 1719 5156 point
1736 5103 1773 5146 ce
1793 5084 1849 5148 but
1866 5087 1907 5151 de
1926 5109 1980 5154 me
1999 5105 2177 5164 monstret

1200 5157 1233 5211 et
1256 5169 1402 5231 acquerrr
1421 5153 1516 5236 brnit,
1539 5160 1569 5222 ie
1591 5159 1622 5224 le
1641 5161 1771 5249 donney
1789 5170 1863 5234 bien
1884 5177 2085 5258 cogneistre,
2112 5203 2178 5265 par
