4672 5864
123 292 187 362 525
958 299 1172 366 PSALMUS
1196 300 1273 367 LII.
2046 302 2111 370 526

125 489 236 554 dubito
259 491 338 570 quin
361 492 523 574 significet
544 490 664 565 David,
692 511 727 555 se
750 510 814 553 noo
840 489 967 572 vulgari
996 488 1091 554 modo
1144 488 1340 555 confidentia
1369 490 1529 572 insurgit,
1563 484 1710 573 superbis
1737 491 1809 557 istis
1837 490 2024 575 gigantibus
2054 514 2107 559 ex·

124 575 225 641 fuisse
256 584 334 642 tunc
355 577 526 659 probatum
550 589 583 641 et
602 577 837 649 examinatum,
867 590 903 639 01
926 586 1035 639 totum
1056 595 1092 640 sc
1144 577 1311 657 probrans,
1334 573 1417 657 quod
1439 574 1503 639 Dei
1527 576 1661 640 bonitati
1685 576 1766 641 nihil
1796 576 1930 641 honoris
1952 576 2108 644 deferant.

124 661 197 725 Deo
230 663 397 745 resignare
430 662 577 728 disceret.
633 661 720 726 Nota
755 681 831 726 vero
863 670 913 725 est
946 661 1091 735 historia,
1145 660 1318 726 (laetorum
1342 661 1418 742 quia
1440 681 1505 725 non
1527 682 1655 743 semper
1677 662 1803 746 aequali
1825 684 1921 728 cursu
1943 664 2015 728 fluit
2033 686 2108 748 gra·

125 767 227 830 quum
255 750 413 830 profugus
442 758 567 813 erraret
589 747 707 826 David,
737 748 866 813 venisse
894 749 928 810 in
952 746 1025 811 Nob
1051 746 1091 810 ad
1146 748 1192 812 tia
1224 747 1303 824 Dei,
1347 749 1423 829 quin
1457 748 1564 829 potius
1597 747 1729 812 videtur
1765 750 1893 832 magnis
1933 750 2107 816 obstaculis

124 832 338 901 Achimelech
366 833 577 908 sacerdotem,
607 845 760 914 0100010
791 832 967 897 discrimen
996 852 1092 897 suum
1145 833 1256 915 procul
1277 853 1349 899 esse
1371 853 1390 896 a
1412 832 1504 897 nobis
1526 843 1665 897 remota:
1700 843 1812 898 contra
1841 834 1925 899 hanc
1954 839 2107 900 tentatio·

124 919 277 1003 detegere
298 940 365 984 non
388 919 530 998 auderet,
557 917 730 984 simulasse
753 939 826 983 cum
849 917 976 985 arcanis
999 938 1092 981 man·
1145 939 1219 982 nem
1243 917 1351 982 David
1375 938 1411 982 se
1433 920 1556 994 munit,
1585 918 1696 985 dicens
1725 940 1796 984 eam
1825 920 1964 1003 singulis
1993 921 2108 988 diebus

125 1005 210 1070 datis
239 1004 279 1069 ad
307 1007 422 1089 gravia
450 1004 610 1087 quaedam
641 1005 771 1086 negotia
798 1004 954 1069 00101000
977 1023 1092 1086 aroge
1146 1004 1266 1087 vigere.
1309 1005 1423 1086 Neque
1455 1006 1541 1068 enim
1575 1004 1687 1070 dubito
1720 1005 1799 1088 quin
1832 1007 2008 1089 significet,
2043 1030 2108 1073 non

125 1092 271 1167 missum,
301 1092 401 1155 11001
423 1091 577 1155 viaticum
607 1090 757 1167 obtinuit,
790 1103 822 1154 et
851 1090 995 1173 gladium
1029 1110 1093 1172 000
1144 1089 1273 1155 obstare
1306 1091 1426 1154 multas
1457 1090 1711 1174 interruptiones
1744 1092 1823 1175 quin
1851 1092 1943 1157 Deus
1972 1091 2108 1158 subinde

124 1176 286 1242 occiderat
315 1176 459 1241 Goliath.
512 1174 624 1256 Quum
653 1196 730 1240 0010
759 1177 872 1258 Doeg,
904 1178 959 1258 qni
993 1175 1093 1260 regiis
1143 1166 1302 1241 bonitatis
1334 1196 1413 1241 suae
1446 1174 1639 1242 documenta
1671 1189 1818 1242 1000001.
1872 1170 1953 1243 Eat
1978 1179 2106 1261 quidem

124 1263 308 1344 pastoribus
326 1264 508 1343 praefectus
529 1272 610 1336 0101,
641 1261 743 1344 impia
763 1261 923 1327 delatione
943 1262 1091 1329 favorem
1145 1282 1234 1339 voce,
1257 1261 1341 1343 quod
1363 1272 1438 1325 ante
1460 1272 1615 1345 expertos
1637 1273 1716 1343 0101,
1738 1282 1773 1327 00
1795 1264 1829 1327 10
1851 1277 2016 1345 posterum
2035 1286 2108 1347 spe·

126 1347 236 1414 Saulis
258 1359 398 1414 0000100
419 1360 514 1425 esset,
543 1348 674 1431 tyranni
702 1346 825 1412 rabiem
849 1367 916 1411 non
939 1346 1034 1411 modo
1056 1347 1092 1410 in
1144 1367 1217 1411 1010
1238 1345 1395 1411 ostendit:
1428 1349 1505 1428 quia
1526 1348 1619 1412 Deus
1640 1369 1715 1414 0000
1743 1348 1905 1426 iuvando,
1935 1364 1967 1412 ct
1996 1370 2108 1416 eorum

126 1454 226 1499 onum
250 1433 417 1499 hominem
439 1434 621 1509 innoxium,
644 1432 700 1498 sad
723 1433 757 1496 in
776 1453 888 1498 omnes
910 1431 1093 1498 sacerdotes
1144 1432 1292 1497 miserias
1310 1432 1448 1497 levando
1467 1453 1533 1497 non
1551 1435 1722 1517 fatigetur:
1742 1433 1798 1499 sed
1818 1446 1854 1498 ut
1871 1436 1992 1500 centies
2011 1436 2108 1502 rebus

124 1520 279 1586 accendit.
324 1519 377 1583 Ita
396 1520 517 1586 factum
539 1531 589 1584 est
610 1531 645 1583 01
665 1538 779 1584 omnes
801 1518 908 1584 aditus
931 1518 1093 1600 praeclusi
1144 1516 1290 1583 adversis
1307 1518 1407 1603 affligi
1426 1518 1603 1602 permittat,
1625 1541 1754 1603 semper
1772 1519 1813 1584 ad
1831 1541 1924 1603 opem
1943 1521 2107 1587 ferendam

124 1618 234 1671 essent
255 1606 374 1670 misero
396 1604 518 1670 exsuli:
541 1605 618 1688 0010
636 1614 701 1668 tam
721 1604 917 1669 formidabili
936 1604 1092 1669 saevitiae
1143 1617 1293 1684 paratum
1316 1604 1395 1667 fore.

124 1692 273 1774 exemplo
298 1691 403 1755 territi
426 1702 520 1755 erant
542 1711 666 1765 omnes,
689 1711 729 1754 ne
752 1690 856 1756 ullum
876 1690 1092 1754 humanitatis
1228 1689 1258 1754 4.
1292 1686 1487 1774 (11κο0110100
1518 1690 1709 1777 meditetur.)
1770 1690 1843 1755 Non
1884 1693 1960 1757 lacit
1998 1692 2108 1758 David

125 1777 267 1842 officinm
298 1784 515 1859 praestarent.
559 1775 631 1840 Iam
661 1775 738 1857 quia
760 1776 855 1859 Dosg
884 1776 944 1841 hoc
971 1777 1092 1842 scelere
1143 1776 1227 1857 quod
1252 1776 1351 1858 vulgo
1383 1775 1489 1839 solent
1521 1774 1576 1856 qui
1609 1775 1730 1841 iniuste
1763 1776 1841 1842 10001
1875 1790 1967 1842 sunt:
2000 1800 2108 1861 00000

125 1862 239 1942 clatus,
255 1862 394 1928 10100100
411 1883 446 1926 se
463 1860 611 1945 gerebat:
631 1873 664 1925 et
680 1861 833 1943 perfidiae
851 1882 974 1926 merces
993 1881 1090 1943 quam
1144 1862 1231 1924 euim
1254 1860 1397 1927 convitia
1417 1862 1554 1940 evomit,
1578 1871 1615 1924 01
1635 1884 1670 1927 00
1693 1863 1878 1943 0101000101,
1900 1863 1956 1928 sed
1980 1863 2105 1929 hostem

125 1946 264 2031 adeptus
293 1960 374 2027 0101,
403 1947 507 2014 100101
536 1946 660 2012 stimuli
691 1958 817 2030 poterat
844 1968 914 2012 esse
942 1947 983 2012 ad
1012 1948 1091 2012 alios
1144 1967 1239 2012 suum
1272 1966 1380 2011 coram
1414 1944 1485 2012 Deo
1519 1968 1689 2027 accusans,
1727 1950 1796 2031 spei
1828 1952 1996 2014 materiem
2032 1950 2108 2015 inde

124 2031 338 2118 instigandos,
369 2055 432 2116 quo
456 2033 605 2100 certatim
636 2045 769 2097 ruerent
790 2034 824 2098 iu
847 2031 988 2097 Doridis
1018 2054 1091 2114 per·
1144 2031 1277 2112 colligit.
1321 2031 1405 2096 Nam
1429 2054 1494 2115 000
1518 2032 1713 2098 insolentius
1736 2034 1943 2117 proterviunt
1963 2036 2050 2115 meli,
2068 2057 2107 2101 eo

124 2120 260 2185 niciem:
290 2132 424 2184 sauctus
447 2119 499 2182 011
519 2119 573 2201 010
595 2119 815 2183 consolatione
836 2141 873 2183 se
895 2119 928 2183 in
952 2118 1091 2184 sublime
1145 2121 1249 2200 magis
1272 2117 1352 2181 iram
1377 2118 1439 2182 Dei
1462 2119 1548 2199 ipsos
1571 2120 1746 2184 0000011010
1766 2133 1890 2185 certum
1920 2134 1987 2201 est,
2019 2121 2106 2188 unde

123 2206 263 2288 erigens,
285 2205 476 2270 sceleratam
499 2203 588 2269 illius
611 2203 780 2269 audaciam
802 2204 930 2269 refutat.
1144 2205 1266 2286 optima
1296 2203 1472 2267 consolatio
1502 2204 1542 2268 ad
1572 2225 1630 2269 000
1660 2206 1759 2279 redit,
1793 2214 1953 2270 maturum
1983 2212 2106 2273 instare

1144 2289 1346 2354 liberationis
1371 2301 1513 2371 tempus,
1546 2288 1622 2353 dum
1653 2312 1687 2354 se
1717 2290 1756 2353 ad
1786 2307 1931 2355 extrema
1959 2315 2106 2377 0000000

209 2376 239 2440 3.
268 2375 351 2456 Quid
370 2376 522 2456 gloriaris
543 2375 578 2439 10
599 2375 725 2440 molitio
741 2375 876 2456 potens?
898 2374 1018 2440 1001100
1028 2373 1093 2440 Dei
1144 2375 1267 2440 0001010
1289 2374 1465 2457 0101101001
1486 2375 1542 2457 001
1564 2375 1701 2439 salutem
1730 2388 1872 2441 nostram
1901 2378 2021 2441 iniuste
2048 2400 2105 2462 op-

125 2463 271 2542 quots'die.
315 2461 346 2525 4.
377 2461 555 2528 Prooitclea
583 2466 738 2544 computat
766 2461 875 2544 110000
903 2467 966 2536 tua,
996 2463 1092 2542 00001
1144 2473 1304 2543 pugnant.
1346 2460 1420 2523 Non
1443 2470 1590 2526 recenset
1611 2463 1712 2545 igitur
1729 2460 1839 2526 David
1861 2461 1923 2525 hnc
1950 2462 2019 2528 loco
2048 2466 2104 2528 ad·

124 2546 278 2613 uoccculo
306 2552 413 2630 00010Ι
425 2546 641 2629 fraudulenter
669 2567 772 2630 opens.
818 2547 847 2612 5.
873 2546 995 2629 Diligis
1023 2568 1090 2611 mo·
1145 2545 1281 2609 versarii
1303 2546 1428 2629 probra,
1451 2545 1568 2628 quibus
1590 2568 1663 2610 eum
1685 2548 1820 2611 infamet
1841 2549 1925 2630 apud
1949 2547 2105 2634 homines,

124 2632 225 2698 litium
251 2653 334 2714 proc
365 2634 513 2714 tondete,
544 2631 707 2713 [0110010011
733 2632 845 2712 potius
876 2633 964 2713 10001
996 2652 1092 2714 quam
1144 2631 1200 2695 scd
1225 2631 1286 2696 Dei
1310 2631 1466 2695 iudicium
1491 2631 1551 2695 sibi
1582 2644 1657 2697 ante
1685 2633 1793 2697 000100
1822 2653 1964 2717 000000,
1993 2646 2105 2701 000110

124 2720 288 2783 iustitiam.
318 2717 421 2784 Seleu
461 2716 1093 2800 6.]111101001001000110010000010010
1145 2728 1211 2781 tam
1235 2728 1360 2781 0110000
1382 2737 1463 2798 quas
1485 2738 1597 2799 passus
1619 2734 1687 2782 erat
1710 2719 1901 2784 1010110000
1924 2721 1965 2785 ad
1988 2719 2105 2787 honam

124 2804 233 2888 lingua
253 2804 372 2870 doloso.
1143 2823 1233 2885 spem
1263 2805 1396 2867 animat.
1440 2803 1544 2867 Porro
1573 2804 1634 2868 etsi
1656 2804 1794 2868 crudelis
1823 2815 1857 2870 et
1878 2807 2106 2887 sanguinarios

1144 2903 1215 2951 orat
1249 2889 1357 2970 Doeg,
1398 2887 1450 2952 hic
1482 2890 1631 2971 arguitur
1663 2891 1837 2972 praecipue
1868 2891 2003 2956 interior
2035 2892 2106 2959 eins

209 2975 241 3040 3.
264 2974 364 3060 (Quid
393 2974 567 3075 glariosis.)
622 2975 733 3055 Quum
768 2975 907 3057 proditio
940 2995 983 3039 ex
1016 2986 1092 3040 voto
1144 2973 1304 3055 pravitas,
1338 2974 1423 3056 qnod
1450 2974 1574 3038 occulta
1608 2971 1785 3054 delatione,
1818 2996 1875 3058 per
1903 2976 2037 3043 insidias
2073 2989 2107 3042 et

126 3060 275 3128 cessisset
297 3062 454 3128 scelerato
473 3061 597 3127 homini
619 3060 723 3144 Doeg,
747 3063 859 3146 gravis
882 3070 932 3141 (ut
954 3060 1036 3142 dixi)
1059 3072 1092 3125 et
1145 3058 1290 3123 fraudem
1329 3057 1508 3141 prodiderit
1542 3059 1694 3124 innoxios
1728 3061 1927 3137 sacerdotes,
1967 3073 2000 3126 et
2032 3062 2104 3128 ideo

126 3149 207 3214 dura
239 3147 297 3212 illa
328 3147 392 3212 fuit
424 3148 561 3212 tentatio
597 3144 637 3210 ad
678 3145 917 3228 percellendum
951 3145 1092 3211 Davidis
1144 3153 1311 3224 comparat
1343 3144 1413 3207 eius
1447 3145 1592 3227 linguam
1626 3147 1803 3211 novaculae
1843 3158 1970 3226 000100,
2009 3149 2105 3214 010011

125 3236 283 3298 animum.
333 3233 450 3317 Itaque
480 3253 547 3297 non
577 3230 690 3296 dubito
718 3233 798 3314 quin
828 3252 862 3297 se
891 3230 931 3295 ad
969 3232 1092 3296 luctam
1144 3228 1232 3294 Psal.
1256 3229 1334 3306 120,
1357 3229 1389 3293 2.
1433 3229 1626 3296 Virnlentae
1650 3251 1764 3296 omnes
1792 3230 1924 3315 linguae
1953 3232 2107 3300 dicuntur

126 3335 237 3384 sancta
260 3321 321 3383 hac
343 3320 534 3404 gloriatione
557 3317 749 3393 armaverit,
773 3339 810 3383 ac
832 3318 938 3399 primo
961 3317 1093 3399 quidem
1144 3315 1266 3379 similes
1299 3335 1369 3379 esse
1406 3316 1534 3398 sagittis
1573 3317 1686 3384 acutis.
1739 3316 1940 3384 Particulam
1973 3318 2106 3387 Faces

126 3417 302 3489 exaggerat
323 3406 446 3470 crimen
470 3402 581 3487 Doeg,
615 3403 700 3484 quod
730 3402 763 3466 in
794 3405 938 3485 potentia
968 3404 1092 3469 0010110
1143 3400 1266 3481 dolum
1296 3400 1389 3465 multi
1413 3401 1453 3464 ad
1483 3402 1675 3467 novaculam
1705 3405 1868 3482 referunt,
1898 3405 1975 3487 0010
1996 3404 2108 3472 dolose

125 3491 246 3555 scelere
278 3503 371 3573 parta
392 3491 544 3555 exsultet.
589 3489 658 3553 Nec
679 3508 759 3552 0010
780 3490 898 3552 mirum
921 3501 972 3554 est
999 3511 1092 3571 prae·
1144 3487 1288 3564 scindat,
1316 3507 1380 3550 non
1404 3497 1515 3552 autem
1538 3502 1650 3572 aperto
1675 3490 1741 3554 ictu
1770 3502 1806 3554 ut
1835 3489 1978 3572 gladius:
2011 3505 2108 3574 01000

127 3577 245 3642 fectum
267 3587 433 3659 pastorum
458 3589 525 3641 tam
543 3573 713 3656 splendido
736 3574 831 3638 titulo
860 3577 984 3652 ornari,
1016 3576 1092 3656 0010
1145 3573 1225 3638 11000
1246 3572 1375 3656 quidem
1398 3585 1448 3638 001
1470 3576 1719 3656 comparationis
1743 3577 1833 3650 ratio,
1856 3576 1912 3641 sed
1931 3578 2013 3642 mihi
2031 3599 2108 3663 syn·

125 3683 190 3726 nnn
213 3662 279 3726 fuit
301 3662 398 3726 homo
420 3663 600 3744 pecuarius,
622 3661 677 3743 001
700 3658 918 3724 custodiendis
940 3662 1092 3742 gregibus
1144 3660 1230 3723 taxis
1250 3660 1379 3723 videtur
1397 3660 1465 3722 forc
1488 3680 1505 3723 0
1547 3661 1603 3735 101,
1626 3663 1653 3724 01
1676 3662 1736 3725 hoc
1754 3661 1933 3743 epithetum
1953 3665 2110 3746 iungatur

125 3769 257 3829 operam
281 3748 420 3827 locaret,
451 3746 506 3811 sed
530 3768 605 3812 cum
629 3745 822 3812 anctoritate
844 3744 1013 3811 ordinatus
1034 3767 1091 3829 pa·
1144 3745 1285 3829 linguae.
1334 3744 1462 3810 Nomen
1493 3681 1576 3840 01))
1606 3746 1690 3828 quod
1718 3746 1933 3829 perditionem
1963 3760 2106 3825 vertunt,

125 3846 251 3898 storum
274 3834 445 3917 magister:
479 3833 591 3916 000100
620 3832 704 3896 10110
732 3830 826 3896 hodie
856 3831 985 3896 suntin
1010 3832 1091 3897 aulis
1143 3852 1242 3912 quum
1266 3831 1308 3894 sit
1330 3831 1426 3894 etiam
1456 3830 1617 3896 Hebraeis
1650 3832 1833 3912 absconsio,
1873 3832 1954 3897 mihi
1991 3856 2107 3900 sensus

126 3941 258 4002 regum,
291 3918 410 3985 summi
438 3920 628 4001 equisonum
659 3919 822 4001 praelecti.
872 3916 962 3981 Dicit
991 3917 1092 4000 igitur
1144 3916 1197 3981 hic
1220 3917 1376 3998 posterior
1394 3917 1498 3998 magis
1516 3917 1647 3998 placuit.
1692 3916 1832 3982 Videtur
1854 3918 1939 3982 enim
1962 3919 2107 3986 alludere

125 4027 189 4070 000
218 4025 289 4071 esse
322 4026 380 4070 cur
413 4004 476 4070 sibi
507 4007 543 4069 in
577 4024 636 4067 sua
670 4002 894 4085 magnitudine
916 4003 1091 4085 applaudat
1143 4001 1252 4066 David
1275 3999 1315 4064 ad
1342 4000 1474 4083 linguae
1504 4004 1770 4080 abstractionem,
1805 4024 1886 4086 0000
1914 4014 1965 4068 001
1992 4005 2106 4091 deglu-

124 4091 231 4175 Doeg,
254 4090 408 4173 quamdiu
432 4089 472 4154 ad
495 4089 717 4155 crudelitatem
742 4100 775 4153 01
796 4089 900 4154 000100
918 4110 957 4154 00
975 4110 1091 4172 perpe·
1144 4087 1243 4152 tiandi
1266 4086 1470 4170 principium.
1511 4088 1555 4152 Et
1575 4090 1736 4153 concinna
1757 4098 1806 4154 cst
1827 4090 2027 4170 metaphora,
2048 4091 2107 4157 lin·

125 4200 195 4243 ram
226 4177 385 4241 abutitur:
426 4177 492 4240 imo
520 4198 577 4240 cur
606 4173 771 4256 superbiat
796 4175 835 4238 de
865 4195 949 4239 0000
978 4175 1091 4240 100010
1142 4193 1242 4258 guam
1284 4172 1378 4256 Dosg
1421 4183 1573 4256 00001010
1621 4173 1829 4239 fraudulenta
1867 4175 1984 4256 verba,
2024 4198 2107 4260 0000

125 4265 228 4347 regis,
258 4283 355 4346 quem
384 4262 446 4327 sibi
477 4261 648 4342 acquisivit
677 4261 777 4344 impia
802 4260 981 4325 calumnia:
1014 4260 1092 4343 qnia
1143 4259 1305 4342 simplices
1328 4269 1361 4323 et
1383 4259 1535 4324 innoxios
1557 4260 1762 4325 absorbeant.
1807 4261 1910 4326 Porro
1931 4262 1982 4327 his
2005 4265 2106 4328 versi·

124 4351 193 4414 sola
227 4348 399 4431 integritas
432 4347 537 4413 fidelis
575 4355 625 4410 est
654 4350 817 4429 potentiae
854 4360 886 4411 01
923 4346 1091 4428 dignitatis
1143 4344 1202 4409 bus
1225 4343 1306 4409 nihil
1337 4343 1424 4409 aliud
1455 4344 1527 4408 0011
1548 4344 1675 4420 David,
1705 4366 1801 4428 quam
1831 4346 1872 4411 ah
1901 4359 2049 4413 extrema
2074 4365 2106 4414 et

125 4444 244 4500 custos.
288 4434 386 4499 Nulla
408 4444 516 4498 autem
546 4435 596 4496 010
624 4432 810 4515 tyrannica,
838 4431 929 4497 nulla
957 4431 1090 4515 perfidia
1143 4429 1309 4512 deplorata
1331 4428 1433 4495 hostis
1456 4432 1507 4495 sui
1535 4431 1697 4496 iniustitia
1728 4434 1796 4515 spei
1827 4433 2107 4498 confirmationem

123 4522 177 4585 001
211 4521 367 4603 101001100
398 4519 563 4583 diuturna.
619 4516 770 4582 Secundo
803 4531 911 4582 antem
945 4517 1090 4583 membro
1143 4527 1270 4597 petere,
1300 4537 1365 4599 000
1393 4517 1513 4582 0011100
1543 4516 1767 4583 liberationem
1795 4518 1908 4583 aDeo
1930 4531 2105 4603 exspectet.

124 4607 243 4672 clarius
264 4606 418 4688 exprimit
440 4605 526 4670 unde
548 4615 639 4667 tanta
661 4604 778 4685 impiis·
791 4604 942 4668 vsecordia
964 4615 995 4667 et
1016 4623 1090 4668 cae·

123 4694 213 4768 citas,
236 4702 274 4758 01
294 4711 430 4756 excusso
455 4689 519 4755 Dei
541 4700 639 4768 metu,
661 4701 693 4752 01
715 4689 875 4754 exstincto
898 4688 1029 4771 pudore,
1056 4691 1089 4753 in
1228 4688 1257 4751 ‘l.
1280 4687 1390 4753 Etiam
1411 4686 1501 4752 Deus
1517 4688 1628 4770 perdet
1649 4694 1676 4754 10
1697 4690 1731 4753 iu
1752 4694 1924 4771 0010111010,
1946 4692 2047 4772 raptet
2068 4697 2105 4771 10,

124 4779 251 4843 malitia
262 4777 323 4843 sibi
341 4777 466 4859 placere
485 4777 643 4841 audeant:
664 4794 778 4856 nempe
796 4776 871 4857 quia
889 4786 1089 4858 contemptos
1141 4778 1169 4838 01
1189 4773 1289 4840 0001101
1310 4796 1332 4839 0
1352 4773 1556 4854 tabernaculo,
1578 4779 1605 4839 01
1625 4772 1796 4840 0101100111
1817 4779 1846 4837 10
1867 4777 2106 4844 0101001000-

123 4873 157 4929 01
179 4863 322 4929 humiles
343 4864 533 4944 spernendo,
556 4861 684 4944 quidvis
707 4862 740 4924 in
764 4880 817 4924 eos
836 4862 896 4926 sibi
915 4862 1011 4927 linere
1029 4862 1089 4924 fin·
1139 4861 1227 4925 tium.
1276 4858 1376 4924 Seluk.
1423 4860 1452 4924 8.
1475 4859 1520 4924 Et
1540 4859 1685 4925 0101010111
1707 4860 1801 4938 iusti,
1832 4865 1859 4923 01
1888 4860 2048 4945 timebunt,
2080 4870 2107 4927 01

123 4959 220 5034 gunt:
263 4971 337 5014 nam
370 4946 523 5032 indignos
561 4969 631 5012 esse
671 4956 788 5029 putant
826 4968 963 5029 quorum
998 4944 1088 5011 Dens
1139 4965 1235 5025 super
1266 4965 1336 5008 eum
1367 4944 1518 5011 ridebunt.
1569 4946 1600 5012 9.
1630 4945 1709 5010 Ecce
1740 4945 1790 5009 vir
1822 4945 1877 5026 0111
1907 4965 1970 5010 000
1996 4949 2106 5027 posuit

123 5036 279 5120 suscipiat
298 5056 420 5100 curam.
464 5035 535 5098 Imc
557 5033 622 5099 Dei
651 5030 887 5115 providentiam
919 5053 983 5116 qua
1010 5052 1087 5097 suos
1139 5030 1243 5095 Deum
1263 5030 1475 5113 fortitudinem
1496 5053 1604 5097 000011
1632 5031 1814 5111 denudata
1843 5035 1887 5096 001
1915 5032 1950 5096 in
1970 5034 2106 5099 multitu·

124 5132 233 5188 tnetur
256 5121 439 5203 pronihilo
463 5119 625 5194 ducentes,
639 5196 644 5206 ι
658 5127 825 5182 aeternam
848 5118 909 5182 sibi
932 5118 1087 5200 peccandi
1112 5122 1115 5184 1
1138 5118 1211 5182 diuo
1230 5117 1415 5182 divitiorum
1443 5136 1593 5196 suorum,
1621 5123 1648 5182 01
1674 5117 1836 5183 rubeatus
1864 5123 1909 5183 eet
1936 5119 1972 5184 10
1994 5123 2105 5202 proei-

123 5207 289 5275 licentiam
318 5207 523 5290 promittunt.
574 5206 627 5270 Ex
657 5205 802 5286 opposito
835 5204 942 5267 David
975 5216 1087 5269 sancta
1111 5198 1115 5248 ¹
1139 5208 1199 5267 1010
1219 5224 1289 5268 suc.
