4658 5856
99 342 162 409 eat
894 342 1108 411 PSALMUS
1130 338 1294 409 LXXIV.
2024 342 2086 409 698

102 533 258 599 studium.
315 532 444 599 Scimus
477 535 563 598 enim
598 553 693 616 quam
728 524 860 598 difficile
895 533 937 598 sit
971 553 1071 614 supra
1122 539 1200 611 tunc
1217 534 1371 616 exseruit,
1390 541 1427 597 ut
1444 541 1591 616 speraret
1607 533 1742 599 ecclesia
1760 520 1952 616 perpetuum
1973 532 2087 598 salutis

101 641 215 685 omnes
246 619 464 684 dubitationes
496 640 684 702 assurgere,
714 634 751 682 ut
772 618 879 684 soluto
909 630 941 684 et
969 618 1070 683 libero
1122 639 1200 682 suae
1222 620 1290 683 fore
1312 619 1495 694 custodem,
1530 641 1595 683 non
1626 617 1737 684 debuit
1766 618 1825 683 hoc
1854 616 2087 683 documentum

102 725 198 770 eursu
221 705 383 787 intrepide
405 705 526 768 orando
549 724 733 788 pergamus.
768 704 834 769 Hic
856 725 934 787 ergo
952 704 1013 770 sibi
1036 704 1070 767 iu
1121 702 1161 766 ad
1185 717 1324 768 aetatem
1348 726 1446 770 unam
1469 705 1631 787 restringi.
1669 704 1809 786 Ideoque
1832 704 1946 768 merito
1969 703 2008 769 ad
2032 724 2088 786 po·

101 793 291 855 memoriam
316 804 470 855 revocant
486 788 600 855 fideles
619 790 811 855 documenta
830 789 1071 856 misericordiae
1121 798 1225 854 steros
1247 801 1386 873 aptatur,
1410 803 1445 856 nt
1462 789 1649 855 indefidem
1666 811 1757 854 suam
1774 791 1974 854 confirment.
2009 790 2088 855 Cae·
2188 818 2191 825 ⁴

100 888 133 942 et
152 877 285 942 virtutis
303 875 375 943 Dei.
398 877 513 958 quibus
536 896 594 959 per
613 878 782 941 continuas
804 885 947 940 aetatum
971 876 1071 942 series
1122 885 1227 938 terum
1251 879 1400 958 quamvis
1422 898 1488 941 non
1506 876 1615 941 omnia
1637 875 1794 940 miraculo
1818 886 1983 941 recenseat
2005 896 2087 958 quac
2198 895 2207 911 ·

100 973 242 1028 testatus
269 976 374 1026 estse
397 983 506 1044 regem
530 983 600 1027 esse
623 962 717 1026 electi
740 962 861 1044 populi.
905 961 1071 1027 Docemur
1121 959 1212 1025 Deus
1235 962 1268 1025 in
1288 963 1377 1027 exitu
1397 962 1505 1046 populi
1525 961 1635 1038 edidit,
1658 983 1716 1044 per
1734 960 1957 1045 synecdochen
1978 973 2086 1026 tamen

101 1058 212 1112 autem
243 1048 304 1114 hoo
332 1047 497 1129 exemplo,
528 1048 602 1129 quia
632 1069 698 1113 uon
729 1048 848 1111 sufficit
871 1055 946 1112 vota
976 1047 1070 1111 labiis
1121 1047 1345 1128 complectitur
1366 1046 1523 1131 quidquid
1553 1047 1659 1112 fusius
1684 1056 1836 1111 narratur
1859 1047 1943 1128 apud
1968 1046 2086 1112 Mosen.

100 1135 278 1216 concipere,
310 1134 436 1198 nisiex
459 1133 689 1199 fideoremus:
720 1133 845 1198 animos
868 1154 996 1215 semper
1019 1154 1067 1197 re·
1122 1129 1218 1210 Quod
1247 1133 1325 1200 dicit
1347 1133 1534 1199 Leviathan
1563 1135 1697 1199 cessisse
1727 1133 1760 1196 in
1790 1132 1896 1196 cibum
1920 1133 2087 1213 Israelitis,

100 1220 263 1284 vocendoe
285 1241 355 1284 esse
377 1218 417 1282 ad
441 1219 606 1297 beneficia,
634 1219 751 1301 quibus
775 1231 948 1301 paternum
973 1240 1069 1284 suum
1121 1218 1304 1300 etquidem
1328 1221 1360 1284 iu
1385 1219 1523 1299 deserto,
1546 1221 1705 1285 concinna
1727 1218 1842 1282 allusio
1865 1231 1914 1282 est
1936 1218 1976 1283 ad
1999 1219 2086 1283 Pha·

99 1325 244 1369 amorem
266 1302 360 1369 Deus
381 1326 459 1386 erga
482 1325 541 1369 nos
564 1307 712 1380 saucivit,
742 1318 774 1369 et
796 1326 878 1387 quac
900 1304 1069 1371 electionis
1120 1304 1231 1367 raonis
1251 1306 1437 1370 interitum:
1461 1328 1498 1370 ac
1513 1306 1539 1368 ei
1559 1305 1689 1381 diceret,
1711 1325 1873 1368 annonam
1893 1304 1991 1368 fuisse
2010 1318 2087 1371 tunc

100 1392 171 1454 ains
190 1392 373 1455 testimonia
390 1412 460 1454 esse
479 1389 605 1454 debent.
640 1391 723 1455 Nem
742 1393 825 1474 repis
842 1410 963 1454 nomen
984 1388 1068 1474 quod
1120 1391 1310 1471 repositam,
1339 1412 1404 1474 qua
1427 1404 1611 1458 vesceretur
1632 1390 1788 1474 populus:
1822 1391 1895 1472 quia
1918 1391 2087 1456 exstinctis

99 1476 171 1540 Deo
194 1476 307 1540 tribuit
332 1476 500 1559 propheta,
531 1498 593 1540 nou
618 1476 659 1540 ad
681 1476 784 1541 solum
814 1476 987 1560 imperium
1017 1498 1067 1540 re·
1121 1471 1269 1541 hostibus
1299 1478 1456 1543 securitas
1486 1499 1549 1541 nou
1580 1477 1675 1541 aliter
1705 1498 1742 1541 ac
1771 1475 1860 1541 cibus
1883 1477 1983 1540 vitam
2014 1496 2087 1558 pro-

99 1562 218 1644 stringi
248 1571 353 1644 patet:
388 1561 443 1627 ssd
474 1561 550 1643 quia
578 1561 735 1710 pegulum
766 1561 857 1626 illum
888 1560 1065 1645 regendum
1120 1562 1233 1639 traxit,
1256 1584 1292 1628 ac
1315 1583 1374 1644 per
1397 1563 1560 1630 desertum
1583 1562 1738 1646 intelligit
1760 1583 1827 1626 non
1850 1561 1997 1644 regiones
2020 1584 2087 1626 ma-

98 1660 286 1729 susceperat
305 1661 340 1711 ut
358 1648 486 1712 salvum
505 1659 538 1712 et
553 1647 626 1713 inco
640 1669 747 1712 umem
764 1657 953 1731 praestaret.
978 1644 1066 1727 Quid
1119 1646 1255 1728 ritimas,
1286 1650 1436 1730 quamvis
1458 1650 1585 1715 steriles
1607 1651 1673 1714 sint
1695 1657 1727 1712 et
1749 1648 1869 1724 aridae,
1895 1645 1950 1712 sed
1973 1647 2086 1712 solitu·

99 1734 209 1797 valcat
228 1733 387 1816 particule
404 1732 443 1798 ob
459 1733 562 1813 initio,
583 1735 646 1797 iam
665 1732 816 1800 diximus.
850 1733 916 1798 Per
932 1733 1067 1798 medium
1120 1730 1212 1798 dines
1234 1735 1345 1816 procul
1368 1757 1387 1800 a
1410 1737 1492 1801 mari
1516 1746 1667 1801 remotas.
1713 1732 1868 1816 Sequenti
1892 1754 1989 1796 versu
2013 1754 2086 1815 pro·

98 1824 198 1883 terrae
227 1819 358 1902 quidam
389 1818 545 1883 Iudaeam
576 1818 648 1883 ideo
677 1819 786 1883 notari
815 1828 946 1901 putant,
982 1817 1066 1900 quod
1119 1819 1265 1900 sequitur
1284 1821 1368 1884 idem
1389 1834 1631 1905 argumentum,
1650 1819 1704 1884 ubi
1724 1820 1802 1884 dicit
1821 1820 1934 1900 sonem
1954 1820 2087 1887 scissum

98 1906 162 1968 sita
196 1915 282 1970 esset
314 1905 346 1967 in
380 1904 535 1970 umbilico
569 1904 683 1968 mundi
717 1903 912 1970 habitabilis.
966 1905 1067 1987 Atqui
1117 1903 1227 1982 fuisse,
1251 1926 1352 1987 quum
1375 1907 1499 1973 scilicet
1520 1927 1604 1989 aqua
1626 1928 1643 1971 e
1666 1927 1746 1989 rupe
1769 1905 1877 1969 elicita
1897 1905 1967 1971 fuit.
2000 1906 2087 1970 'Pan-

98 1991 178 2055 satis
200 2002 327 2056 constat
349 2010 407 2072 pro
431 1990 501 2055 loco
523 1990 697 2072 conspicuo
719 1991 822 2056 sumi:
846 1990 941 2056 sicuti
965 2011 1066 2074 quum
1119 1985 1192 2051 dem
1217 1990 1317 2071 addit,
1346 1993 1473 2058 siccatos
1493 1992 1594 2074 fuisse
1612 1993 1726 2072 flames
1747 1990 1874 2068 ualidos,
1905 2013 2003 2072 quum
2027 1992 2086 2057 sci·

98 2075 264 2140 Pharaoni
297 2076 420 2142 dictum
455 2088 520 2139 est:
553 2075 740 2159 cognoscar
769 2074 860 2142 Deus
893 2078 927 2140 in
961 2074 1067 2141 medio
1118 2072 1194 2139 licet
1217 2078 1337 2142 reflexo
1359 2100 1456 2143 cursu
1476 2077 1625 2143 Iordanis
1648 2077 1738 2142 Deus
1771 2077 1946 2141 transitum
1970 2077 2086 2159 populo

97 2175 221 2242 terrae,
254 2160 359 2227 Exod.
383 2162 413 2244 8,
435 2162 487 2227 22.
531 2159 683 2243 Simplex
717 2162 826 2245 itaque
859 2183 974 2227 sensus
1008 2172 1067 2245 cst,
1120 2180 1178 2222 suo
1208 2164 1367 2243 praebuit.
1420 2164 1504 2228 Nam
1539 2164 1664 2228 ratione
1697 2173 1785 2227 caret
1819 2161 1903 2244 quod
1939 2162 2087 2228 nonnulli

96 2247 219 2313 multas
252 2248 374 2313 salutes
406 2247 610 2325 manifestas,
643 2248 744 2312 fuisse
773 2247 935 2312 exhibitas
964 2247 1067 2313 electo
1119 2256 1202 2355 prat&
1224 2251 1392 2332 proprium
1416 2272 1535 2314 nomeu
1558 2270 1628 2314 esse
1650 2249 1775 2314 volunt.

96 2335 215 2416 populo
236 2333 329 2415 quasi
351 2335 385 2397 iu
409 2333 530 2397 illustri
553 2333 692 2398 theatro.
1207 2333 1256 2398 16.
1287 2333 1393 2419 (Tetus
1420 2340 1466 2400 est
1492 2334 1583 2418 dies.)
1626 2334 1805 2399 Descendit
1834 2332 1874 2397 ad
1897 2333 1959 2399 Dei
1989 2334 2085 2401 bone·

1120 2417 1200 2495 froia,
1229 2441 1310 2501 quae
1332 2421 1551 2485 communiter
1573 2420 1613 2484 ad
1636 2418 1815 2484 humanum
1838 2441 1940 2501 genus
1962 2430 2086 2502 patent.

184 2504 233 2570 13.
265 2504 315 2568 Tu
344 2504 469 2587 fregisti
490 2505 526 2568 in
546 2504 659 2569 uirtute
683 2508 738 2569 fua
760 2524 863 2569 more:
894 2505 1067 2570 contrivisti
1099 2501 1297 2587 Postquam
1321 2507 1406 2570 enim
1431 2506 1599 2571 exordium
1618 2505 1696 2571 fecit
1714 2526 1733 2569 a
1751 2503 1943 2587 specialibus
1963 2508 2087 2589 gratiis,

95 2592 203 2671 capito
233 2590 403 2655 draconum
433 2609 533 2668 super
561 2609 672 2670 aquas.
725 2591 774 2655 14.
809 2590 858 2654 Tu
887 2591 1067 2674 confregisti
1120 2588 1236 2669 quibus
1257 2612 1292 2656 se
1310 2590 1402 2655 Deus
1424 2605 1549 2674 patrem
1569 2591 1670 2657 electo
1688 2591 1805 2674 populo
1824 2589 1974 2669 ostendit,
1997 2614 2086 2659 nunc

95 2681 188 2756 capot
211 2675 428 2759 tractasse)
445 2676 584 2755 potetisti
605 2695 676 2740 eum
697 2695 799 2741 escum
816 2677 937 2757 populo
959 2681 1011 2741 tuo
1032 2677 1067 2741 iu
1119 2688 1301 2756 opportune
1334 2688 1567 2742 commemorat
1596 2679 1721 2742 cunctis
1755 2674 1945 2740 mortalibus
1978 2678 2085 2760 ipsum

94 2764 220 2829 desem.
267 2762 317 2826 15.
343 2762 393 2826 Tu
415 2760 537 2826 scoies·
557 2759 670 2841 fortem
691 2767 719 2826 ct
739 2766 918 2826 umentem:
950 2766 983 2826 tu
1005 2763 1065 2828 sic·
1120 2780 1190 2824 esse
1219 2759 1410 2827 beneficum.
1461 2763 1526 2828 His
1554 2774 1662 2827 autem
1691 2760 1800 2826 verbis
1829 2762 1992 2845 significat
2020 2786 2085 2830 uon

95 2848 313 2926 castificatos
341 2846 470 2912 validos.
524 2846 575 2910 16.
608 2846 696 2912 Tuus
722 2853 767 2912 est
786 2848 864 2927 dies,
896 2849 990 2911 etiam
1012 2853 1066 2913 tua
1119 2846 1255 2911 fortuito
1277 2849 1362 2912 inter
1384 2870 1419 2913 se
1443 2847 1614 2914 succedere
1643 2859 1751 2914 noctes
1774 2858 1806 2911 et
1829 2848 1896 2912 dies
1918 2850 2015 2913 certis
2036 2851 2085 2914 vi-

95 2940 140 2998 cet
168 2953 248 2997 nee:
280 2938 314 2996 tu
342 2931 555 3015 editorem)
588 2933 686 2997 luceru
718 2939 745 2998 et
777 2932 881 2998 solem.
936 2934 983 2998 tt.
1017 2934 1066 2998 Tu
1119 2928 1217 3007 cibus,
1240 2933 1297 2997 sed
1319 2932 1383 2996 Doi
1406 2934 1540 2998 arbitrio
1561 2935 1740 3015 praefixum
1767 2933 1867 3002 fnisse
1890 2933 1977 2998 hunc
1999 2935 2085 3001 ordi·

92 3018 197 3099 firs'ets'
219 3039 322 3083 omues
344 3020 490 3082 mmtnos
518 3023 625 3094 terrae,
656 3023 803 3084 aestatem
824 3024 853 3082 et
874 3017 1009 3101 hyemem
1031 3025 1065 3083 tu
1118 3036 1204 3094 nem,
1227 3031 1259 3081 et
1282 3019 1364 3082 ratio
1387 3019 1527 3095 additur,
1550 3021 1625 3102 quia
1646 3018 1737 3083 Deus
1759 3018 1818 3082 soli
1840 3018 1995 3083 indiderit
2017 3023 2084 3085 vim

92 3104 248 3187 formasti.
1118 3109 1152 3164 et
1180 3124 1299 3169 munus
1329 3103 1562 3168 illuminandae
1591 3118 1705 3169 terrac.
1758 3103 1822 3170 Ubi
1852 3104 1939 3168 enim
1973 3105 2083 3170 lumen

1117 3189 1235 3271 posuit,
1265 3187 1364 3254 solem
1389 3188 1538 3272 adiungit
1559 3191 1649 3273 quasi
1672 3190 1880 3273 praecipuum
1903 3191 1972 3254 eius
1993 3189 2084 3255 vehi·

184 3275 232 3340 13.
267 3273 333 3358 (Tu
364 3273 513 3359 fregisti.)
565 3272 697 3356 Species
731 3274 886 3357 quasdam
920 3275 1063 3341 salutum
1116 3272 1236 3353 culum.
1282 3275 1320 3339 ln
1349 3275 1410 3339 hoc
1431 3275 1544 3341 ordine
1574 3297 1673 3359 quum
1702 3288 1813 3359 aperte
1842 3274 2004 3358 refulgeat
2033 3277 2083 3341 iu·

94 3363 238 3426 maxime
261 3360 488 3425 memorabiles
510 3359 634 3442 colligit
655 3361 822 3443 propheta.
866 3361 1064 3444 Quanquam
1116 3361 1344 3442 comparabilis
1369 3359 1433 3425 Dei
1462 3361 1591 3428 bonitas
1620 3382 1697 3444 erga
1727 3360 1896 3443 mortales,
1929 3383 1995 3426 non
2026 3364 2084 3428 abs

95 3467 209 3512 omnes
242 3445 282 3510 ad
316 3446 455 3527 primam
489 3446 744 3528 redemptionem
778 3447 960 3528 pertinent,
1001 3469 1064 3530 qua
1116 3467 1151 3509 re
1173 3446 1333 3529 propbeta
1360 3446 1498 3512 fiduciae
1527 3447 1696 3512 materiam
1724 3445 1800 3511 inde
1822 3447 1913 3529 petit.
1956 3447 2082 3513 Eodem

94 3533 187 3597 Deus
211 3532 366 3614 populum
390 3553 483 3596 suum
508 3531 549 3595 ab
570 3533 762 3615 aegyptiaca
785 3534 957 3614 tyrannide
979 3556 1064 3598 asse·
1115 3542 1239 3614 spectat
1272 3533 1357 3615 quod
1391 3535 1539 3615 proximo
1571 3534 1716 3615 sequitur
1749 3532 1789 3597 de
1821 3533 1942 3597 finibus
1977 3545 2082 3600 terrae

93 3620 168 3684 ruit.
205 3617 327 3683 Postea
349 3615 524 3682 descendet
546 3615 585 3681 ad
605 3617 757 3701 generale
779 3618 921 3702 elogium
940 3621 1063 3702 gratiae
1115 3616 1294 3696 distinctis,
1329 3617 1368 3683 de
1401 3632 1515 3683 mutuo
1548 3619 1676 3703 hyemis
1709 3631 1741 3682 ct
1771 3619 1904 3682 aestatis
1936 3639 2081 3686 recursu.

94 3704 169 3783 Dei,
198 3722 281 3785 quae
302 3703 338 3766 in
361 3712 463 3766 totum
492 3703 602 3767 orbem
627 3702 830 3767 diffunditur.
876 3705 928 3768 Ita
950 3726 970 3769 a
991 3726 1062 3787 spe·
1115 3702 1261 3768 Dubium
1284 3716 1391 3770 tamen
1415 3714 1466 3769 est
1487 3715 1694 3770 extremasne
1716 3704 1803 3768 orbis
1825 3703 1938 3786 plagas
1959 3704 2081 3769 intelli·

93 3790 168 3856 ciali
191 3791 307 3873 gratia,
331 3808 394 3870 qua
410 3789 500 3853 Deus
523 3789 691 3854 ecclesiam
713 3808 804 3853 suam
828 3789 981 3873 dignatus
1005 3801 1063 3870 est,
1114 3800 1185 3870 gat,
1216 3811 1258 3854 an
1282 3810 1359 3854 vero
1391 3788 1547 3872 speciales
1577 3790 1751 3865 terminos,
1785 3789 1903 3872 quibus
1932 3789 2081 3874 singulae

94 3877 270 3941 transitum
301 3874 361 3939 sibi
392 3875 469 3938 facit
498 3873 538 3937 ad
569 3875 832 3939 benevolentiam
861 3897 924 3958 qua
951 3896 1059 3958 prose·
1114 3876 1263 3958 regiones
1293 3874 1416 3940 divisae
1446 3887 1533 3940 suut.
1585 3876 1657 3940 Etsi
1686 3874 1773 3939 enim
1806 3872 1980 3938 turbantur
2010 3876 2082 3941 vio-

94 3963 204 4043 quitur
228 3970 332 4023 totum
356 3959 536 4023 humanum
568 3982 682 4043 genus.
725 3959 818 4026 Dicit
846 3963 950 4043 primo
973 3981 1062 4027 mare
1114 3959 1215 4024 lentie
1245 3960 1423 4034 hominum,
1455 3961 1533 4025 dum
1560 3959 1752 4026 insatiabilis
1774 3957 1935 4042 cupiditas
1956 3970 1988 4025 et
2011 3983 2080 4026 am·

93 4046 229 4130 fregisse
252 4045 305 4109 vol
327 4048 476 4110 secuisse.
512 4045 704 4110 Proximum
725 4047 906 4111 membrum
930 4046 1061 4130 quidam
1114 4045 1194 4109 bitio
1216 4045 1371 4128 quidquid
1396 4046 1612 4112 distinotionis
1629 4047 1664 4110 in
1682 4046 1805 4109 mundo
1823 4053 1872 4109 est
1890 4049 2080 4131 perrumpit,

94 4152 258 4197 annexum
283 4152 353 4195 esse
375 4142 502 4213 putant,
524 4130 610 4213 quod
634 4146 721 4196 cetos
744 4140 777 4195 et
799 4132 880 4196 alios
902 4135 1062 4198 maximos
1114 4132 1234 4195 renitet
1256 4145 1364 4196 tomen
1389 4133 1450 4196 Dei
1480 4131 1644 4214 singulare
1669 4131 1870 4208 beneficium,
1898 4132 1983 4212 quod
2013 4136 2079 4198 sin·

94 4221 198 4300 pisces
226 4219 345 4281 siccato
375 4216 456 4279 mari
479 4216 570 4281 Deus
597 4217 805 4281 interfecerit.
851 4218 922 4301 Ego
952 4229 1060 4284 tamen
1113 4217 1198 4299 gulis
1226 4217 1378 4300 gentibus
1409 4238 1501 4282 suam
1537 4217 1767 4282 habitationem
1799 4217 1956 4281 attribuit.
2006 4219 2078 4302 Ego

93 4304 301 4368 Pharaonem
331 4317 363 4366 et
391 4303 462 4366 cius
491 4302 670 4367 exercitum
703 4302 922 4385 metaphorice
954 4306 1061 4369 notari
1113 4315 1223 4367 tamen
1247 4304 1328 4367 fines
1352 4305 1457 4386 potius
1478 4303 1634 4388 intelligo,
1665 4303 1719 4385 qui
1747 4301 1917 4367 hominum
1945 4303 2077 4368 libidine

93 4389 250 4454 arbitror:
285 4388 359 4471 qnia
389 4388 468 4452 haec
497 4389 579 4452 ratio
602 4386 754 4470 loquendi
777 4387 944 4471 prophetis
968 4389 1061 4455 valde
1114 4391 1241 4453 misceri
1261 4398 1436 4470 nequeunt,
1456 4386 1540 4471 quod
1558 4389 1683 4454 seilicet
1700 4386 1791 4453 Deus
1811 4401 1917 4453 terrae
1934 4390 2077 4470 spatium

94 4476 173 4540 trita
203 4490 268 4550 cet,
302 4475 491 4556 praesertim
524 4474 577 4538 ubi
607 4474 646 4537 fit
673 4495 779 4537 sermo
810 4473 849 4538 de
877 4475 1059 4560 Aegyptiis,
1114 4475 1298 4539 hominibus
1321 4474 1532 4539 destinaverit
1561 4485 1717 4556 quantum
1746 4472 1787 4538 ad
1810 4473 1985 4555 hospitium
2008 4476 2075 4540 suf·

94 4581 232 4642 quorum
263 4574 381 4623 terram
413 4558 507 4624 alluit
536 4560 695 4642 piscosum
726 4580 830 4637 maro,
864 4560 958 4625 Nilus
982 4582 1060 4626 vero
1111 4563 1230 4626 ficeret.
1265 4560 1334 4624 Iam
1356 4561 1484 4644 hyemis
1502 4572 1534 4624 et
1552 4562 1684 4629 aestatis
1702 4560 1790 4626 vices
1808 4558 1892 4622 clare
1915 4572 2083 4626 testantur
2133 4587 2138 4596 ·

95 4646 309 4729 praeterfluit.
359 4644 533 4710 Leoictftuu
566 4665 644 4727 ergo
679 4666 743 4709 non
777 4645 834 4710 abs
866 4666 901 4710 re
931 4646 1060 4711 Pharao
1112 4669 1208 4730 quam
1240 4645 1378 4728 benigne
1403 4647 1494 4711 Dous
1523 4646 1695 4710 bominum
1726 4644 1974 4710 necessitatibus
2003 4668 2076 4729 pro·

96 4747 232 4797 vocatur
255 4742 385 4814 propter
407 4730 653 4794 commoditates
682 4729 791 4810 maris,
822 4732 897 4812 quia
921 4731 987 4796 illic
1009 4755 1058 4797 re·
1111 4733 1263 4814 spexerit.
1308 4730 1403 4797 Unde
1432 4731 1610 4814 prudenter
1639 4730 1761 4813 colligit
1792 4728 1962 4812 propheta,
1992 4734 2075 4798 nihil

94 4838 195 4900 gnum
226 4838 322 4881 suum
357 4818 446 4898 quasi
477 4815 614 4880 balaena
642 4829 799 4881 exorceat.
851 4816 954 4881 Porro
984 4818 1060 4900 quia
1112 4820 1221 4882 minus
1251 4838 1322 4882 esse
1351 4829 1615 4895 consentancum,
1644 4837 1740 4900 quam
1772 4827 1809 4879 ut
1837 4836 1915 4898 erga
1943 4838 2078 4902 gregem

92 4902 155 4968 hoc
177 4904 242 4967 fine
264 4901 356 4966 Deus
380 4890 563 4983 potentiam'
582 4922 673 4966 suam
697 4901 731 4965 iu
754 4902 919 4966 liberando
942 4906 1060 4986 populo
1111 4926 1224 4982 suum,
1262 4914 1294 4967 et
1327 4903 1539 4983 domesticos,
1573 4904 1676 4984 patris
1708 4903 1848 4967 officium
1882 4900 1987 4967 facere
2020 4926 2075 4983 ne·

92 5049 297 5060 ..........
1111 4989 1224 5074 gligat.

93 5202 149 5249 a„
166 5125 408 5264 ,fflffffiilu
426 5132 516 5193 ‘²1⁰2‘ss
533 5141 564 5178 ιη
581 5130 655 5178 ''⁰⁸⁶''
677 5123 748 5177 Um
766 5124 791 5176 ¹⁰
804 5123 864 5191 pm
881 5125 968 5193 ⁸¹⁸¹¹d
985 5142 1060 5181 '¹¹⁰⁰'
1198 5160 1247 5225 18.
1284 5158 1459 5224 Recordare
1490 5159 1602 5242 buius,
1643 5157 1845 5223 adversarius
1877 5158 2075 5240 exprobrauit

164 5264 210 5332 “)
227 5263 268 5316 Tu
286 5281 316 5316 ss
333 5263 462 5328 ordonne',
480 5278 514 5315 sn
531 5279 635 5331 antiopa
654 5278 687 5316 ou
706 5261 820 5330 sstsbty.
1113 5245 1260 5311 feltooce:
1290 5251 1316 5309 et
1344 5245 1482 5325 populus
1511 5244 1607 5309 esibili
1636 5244 1817 5309 contumelio
1844 5245 1945 5326 offecit
1966 5266 2076 5314 nomm
