<?xml version="1.0" encoding="UTF-8"?>
<!DOCTYPE html PUBLIC "-//W3C//DTD XHTML 1.0 Transitional//EN"
    "http://www.w3.org/TR/xhtml1/DTD/xhtml1-transitional.dtd">
<html xmlns="http://www.w3.org/1999/xhtml" xml:lang="en" lang="en">
 <head>
  <title>
</title>
<meta http-equiv="Content-Type" content="text/html;charset=utf-8" />
  <meta name='ocr-system' content='tesseract 3.04.00' />
  <meta name='ocr-capabilities' content='ocr_page ocr_carea ocr_par ocr_line ocrx_word'/>
</head>
<body>
  <div class='ocr_page' id='page_1' title='image "./corpusreformato05melagoog_0232.png"; bbox 0 0 4672 5864; ppageno 0'>
   <div class='ocr_carea' id='block_1_1' title="bbox 168 329 2164 403">
    <p class='ocr_par' dir='ltr' id='par_1_1' title="bbox 168 329 2164 403">
     <span class='ocr_line' id='line_1_1' title="bbox 168 329 2164 403; baseline 0.004 -7"><span class='ocrx_word' id='word_1_1' title='bbox 168 333 231 399; x_wconf 80' lang='lat'><strong>485</strong></span> <span class='ocrx_word' id='word_1_2' title='bbox 983 329 1200 398; x_wconf 81' lang='lat' dir='ltr'>PSALMUS</span> <span class='ocrx_word' id='word_1_3' title='bbox 1224 330 1353 397; x_wconf 84' lang='lat' dir='ltr'>XLIX.</span> <span class='ocrx_word' id='word_1_4' title='bbox 2100 338 2164 403; x_wconf 88' lang='grc'><strong>486</strong></span> 
     </span>
    </p>
   </div>
   <div class='ocr_carea' id='block_1_2' title="bbox 164 519 2164 4978">
    <p class='ocr_par' dir='ltr' id='par_1_2' title="bbox 164 519 2164 4978">
     <span class='ocr_line' id='line_1_2' title="bbox 167 519 2164 606; baseline 0 -18"><span class='ocrx_word' id='word_1_5' title='bbox 167 521 303 588; x_wconf 79' lang='lat' dir='ltr'><strong>felicitas</strong></span> <span class='ocrx_word' id='word_1_6' title='bbox 325 520 360 584; x_wconf 92' lang='lat' dir='ltr'><strong>in</strong></span> <span class='ocrx_word' id='word_1_7' title='bbox 382 520 452 584; x_wconf 88' lang='lat' dir='ltr'><strong>eius</strong></span> <span class='ocrx_word' id='word_1_8' title='bbox 476 543 572 587; x_wconf 88' lang='lat' dir='ltr'><strong>sensu</strong></span> <span class='ocrx_word' id='word_1_9' title='bbox 596 523 650 604; x_wconf 91' lang='lat' dir='ltr'><strong>qui</strong></span> <span class='ocrx_word' id='word_1_10' title='bbox 674 520 795 585; x_wconf 81' lang='lat' dir='ltr'>fruitur</span> <span class='ocrx_word' id='word_1_11' title='bbox 817 520 860 584; x_wconf 92' lang='lat' dir='ltr'><strong>sit</strong></span> <span class='ocrx_word' id='word_1_12' title='bbox 882 519 1000 602; x_wconf 86' lang='lat' dir='ltr'><strong>posita,</strong></span> <span class='ocrx_word' id='word_1_13' title='bbox 1022 519 1140 584; x_wconf 90' lang='lat' dir='ltr'><strong>stultos</strong></span> <span class='ocrx_word' id='word_1_14' title='bbox 1192 519 1392 606; x_wconf 42' lang='lat' dir='ltr'><strong>attestanti)</strong></span> <span class='ocrx_word' id='word_1_15' title='bbox 1431 521 1637 586; x_wconf 74' lang='lat' dir='ltr'><strong>liabitotioaes</strong></span> <span class='ocrx_word' id='word_1_16' title='bbox 1668 542 1774 589; x_wconf 70' lang='lat' dir='ltr'><strong>eoram</strong></span> <span class='ocrx_word' id='word_1_17' title='bbox 1807 524 1842 586; x_wconf 84' lang='grc' dir='ltr'><strong>ιἰι</strong></span> <span class='ocrx_word' id='word_1_18' title='bbox 1878 524 2104 605; x_wconf 72' lang='lat' dir='ltr'><strong>perterritionem</strong></span> <span class='ocrx_word' id='word_1_19' title='bbox 2136 529 2164 589; x_wconf 84' lang='lat' dir='ltr'><strong>et</strong></span> 
     </span>
     <span class='ocr_line' id='line_1_3' title="bbox 166 604 2161 689; baseline 0.001 -15"><span class='ocrx_word' id='word_1_20' title='bbox 166 621 197 675; x_wconf 88' lang='lat' dir='ltr'><strong>et</strong></span> <span class='ocrx_word' id='word_1_21' title='bbox 218 604 368 671; x_wconf 81' lang='lat' dir='ltr'>socordes</span> <span class='ocrx_word' id='word_1_22' title='bbox 386 627 482 670; x_wconf 92' lang='lat' dir='ltr'><strong>nemo</strong></span> <span class='ocrx_word' id='word_1_23' title='bbox 500 607 609 672; x_wconf 89' lang='lat' dir='ltr'><strong>felioes</strong></span> <span class='ocrx_word' id='word_1_24' title='bbox 627 627 697 679; x_wconf 89' lang='lat' dir='ltr'><strong>esse</strong></span> <span class='ocrx_word' id='word_1_25' title='bbox 713 606 807 683; x_wconf 85' lang='lat' dir='ltr'><strong>dieat,</strong></span> <span class='ocrx_word' id='word_1_26' title='bbox 826 607 902 688; x_wconf 91' lang='lat' dir='ltr'><strong>quia</strong></span> <span class='ocrx_word' id='word_1_27' title='bbox 918 607 1141 688; x_wconf 75' lang='lat' dir='ltr'><strong>intelligentia</strong></span> <span class='ocrx_word' id='word_1_28' title='bbox 1189 607 1434 686; x_wconf 77' lang='lat' dir='ltr'><strong>penorutioaem,</strong></span> <span class='ocrx_word' id='word_1_29' title='bbox 1472 615 1654 672; x_wconf 77' lang='lat' dir='ltr'><strong>vocaverant</strong></span> <span class='ocrx_word' id='word_1_30' title='bbox 1683 609 1813 674; x_wconf 81' lang='lat' dir='ltr'><strong>nomiae</strong></span> <span class='ocrx_word' id='word_1_31' title='bbox 1842 630 1902 673; x_wconf 80' lang='lat' dir='ltr'><strong>suo</strong></span> <span class='ocrx_word' id='word_1_32' title='bbox 1929 629 2024 689; x_wconf 80' lang='lat' dir='ltr'><strong>super</strong></span> <span class='ocrx_word' id='word_1_33' title='bbox 2051 615 2161 675; x_wconf 81' lang='lat' dir='ltr'><strong>terras.</strong></span> 
     </span>
     <span class='ocr_line' id='line_1_4' title="bbox 167 690 2163 776; baseline 0.001 -17"><span class='ocrx_word' id='word_1_34' title='bbox 167 703 288 762; x_wconf 78' lang='lat' dir='ltr'><strong>tarent.</strong></span> <span class='ocrx_word' id='word_1_35' title='bbox 333 691 502 774; x_wconf 77' lang='lat' dir='ltr'>Propheta</span> <span class='ocrx_word' id='word_1_36' title='bbox 524 705 633 757; x_wconf 89' lang='lat' dir='ltr'><strong>autem</strong></span> <span class='ocrx_word' id='word_1_37' title='bbox 656 693 808 776; x_wconf 89' lang='lat' dir='ltr'><strong>profanos</strong></span> <span class='ocrx_word' id='word_1_38' title='bbox 831 693 979 756; x_wconf 91' lang='lat' dir='ltr'><strong>homines</strong></span> <span class='ocrx_word' id='word_1_39' title='bbox 1002 710 1141 756; x_wconf 85' lang='lat' dir='ltr'><strong>vesanos</strong></span> <span class='ocrx_word' id='word_1_40' title='bbox 1193 690 1243 756; x_wconf 87' lang='grc'><strong>13.</strong></span> <span class='ocrx_word' id='word_1_41' title='bbox 1267 690 1312 755; x_wconf 84' lang='lat' dir='ltr'><strong>Et</strong></span> <span class='ocrx_word' id='word_1_42' title='bbox 1326 691 1414 757; x_wconf 82' lang='lat' dir='ltr'><strong>homo</strong></span> <span class='ocrx_word' id='word_1_43' title='bbox 1432 694 1468 756; x_wconf 82' lang='lat' dir='ltr'><strong>ia</strong></span> <span class='ocrx_word' id='word_1_44' title='bbox 1485 694 1661 759; x_wconf 74' lang='lat' dir='ltr'><strong>excellentia</strong></span> <span class='ocrx_word' id='word_1_45' title='bbox 1684 714 1745 759; x_wconf 83' lang='lat' dir='ltr'><strong>noa</strong></span> <span class='ocrx_word' id='word_1_46' title='bbox 1762 695 1905 767; x_wconf 80' lang='lat' dir='ltr'><strong>manebit,</strong></span> <span class='ocrx_word' id='word_1_47' title='bbox 1927 695 2044 759; x_wconf 78' lang='lat' dir='ltr'><strong>similis</strong></span> <span class='ocrx_word' id='word_1_48' title='bbox 2059 695 2163 775; x_wconf 76' lang='lat' dir='ltr'><strong>faetus</strong></span> 
     </span>
     <span class='ocr_line' id='line_1_5' title="bbox 167 777 1605 862; baseline -0.002 -16"><span class='ocrx_word' id='word_1_49' title='bbox 167 801 236 846; x_wconf 86' lang='lat' dir='ltr'><strong>esse</strong></span> <span class='ocrx_word' id='word_1_50' title='bbox 266 777 425 842; x_wconf 82' lang='lat' dir='ltr'><strong>ostendit:</strong></span> <span class='ocrx_word' id='word_1_51' title='bbox 455 780 531 862; x_wconf 90' lang='lat' dir='ltr'><strong>quia</strong></span> <span class='ocrx_word' id='word_1_52' title='bbox 557 777 720 844; x_wconf 77' lang='lat' dir='ltr'><strong>confidere</strong></span> <span class='ocrx_word' id='word_1_53' title='bbox 750 778 783 840; x_wconf 93' lang='lat' dir='ltr'><strong>in</strong></span> <span class='ocrx_word' id='word_1_54' title='bbox 812 797 871 842; x_wconf 90' lang='lat' dir='ltr'><strong>sua</strong></span> <span class='ocrx_word' id='word_1_55' title='bbox 902 778 1077 860; x_wconf 86' lang='lat' dir='ltr'><strong>opulentia,</strong></span> <span class='ocrx_word' id='word_1_56' title='bbox 1108 786 1141 841; x_wconf 93' lang='lat' dir='ltr'><strong>et</strong></span> <span class='ocrx_word' id='word_1_57' title='bbox 1190 781 1234 841; x_wconf 84' lang='lat' dir='ltr'><strong>est</strong></span> <span class='ocrx_word' id='word_1_58' title='bbox 1255 779 1418 843; x_wconf 82' lang='lat' dir='ltr'><strong>iumentis:</strong></span> <span class='ocrx_word' id='word_1_59' title='bbox 1442 780 1605 845; x_wconf 79' lang='lat' dir='ltr'><strong>intereant.</strong></span> 
     </span>
     <span class='ocr_line' id='line_1_6' title="bbox 167 863 1140 946; baseline -0.007 -14"><span class='ocrx_word' id='word_1_60' title='bbox 167 869 200 932; x_wconf 91' lang='lat' dir='ltr'><strong>in</strong></span> <span class='ocrx_word' id='word_1_61' title='bbox 224 863 349 929; x_wconf 85' lang='lat' dir='ltr'><strong>divitiis</strong></span> <span class='ocrx_word' id='word_1_62' title='bbox 368 863 510 946; x_wconf 88' lang='lat' dir='ltr'><strong>gloriari,</strong></span> <span class='ocrx_word' id='word_1_63' title='bbox 533 876 658 929; x_wconf 87' lang='lat' dir='ltr'><strong>eertum</strong></span> <span class='ocrx_word' id='word_1_64' title='bbox 677 863 841 928; x_wconf 89' lang='lat' dir='ltr'><strong>amentiae</strong></span> <span class='ocrx_word' id='word_1_65' title='bbox 858 865 990 946; x_wconf 89' lang='lat' dir='ltr'><strong>signum</strong></span> <span class='ocrx_word' id='word_1_66' title='bbox 1008 864 1062 941; x_wconf 89' lang='lat' dir='ltr'><strong>sit,</strong></span> <span class='ocrx_word' id='word_1_67' title='bbox 1085 863 1140 926; x_wconf 93' lang='lat' dir='ltr'><strong>nbi</strong></span> 
     </span>
     <span class='ocr_line' id='line_1_7' title="bbox 167 948 2161 1036; baseline -0.001 -19"><span class='ocrx_word' id='word_1_68' title='bbox 167 952 258 1017; x_wconf 91' lang='lat' dir='ltr'><strong>stulti</strong></span> <span class='ocrx_word' id='word_1_69' title='bbox 288 950 438 1014; x_wconf 89' lang='lat' dir='ltr'><strong>homines</strong></span> <span class='ocrx_word' id='word_1_70' title='bbox 469 971 534 1013; x_wconf 93' lang='lat' dir='ltr'><strong>non</strong></span> <span class='ocrx_word' id='word_1_71' title='bbox 565 948 679 1014; x_wconf 91' lang='lat' dir='ltr'><strong>vident</strong></span> <span class='ocrx_word' id='word_1_72' title='bbox 708 948 794 1031; x_wconf 92' lang='lat' dir='ltr'><strong>quod</strong></span> <span class='ocrx_word' id='word_1_73' title='bbox 824 970 935 1013; x_wconf 90' lang='lat' dir='ltr'><strong>eorum</strong></span> <span class='ocrx_word' id='word_1_74' title='bbox 967 948 1140 1033; x_wconf 78' lang='lat' dir='ltr'><strong>oculisest</strong></span> <span class='ocrx_word' id='word_1_75' title='bbox 1277 950 1327 1012; x_wconf 92' lang='lat'><strong>11.</strong></span> <span class='ocrx_word' id='word_1_76' title='bbox 1357 948 1458 1034; x_wconf 79' lang='lat' dir='ltr'><strong>(Quia</strong></span> <span class='ocrx_word' id='word_1_77' title='bbox 1487 950 1622 1036; x_wconf 76' lang='lat' dir='ltr'><strong>uidebit.)</strong></span> <span class='ocrx_word' id='word_1_78' title='bbox 1674 953 1744 1035; x_wconf 80' lang='lat' dir='ltr'><strong>ligo</strong></span> <span class='ocrx_word' id='word_1_79' title='bbox 1775 973 1905 1017; x_wconf 87' lang='lat' dir='ltr'><strong>versum</strong></span> <span class='ocrx_word' id='word_1_80' title='bbox 1935 971 2056 1017; x_wconf 90' lang='lat' dir='ltr'><strong>nonum</strong></span> <span class='ocrx_word' id='word_1_81' title='bbox 2087 971 2161 1015; x_wconf 89' lang='lat' dir='ltr'><strong>oum</strong></span> 
     </span>
     <span class='ocr_line' id='line_1_8' title="bbox 167 1033 2160 1121; baseline -0.002 -17"><span class='ocrx_word' id='word_1_82' title='bbox 167 1036 362 1119; x_wconf 91' lang='lat' dir='ltr'><strong>expositum.</strong></span> <span class='ocrx_word' id='word_1_83' title='bbox 397 1033 553 1115; x_wconf 79' lang='lat' dir='ltr'><strong>Quotidie</strong></span> <span class='ocrx_word' id='word_1_84' title='bbox 571 1035 661 1098; x_wconf 91' lang='lat' dir='ltr'><strong>enim</strong></span> <span class='ocrx_word' id='word_1_85' title='bbox 679 1036 902 1118; x_wconf 89' lang='lat' dir='ltr'><strong>experiuntur,</strong></span> <span class='ocrx_word' id='word_1_86' title='bbox 925 1034 1016 1098; x_wconf 90' lang='lat' dir='ltr'><strong>nullo</strong></span> <span class='ocrx_word' id='word_1_87' title='bbox 1035 1035 1140 1117; x_wconf 88' lang='lat' dir='ltr'><strong>pretio</strong></span> <span class='ocrx_word' id='word_1_88' title='bbox 1191 1033 1314 1097; x_wconf 89' lang='lat' dir='ltr'><strong>deoimo</strong></span> <span class='ocrx_word' id='word_1_89' title='bbox 1337 1037 1533 1101; x_wconf 78' lang='lat' dir='ltr'><strong>coniunctim</strong></span> <span class='ocrx_word' id='word_1_90' title='bbox 1559 1037 1647 1119; x_wconf 91' lang='lat' dir='ltr'><strong>lego,</strong></span> <span class='ocrx_word' id='word_1_91' title='bbox 1677 1040 1754 1121; x_wconf 90' lang='lat' dir='ltr'><strong>quia</strong></span> <span class='ocrx_word' id='word_1_92' title='bbox 1783 1038 1961 1119; x_wconf 86' lang='lat' dir='ltr'><strong>prophetoe</strong></span> <span class='ocrx_word' id='word_1_93' title='bbox 1990 1036 2160 1102; x_wconf 86' lang='lat' dir='ltr'><strong>consilinm</strong></span> 
     </span>
     <span class='ocr_line' id='line_1_9' title="bbox 167 1118 2157 1204; baseline -0.002 -15"><span class='ocrx_word' id='word_1_94' title='bbox 167 1126 323 1204; x_wconf 85' lang='lat' dir='ltr'><strong>uniusque</strong></span> <span class='ocrx_word' id='word_1_95' title='bbox 346 1122 446 1185; x_wconf 89' lang='lat' dir='ltr'><strong>vitam</strong></span> <span class='ocrx_word' id='word_1_96' title='bbox 470 1122 511 1184; x_wconf 91' lang='lat' dir='ltr'><strong>ab</strong></span> <span class='ocrx_word' id='word_1_97' title='bbox 530 1121 602 1185; x_wconf 88' lang='lat' dir='ltr'><strong>aliis</strong></span> <span class='ocrx_word' id='word_1_98' title='bbox 618 1141 712 1203; x_wconf 88' lang='lat' dir='ltr'><strong>posse</strong></span> <span class='ocrx_word' id='word_1_99' title='bbox 729 1121 854 1195; x_wconf 88' lang='lat' dir='ltr'><strong>redimi,</strong></span> <span class='ocrx_word' id='word_1_100' title='bbox 879 1118 966 1185; x_wconf 94' lang='lat' dir='ltr'><strong>unde</strong></span> <span class='ocrx_word' id='word_1_101' title='bbox 981 1120 1139 1202; x_wconf 88' lang='lat' dir='ltr'><strong>sequitur,</strong></span> <span class='ocrx_word' id='word_1_102' title='bbox 1191 1131 1255 1196; x_wconf 91' lang='lat' dir='ltr'><strong>est,</strong></span> <span class='ocrx_word' id='word_1_103' title='bbox 1283 1119 1452 1184; x_wconf 84' lang='lat' dir='ltr'><strong>ostendere</strong></span> <span class='ocrx_word' id='word_1_104' title='bbox 1475 1134 1597 1203; x_wconf 88' lang='lat' dir='ltr'><strong>quanta</strong></span> <span class='ocrx_word' id='word_1_105' title='bbox 1618 1123 1662 1186; x_wconf 92' lang='lat' dir='ltr'><strong>sit</strong></span> <span class='ocrx_word' id='word_1_106' title='bbox 1684 1145 1797 1187; x_wconf 88' lang='lat' dir='ltr'><strong>eornm</strong></span> <span class='ocrx_word' id='word_1_107' title='bbox 1829 1125 1979 1188; x_wconf 79' lang='lat' dir='ltr'><strong>vecordia</strong></span> <span class='ocrx_word' id='word_1_108' title='bbox 2009 1123 2065 1203; x_wconf 90' lang='lat' dir='ltr'><strong>qui</strong></span> <span class='ocrx_word' id='word_1_109' title='bbox 2094 1124 2157 1187; x_wconf 85' lang='lat' dir='ltr'><strong>sibi</strong></span> 
     </span>
     <span class='ocr_line' id='line_1_10' title="bbox 167 1205 2160 1290; baseline -0.002 -15"><span class='ocrx_word' id='word_1_110' title='bbox 167 1232 232 1275; x_wconf 90' lang='lat' dir='ltr'><strong>non</strong></span> <span class='ocrx_word' id='word_1_111' title='bbox 264 1208 372 1271; x_wconf 92' lang='lat' dir='ltr'><strong>minus</strong></span> <span class='ocrx_word' id='word_1_112' title='bbox 401 1206 622 1290; x_wconf 88' lang='lat' dir='ltr'><strong>intelligentia</strong></span> <span class='ocrx_word' id='word_1_113' title='bbox 649 1206 794 1288; x_wconf 86' lang='lat' dir='ltr'><strong>privatos</strong></span> <span class='ocrx_word' id='word_1_114' title='bbox 824 1227 894 1272; x_wconf 89' lang='lat' dir='ltr'><strong>esse</strong></span> <span class='ocrx_word' id='word_1_115' title='bbox 923 1226 1019 1287; x_wconf 90' lang='lat' dir='ltr'><strong>quam</strong></span> <span class='ocrx_word' id='word_1_116' title='bbox 1042 1205 1139 1287; x_wconf 90' lang='lat' dir='ltr'><strong>phre·</strong></span> <span class='ocrx_word' id='word_1_117' title='bbox 1190 1205 1415 1288; x_wconf 88' lang='lat' dir='ltr'><strong>imaginantur</strong></span> <span class='ocrx_word' id='word_1_118' title='bbox 1437 1218 1603 1271; x_wconf 89' lang='lat' dir='ltr'><strong>aeternam</strong></span> <span class='ocrx_word' id='word_1_119' title='bbox 1628 1210 1661 1272; x_wconf 94' lang='lat' dir='ltr'><strong>in</strong></span> <span class='ocrx_word' id='word_1_120' title='bbox 1690 1208 1815 1274; x_wconf 89' lang='lat' dir='ltr'><strong>mundo</strong></span> <span class='ocrx_word' id='word_1_121' title='bbox 1838 1211 1957 1287; x_wconf 89' lang='lat' dir='ltr'><strong>vitam,</strong></span> <span class='ocrx_word' id='word_1_122' title='bbox 1988 1207 2160 1289; x_wconf 90' lang='lat' dir='ltr'><strong>studiaque</strong></span> 
     </span>
     <span class='ocr_line' id='line_1_11' title="bbox 166 1290 2159 1376; baseline -0.002 -16"><span class='ocrx_word' id='word_1_123' title='bbox 166 1295 298 1360; x_wconf 87' lang='lat' dir='ltr'><strong>netioos.</strong></span> <span class='ocrx_word' id='word_1_124' title='bbox 355 1290 392 1357; x_wconf 82' lang='lat' dir='ltr'><strong>Si</strong></span> <span class='ocrx_word' id='word_1_125' title='bbox 426 1293 531 1376; x_wconf 89' lang='lat' dir='ltr'><strong>magis</strong></span> <span class='ocrx_word' id='word_1_126' title='bbox 564 1292 691 1375; x_wconf 80' lang='lat' dir='ltr'><strong>placeat</strong></span> <span class='ocrx_word' id='word_1_127' title='bbox 723 1304 868 1371; x_wconf 83' lang='lat' dir='ltr'><strong>vertere,</strong></span> <span class='ocrx_word' id='word_1_128' title='bbox 902 1291 1054 1356; x_wconf 72' lang='lat' dir='ltr'><strong>[fratrem</strong></span> <span class='ocrx_word' id='word_1_129' title='bbox 1089 1293 1140 1357; x_wconf 86' lang='lat' dir='ltr'><strong>vir</strong></span> <span class='ocrx_word' id='word_1_130' title='bbox 1190 1310 1250 1355; x_wconf 85' lang='lat' dir='ltr'><strong>sua</strong></span> <span class='ocrx_word' id='word_1_131' title='bbox 1272 1291 1440 1373; x_wconf 81' lang='lat' dir='ltr'><strong>applicant</strong></span> <span class='ocrx_word' id='word_1_132' title='bbox 1462 1291 1501 1357; x_wconf 88' lang='lat' dir='ltr'><strong>ad</strong></span> <span class='ocrx_word' id='word_1_133' title='bbox 1527 1293 1747 1359; x_wconf 87' lang='lat' dir='ltr'><strong>fabrioandam</strong></span> <span class='ocrx_word' id='word_1_134' title='bbox 1771 1294 1831 1359; x_wconf 91' lang='lat' dir='ltr'><strong>sibi</strong></span> <span class='ocrx_word' id='word_1_135' title='bbox 1862 1296 1894 1359; x_wconf 94' lang='lat' dir='ltr'><strong>in</strong></span> <span class='ocrx_word' id='word_1_136' title='bbox 1925 1305 2013 1359; x_wconf 91' lang='lat' dir='ltr'><strong>terra</strong></span> <span class='ocrx_word' id='word_1_137' title='bbox 2042 1313 2159 1376; x_wconf 91' lang='lat' dir='ltr'><strong>perpe·</strong></span> 
     </span>
     <span class='ocr_line' id='line_1_12' title="bbox 167 1376 2160 1460; baseline -0.001 -14"><span class='ocrx_word' id='word_1_138' title='bbox 167 1377 355 1446; x_wconf 90' lang='lat' dir='ltr'><strong>redimendo</strong></span> <span class='ocrx_word' id='word_1_139' title='bbox 383 1399 448 1441; x_wconf 92' lang='lat' dir='ltr'><strong>nou</strong></span> <span class='ocrx_word' id='word_1_140' title='bbox 480 1378 635 1443; x_wconf 86' lang='lat' dir='ltr'><strong>redimet:</strong></span> <span class='ocrx_word' id='word_1_141' title='bbox 665 1377 750 1442; x_wconf 85' lang='lat' dir='ltr'><strong>idem</strong></span> <span class='ocrx_word' id='word_1_142' title='bbox 780 1377 924 1443; x_wconf 88' lang='lat' dir='ltr'><strong>manebit</strong></span> <span class='ocrx_word' id='word_1_143' title='bbox 952 1399 1077 1455; x_wconf 89' lang='lat' dir='ltr'><strong>sensns,</strong></span> <span class='ocrx_word' id='word_1_144' title='bbox 1107 1390 1139 1441; x_wconf 89' lang='lat' dir='ltr'><strong>et</strong></span> <span class='ocrx_word' id='word_1_145' title='bbox 1190 1383 1278 1439; x_wconf 89' lang='lat' dir='ltr'><strong>tuam</strong></span> <span class='ocrx_word' id='word_1_146' title='bbox 1303 1376 1422 1455; x_wconf 89' lang='lat' dir='ltr'><strong>sedem,</strong></span> <span class='ocrx_word' id='word_1_147' title='bbox 1445 1399 1543 1460; x_wconf 91' lang='lat' dir='ltr'><strong>quum</strong></span> <span class='ocrx_word' id='word_1_148' title='bbox 1568 1390 1678 1443; x_wconf 88' lang='lat' dir='ltr'><strong>tamen</strong></span> <span class='ocrx_word' id='word_1_149' title='bbox 1702 1379 1831 1444; x_wconf 87' lang='lat' dir='ltr'><strong>assidue</strong></span> <span class='ocrx_word' id='word_1_150' title='bbox 1854 1380 1987 1445; x_wconf 86' lang='lat' dir='ltr'><strong>videant</strong></span> <span class='ocrx_word' id='word_1_151' title='bbox 2010 1378 2160 1444; x_wconf 90' lang='lat' dir='ltr'><strong>diffluere</strong></span> 
     </span>
     <span class='ocr_line' id='line_1_13' title="bbox 167 1463 2160 1551; baseline -0.001 -21"><span class='ocrx_word' id='word_1_152' title='bbox 167 1466 296 1551; x_wconf 80' lang='lat' dir='ltr'><strong>phrasis</strong></span> <span class='ocrx_word' id='word_1_153' title='bbox 328 1463 480 1528; x_wconf 81' lang='lat' dir='ltr'><strong>hebraica</strong></span> <span class='ocrx_word' id='word_1_154' title='bbox 513 1463 575 1529; x_wconf 87' lang='lat' dir='ltr'><strong>hoa</strong></span> <span class='ocrx_word' id='word_1_155' title='bbox 604 1464 738 1547; x_wconf 87' lang='lat' dir='ltr'><strong>patitur.</strong></span> <span class='ocrx_word' id='word_1_156' title='bbox 788 1463 875 1529; x_wconf 82' lang='lat' dir='ltr'><strong>Sunt</strong></span> <span class='ocrx_word' id='word_1_157' title='bbox 904 1463 959 1544; x_wconf 91' lang='lat' dir='ltr'><strong>qui</strong></span> <span class='ocrx_word' id='word_1_158' title='bbox 992 1475 1049 1546; x_wconf 67' lang='lat' dir='ltr'><strong>m&lt;</strong></span> <span class='ocrx_word' id='word_1_159' title='bbox 1079 1483 1137 1544; x_wconf 91' lang='lat' dir='ltr'><strong>pro</strong></span> <span class='ocrx_word' id='word_1_160' title='bbox 1189 1474 1323 1527; x_wconf 89' lang='lat' dir='ltr'><strong>eunotos</strong></span> <span class='ocrx_word' id='word_1_161' title='bbox 1356 1463 1520 1528; x_wconf 86' lang='lat' dir='ltr'><strong>mortales.</strong></span> <span class='ocrx_word' id='word_1_162' title='bbox 1566 1464 1704 1547; x_wconf 80' lang='lat' dir='ltr'><strong>Vulgari</strong></span> <span class='ocrx_word' id='word_1_163' title='bbox 1734 1467 1906 1548; x_wconf 90' lang='lat' dir='ltr'><strong>proverbio</strong></span> <span class='ocrx_word' id='word_1_164' title='bbox 1937 1466 2072 1541; x_wconf 87' lang='lat' dir='ltr'><strong>dieitur,</strong></span> <span class='ocrx_word' id='word_1_165' title='bbox 2103 1486 2160 1528; x_wconf 90' lang='lat' dir='ltr'><strong>ex·</strong></span> 
     </span>
     <span class='ocr_line' id='line_1_14' title="bbox 168 1547 2161 1634; baseline -0.002 -17"><span class='ocrx_word' id='word_1_166' title='bbox 168 1573 232 1617; x_wconf 92' lang='lat' dir='ltr'><strong>uno</strong></span> <span class='ocrx_word' id='word_1_167' title='bbox 266 1550 439 1631; x_wconf 87' lang='lat' dir='ltr'><strong>aeaipiant,</strong></span> <span class='ocrx_word' id='word_1_168' title='bbox 472 1549 556 1632; x_wconf 91' lang='lat' dir='ltr'><strong>quod</strong></span> <span class='ocrx_word' id='word_1_169' title='bbox 591 1550 722 1615; x_wconf 88' lang='lat' dir='ltr'><strong>tametsi</strong></span> <span class='ocrx_word' id='word_1_170' title='bbox 754 1572 820 1614; x_wconf 94' lang='lat' dir='ltr'><strong>non</strong></span> <span class='ocrx_word' id='word_1_171' title='bbox 850 1549 976 1625; x_wconf 85' lang='lat' dir='ltr'><strong>reiieio,</strong></span> <span class='ocrx_word' id='word_1_172' title='bbox 1010 1548 1139 1614; x_wconf 86' lang='lat' dir='ltr'><strong>videtur</strong></span> <span class='ocrx_word' id='word_1_173' title='bbox 1190 1547 1385 1629; x_wconf 88' lang='lat' dir='ltr'><strong>parientiam</strong></span> <span class='ocrx_word' id='word_1_174' title='bbox 1399 1550 1669 1632; x_wconf 90' lang='lat' dir='ltr'><strong>essomagistram</strong></span> <span class='ocrx_word' id='word_1_175' title='bbox 1683 1551 1873 1616; x_wconf 89' lang='lat' dir='ltr'><strong>stultorum:</strong></span> <span class='ocrx_word' id='word_1_176' title='bbox 1897 1550 2161 1634; x_wconf 87' lang='lat' dir='ltr'><strong>ergoplnsquam</strong></span> 
     </span>
     <span class='ocr_line' id='line_1_15' title="bbox 168 1633 2161 1720; baseline -0.003 -17"><span class='ocrx_word' id='word_1_177' title='bbox 168 1654 278 1703; x_wconf 90' lang='lat' dir='ltr'><strong>tamen</strong></span> <span class='ocrx_word' id='word_1_178' title='bbox 302 1657 366 1699; x_wconf 95' lang='lat' dir='ltr'><strong>non</strong></span> <span class='ocrx_word' id='word_1_179' title='bbox 390 1649 455 1699; x_wconf 88' lang='lat' dir='ltr'><strong>tam</strong></span> <span class='ocrx_word' id='word_1_180' title='bbox 478 1647 553 1716; x_wconf 91' lang='lat' dir='ltr'><strong>apte</strong></span> <span class='ocrx_word' id='word_1_181' title='bbox 576 1656 766 1720; x_wconf 90' lang='lat' dir='ltr'><strong>oongruere.</strong></span> <span class='ocrx_word' id='word_1_182' title='bbox 801 1634 898 1716; x_wconf 76' lang='lat' dir='ltr'><strong>Quod</strong></span> <span class='ocrx_word' id='word_1_183' title='bbox 922 1643 1036 1717; x_wconf 88' lang='lat' dir='ltr'><strong>postea</strong></span> <span class='ocrx_word' id='word_1_184' title='bbox 1058 1633 1151 1700; x_wconf 72' lang='lat' dir='ltr'><strong>diei·</strong></span> <span class='ocrx_word' id='word_1_185' title='bbox 1190 1634 1283 1697; x_wconf 89' lang='lat' dir='ltr'><strong>stulti</strong></span> <span class='ocrx_word' id='word_1_186' title='bbox 1305 1645 1390 1717; x_wconf 86' lang='lat' dir='ltr'><strong>sunt,</strong></span> <span class='ocrx_word' id='word_1_187' title='bbox 1413 1636 1468 1717; x_wconf 91' lang='lat' dir='ltr'><strong>qui</strong></span> <span class='ocrx_word' id='word_1_188' title='bbox 1492 1645 1540 1698; x_wconf 92' lang='lat' dir='ltr'><strong>tot</strong></span> <span class='ocrx_word' id='word_1_189' title='bbox 1562 1645 1594 1699; x_wconf 91' lang='lat' dir='ltr'><strong>et</strong></span> <span class='ocrx_word' id='word_1_190' title='bbox 1616 1647 1683 1699; x_wconf 90' lang='lat' dir='ltr'><strong>tam</strong></span> <span class='ocrx_word' id='word_1_191' title='bbox 1707 1636 1803 1703; x_wconf 89' lang='lat' dir='ltr'><strong>elaris</strong></span> <span class='ocrx_word' id='word_1_192' title='bbox 1832 1637 1991 1718; x_wconf 91' lang='lat' dir='ltr'><strong>exemplis</strong></span> <span class='ocrx_word' id='word_1_193' title='bbox 2019 1635 2161 1701; x_wconf 78' lang='lat' dir='ltr'><strong>sonuisti</strong></span> 
     </span>
     <span class='ocr_line' id='line_1_16' title="bbox 168 1719 2161 1804; baseline -0.002 -15"><span class='ocrx_word' id='word_1_194' title='bbox 168 1735 238 1800; x_wconf 90' lang='lat' dir='ltr'><strong>tur,</strong></span> <span class='ocrx_word' id='word_1_195' title='bbox 281 1721 413 1785; x_wconf 81' lang='lat' dir='ltr'><strong>Nemini</strong></span> <span class='ocrx_word' id='word_1_196' title='bbox 450 1741 514 1787; x_wconf 80' lang='lat' dir='ltr'><strong>esse</strong></span> <span class='ocrx_word' id='word_1_197' title='bbox 540 1723 680 1802; x_wconf 74' lang='lat' dir='ltr'><strong>pretium</strong></span> <span class='ocrx_word' id='word_1_198' title='bbox 713 1721 801 1803; x_wconf 89' lang='lat' dir='ltr'><strong>quod</strong></span> <span class='ocrx_word' id='word_1_199' title='bbox 834 1721 907 1786; x_wconf 91' lang='lat' dir='ltr'><strong>Deo</strong></span> <span class='ocrx_word' id='word_1_200' title='bbox 940 1719 1046 1785; x_wconf 85' lang='lat' dir='ltr'><strong>solvat</strong></span> <span class='ocrx_word' id='word_1_201' title='bbox 1078 1741 1138 1802; x_wconf 92' lang='lat' dir='ltr'><strong>pro</strong></span> <span class='ocrx_word' id='word_1_202' title='bbox 1190 1739 1257 1783; x_wconf 92' lang='lat' dir='ltr'><strong>non</strong></span> <span class='ocrx_word' id='word_1_203' title='bbox 1279 1721 1485 1803; x_wconf 90' lang='lat' dir='ltr'><strong>resipisount,</strong></span> <span class='ocrx_word' id='word_1_204' title='bbox 1509 1735 1546 1784; x_wconf 93' lang='lat' dir='ltr'><strong>nt</strong></span> <span class='ocrx_word' id='word_1_205' title='bbox 1567 1742 1601 1785; x_wconf 87' lang='lat' dir='ltr'><strong>se</strong></span> <span class='ocrx_word' id='word_1_206' title='bbox 1625 1721 1777 1787; x_wconf 83' lang='lat' dir='ltr'><strong>mortales</strong></span> <span class='ocrx_word' id='word_1_207' title='bbox 1799 1744 1869 1787; x_wconf 87' lang='lat' dir='ltr'><strong>esse</strong></span> <span class='ocrx_word' id='word_1_208' title='bbox 1892 1732 1984 1786; x_wconf 90' lang='lat' dir='ltr'><strong>natos</strong></span> <span class='ocrx_word' id='word_1_209' title='bbox 2007 1721 2161 1804; x_wconf 77' lang='lat' dir='ltr'><strong>cogitent.</strong></span> 
     </span>
     <span class='ocr_line' id='line_1_17' title="bbox 168 1804 2163 1892; baseline -0.003 -18"><span class='ocrx_word' id='word_1_210' title='bbox 168 1809 304 1874; x_wconf 87' lang='lat' dir='ltr'><strong>alterius</strong></span> <span class='ocrx_word' id='word_1_211' title='bbox 329 1805 569 1889; x_wconf 83' lang='lat' dir='ltr'><strong>redemptione:</strong></span> <span class='ocrx_word' id='word_1_212' title='bbox 600 1808 664 1872; x_wconf 92' lang='lat' dir='ltr'><strong>huo</strong></span> <span class='ocrx_word' id='word_1_213' title='bbox 687 1808 838 1890; x_wconf 81' lang='lat' dir='ltr'><strong>pertinet,</strong></span> <span class='ocrx_word' id='word_1_214' title='bbox 868 1811 1015 1871; x_wconf 91' lang='lat' dir='ltr'><strong>omnium</strong></span> <span class='ocrx_word' id='word_1_215' title='bbox 1037 1806 1139 1874; x_wconf 88' lang='lat' dir='ltr'><strong>vitam</strong></span> <span class='ocrx_word' id='word_1_216' title='bbox 1190 1804 1247 1870; x_wconf 82' lang='lat' dir='ltr'><strong>Sia</strong></span> <span class='ocrx_word' id='word_1_217' title='bbox 1265 1826 1343 1888; x_wconf 91' lang='lat' dir='ltr'><strong>ergo</strong></span> <span class='ocrx_word' id='word_1_218' title='bbox 1363 1806 1543 1871; x_wconf 80' lang='lat' dir='ltr'><strong>cohaerent</strong></span> <span class='ocrx_word' id='word_1_219' title='bbox 1561 1807 1661 1872; x_wconf 91' lang='lat' dir='ltr'><strong>verba</strong></span> <span class='ocrx_word' id='word_1_220' title='bbox 1679 1808 1873 1892; x_wconf 89' lang='lat' dir='ltr'><strong>prophetae:</strong></span> <span class='ocrx_word' id='word_1_221' title='bbox 1897 1807 2007 1888; x_wconf 75' lang='lat' dir='ltr'><strong>Quum</strong></span> <span class='ocrx_word' id='word_1_222' title='bbox 2026 1805 2163 1872; x_wconf 82' lang='lat' dir='ltr'><strong>videant</strong></span> 
     </span>
     <span class='ocr_line' id='line_1_18' title="bbox 168 1890 2161 1976; baseline -0.002 -17"><span class='ocrx_word' id='word_1_223' title='bbox 168 1897 201 1959; x_wconf 92' lang='lat' dir='ltr'><strong>in</strong></span> <span class='ocrx_word' id='word_1_224' title='bbox 225 1894 324 1959; x_wconf 89' lang='lat' dir='ltr'><strong>unius</strong></span> <span class='ocrx_word' id='word_1_225' title='bbox 343 1893 404 1957; x_wconf 91' lang='lat' dir='ltr'><strong>Dei</strong></span> <span class='ocrx_word' id='word_1_226' title='bbox 428 1913 528 1956; x_wconf 92' lang='lat' dir='ltr'><strong>manu</strong></span> <span class='ocrx_word' id='word_1_227' title='bbox 550 1903 583 1957; x_wconf 93' lang='lat' dir='ltr'><strong>et</strong></span> <span class='ocrx_word' id='word_1_228' title='bbox 605 1890 740 1958; x_wconf 90' lang='lat' dir='ltr'><strong>arbitrio</strong></span> <span class='ocrx_word' id='word_1_229' title='bbox 761 1914 849 1957; x_wconf 88' lang='lat' dir='ltr'><strong>esse:</strong></span> <span class='ocrx_word' id='word_1_230' title='bbox 874 1913 933 1958; x_wconf 90' lang='lat' dir='ltr'><strong>neo</strong></span> <span class='ocrx_word' id='word_1_231' title='bbox 955 1911 1051 1976; x_wconf 88' lang='lat' dir='ltr'><strong>posse</strong></span> <span class='ocrx_word' id='word_1_232' title='bbox 1072 1892 1139 1956; x_wconf 88' lang='lat' dir='ltr'><strong>ulla</strong></span> <span class='ocrx_word' id='word_1_233' title='bbox 1191 1891 1278 1955; x_wconf 90' lang='lat' dir='ltr'><strong>eaeei</strong></span> <span class='ocrx_word' id='word_1_234' title='bbox 1301 1892 1353 1956; x_wconf 92' lang='lat' dir='ltr'><strong>isti</strong></span> <span class='ocrx_word' id='word_1_235' title='bbox 1378 1892 1440 1956; x_wconf 91' lang='lat' dir='ltr'><strong>Dei</strong></span> <span class='ocrx_word' id='word_1_236' title='bbox 1463 1904 1717 1976; x_wconf 85' lang='lat' dir='ltr'><strong>oontemptores‚</strong></span> <span class='ocrx_word' id='word_1_237' title='bbox 1748 1907 1886 1960; x_wconf 90' lang='lat' dir='ltr'><strong>mortem</strong></span> <span class='ocrx_word' id='word_1_238' title='bbox 1917 1894 2068 1959; x_wconf 89' lang='lat' dir='ltr'><strong>omnibus</strong></span> <span class='ocrx_word' id='word_1_239' title='bbox 2090 1912 2161 1956; x_wconf 90' lang='lat' dir='ltr'><strong>esse</strong></span> 
     </span>
     <span class='ocr_line' id='line_1_19' title="bbox 168 1979 2161 2063; baseline -0.002 -17"><span class='ocrx_word' id='word_1_240' title='bbox 168 1982 320 2063; x_wconf 90' lang='lat' dir='ltr'><strong>paetiono</strong></span> <span class='ocrx_word' id='word_1_241' title='bbox 363 1979 517 2061; x_wconf 83' lang='lat' dir='ltr'><strong>transigi,</strong></span> <span class='ocrx_word' id='word_1_242' title='bbox 556 1990 591 2042; x_wconf 90' lang='lat' dir='ltr'><strong>ut</strong></span> <span class='ocrx_word' id='word_1_243' title='bbox 624 1994 752 2061; x_wconf 89' lang='lat' dir='ltr'><strong>tompus</strong></span> <span class='ocrx_word' id='word_1_244' title='bbox 785 1987 980 2062; x_wconf 88' lang='lat' dir='ltr'><strong>prorogetur</strong></span> <span class='ocrx_word' id='word_1_245' title='bbox 1013 1979 1139 2059; x_wconf 87' lang='lat' dir='ltr'><strong>quoties</strong></span> <span class='ocrx_word' id='word_1_246' title='bbox 1190 1996 1407 2050; x_wconf 86' lang='lat' dir='ltr'><strong>eommunem,</strong></span> <span class='ocrx_word' id='word_1_247' title='bbox 1423 1987 1456 2040; x_wconf 87' lang='lat' dir='ltr'><strong>ot</strong></span> <span class='ocrx_word' id='word_1_248' title='bbox 1468 1980 1632 2060; x_wconf 87' lang='lat' dir='ltr'><strong>sapientes</strong></span> <span class='ocrx_word' id='word_1_249' title='bbox 1650 1981 1833 2060; x_wconf 85' lang='lat' dir='ltr'><strong>promisoue</strong></span> <span class='ocrx_word' id='word_1_250' title='bbox 1847 2002 1919 2045; x_wconf 87' lang='lat' dir='ltr'><strong>oum</strong></span> <span class='ocrx_word' id='word_1_251' title='bbox 1936 1979 2045 2043; x_wconf 89' lang='lat' dir='ltr'><strong>stultis</strong></span> <span class='ocrx_word' id='word_1_252' title='bbox 2060 1979 2161 2043; x_wconf 93' lang='lat' dir='ltr'><strong>mori:</strong></span> 
     </span>
     <span class='ocr_line' id='line_1_20' title="bbox 167 2060 2162 2131; baseline -0.003 0"><span class='ocrx_word' id='word_1_253' title='bbox 167 2066 239 2131; x_wconf 90' lang='lat' dir='ltr'><strong>Deo</strong></span> <span class='ocrx_word' id='word_1_254' title='bbox 262 2065 369 2131; x_wconf 83' lang='lat' dir='ltr'><strong>visum</strong></span> <span class='ocrx_word' id='word_1_255' title='bbox 393 2064 492 2129; x_wconf 91' lang='lat' dir='ltr'><strong>fuerit</strong></span> <span class='ocrx_word' id='word_1_256' title='bbox 514 2063 603 2129; x_wconf 87' lang='lat' dir='ltr'><strong>huna</strong></span> <span class='ocrx_word' id='word_1_257' title='bbox 621 2064 674 2127; x_wconf 87' lang='lat' dir='ltr'><strong>vel</strong></span> <span class='ocrx_word' id='word_1_258' title='bbox 697 2064 790 2129; x_wconf 90' lang='lat' dir='ltr'><strong>illum</strong></span> <span class='ocrx_word' id='word_1_259' title='bbox 809 2084 955 2129; x_wconf 84' lang='lat' dir='ltr'><strong>evocare.</strong></span> <span class='ocrx_word' id='word_1_260' title='bbox 990 2062 1138 2128; x_wconf 77' lang='lat' dir='ltr'><strong>Eandem</strong></span> <span class='ocrx_word' id='word_1_261' title='bbox 1190 2083 1258 2126; x_wconf 95' lang='lat' dir='ltr'><strong>non</strong></span> <span class='ocrx_word' id='word_1_262' title='bbox 1281 2060 1436 2127; x_wconf 91' lang='lat' dir='ltr'><strong>desinunt</strong></span> <span class='ocrx_word' id='word_1_263' title='bbox 1460 2075 1568 2128; x_wconf 91' lang='lat' dir='ltr'><strong>tamen</strong></span> <span class='ocrx_word' id='word_1_264' title='bbox 1592 2075 1761 2130; x_wconf 90' lang='lat' dir='ltr'><strong>aeternum</strong></span> <span class='ocrx_word' id='word_1_265' title='bbox 1784 2067 1844 2131; x_wconf 88' lang='lat' dir='ltr'><strong>sibi</strong></span> <span class='ocrx_word' id='word_1_266' title='bbox 1875 2067 1910 2129; x_wconf 93' lang='lat' dir='ltr'><strong>in</strong></span> <span class='ocrx_word' id='word_1_267' title='bbox 1940 2080 2029 2129; x_wconf 88' lang='lat' dir='ltr'><strong>terra</strong></span> <span class='ocrx_word' id='word_1_268' title='bbox 2057 2061 2162 2128; x_wconf 92' lang='lat' dir='ltr'><strong>domi·</strong></span> 
     </span>
     <span class='ocr_line' id='line_1_21' title="bbox 168 2147 2162 2236; baseline -0.003 -18"><span class='ocrx_word' id='word_1_269' title='bbox 168 2151 364 2218; x_wconf 89' lang='lat' dir='ltr'><strong>sententiam</strong></span> <span class='ocrx_word' id='word_1_270' title='bbox 387 2150 561 2215; x_wconf 85' lang='lat' dir='ltr'><strong>confirmat</strong></span> <span class='ocrx_word' id='word_1_271' title='bbox 579 2149 728 2231; x_wconf 89' lang='lat' dir='ltr'><strong>sequenti</strong></span> <span class='ocrx_word' id='word_1_272' title='bbox 748 2170 856 2228; x_wconf 85' lang='lat' dir='ltr'><strong>versu,</strong></span> <span class='ocrx_word' id='word_1_273' title='bbox 880 2148 976 2231; x_wconf 76' lang='lat' dir='ltr'><strong>Quod</strong></span> <span class='ocrx_word' id='word_1_274' title='bbox 999 2150 1140 2231; x_wconf 90' lang='lat' dir='ltr'><strong>pretiosa</strong></span> <span class='ocrx_word' id='word_1_275' title='bbox 1190 2147 1303 2213; x_wconf 90' lang='lat' dir='ltr'><strong>oilium</strong></span> <span class='ocrx_word' id='word_1_276' title='bbox 1325 2150 1458 2231; x_wconf 88' lang='lat' dir='ltr'><strong>fingere,</strong></span> <span class='ocrx_word' id='word_1_277' title='bbox 1482 2148 1614 2230; x_wconf 89' lang='lat' dir='ltr'><strong>perinde</strong></span> <span class='ocrx_word' id='word_1_278' title='bbox 1635 2152 1722 2215; x_wconf 91' lang='lat' dir='ltr'><strong>enim</strong></span> <span class='ocrx_word' id='word_1_279' title='bbox 1745 2153 1847 2216; x_wconf 83' lang='lat' dir='ltr'><strong>vitam</strong></span> <span class='ocrx_word' id='word_1_280' title='bbox 1871 2152 2058 2236; x_wconf 86' lang='lat' dir='ltr'><strong>instituunt,</strong></span> <span class='ocrx_word' id='word_1_281' title='bbox 2079 2171 2115 2214; x_wconf 85' lang='lat' dir='ltr'><strong>aa</strong></span> <span class='ocrx_word' id='word_1_282' title='bbox 2134 2149 2162 2212; x_wconf 92' lang='lat' dir='ltr'><strong>si</strong></span> 
     </span>
     <span class='ocr_line' id='line_1_22' title="bbox 168 2233 2162 2325; baseline -0.003 -22"><span class='ocrx_word' id='word_1_283' title='bbox 168 2240 210 2303; x_wconf 91' lang='lat' dir='ltr'><strong>sit</strong></span> <span class='ocrx_word' id='word_1_284' title='bbox 240 2257 353 2302; x_wconf 90' lang='lat' dir='ltr'><strong>eorum</strong></span> <span class='ocrx_word' id='word_1_285' title='bbox 384 2236 574 2317; x_wconf 88' lang='lat' dir='ltr'><strong>redemptio.</strong></span> <span class='ocrx_word' id='word_1_286' title='bbox 627 2233 801 2325; x_wconf 83' lang='lat' dir='ltr'><strong>Signifipat</strong></span> <span class='ocrx_word' id='word_1_287' title='bbox 829 2237 917 2299; x_wconf 89' lang='lat' dir='ltr'><strong>enim</strong></span> <span class='ocrx_word' id='word_1_288' title='bbox 948 2255 1011 2299; x_wconf 92' lang='lat' dir='ltr'><strong>non</strong></span> <span class='ocrx_word' id='word_1_289' title='bbox 1043 2235 1139 2299; x_wconf 90' lang='lat' dir='ltr'><strong>modo</strong></span> <span class='ocrx_word' id='word_1_290' title='bbox 1191 2253 1359 2315; x_wconf 88' lang='lat' dir='ltr'><strong>nunquam</strong></span> <span class='ocrx_word' id='word_1_291' title='bbox 1399 2233 1477 2300; x_wconf 86' lang='lat' dir='ltr'><strong>hino</strong></span> <span class='ocrx_word' id='word_1_292' title='bbox 1520 2234 1727 2318; x_wconf 88' lang='lat' dir='ltr'><strong>migrandum</strong></span> <span class='ocrx_word' id='word_1_293' title='bbox 1767 2237 1858 2302; x_wconf 87' lang='lat' dir='ltr'><strong>foret.</strong></span> <span class='ocrx_word' id='word_1_294' title='bbox 1923 2234 2027 2301; x_wconf 86' lang='lat' dir='ltr'><strong>Videt</strong></span> <span class='ocrx_word' id='word_1_295' title='bbox 2060 2235 2162 2319; x_wconf 89' lang='lat' dir='ltr'><strong>igitur</strong></span> 
     </span>
     <span class='ocr_line' id='line_1_23' title="bbox 167 2318 2161 2410; baseline -0.002 -22"><span class='ocrx_word' id='word_1_296' title='bbox 167 2344 276 2388; x_wconf 89' lang='lat' dir='ltr'><strong>raram</strong></span> <span class='ocrx_word' id='word_1_297' title='bbox 295 2341 373 2397; x_wconf 90' lang='lat' dir='ltr'><strong>esse,</strong></span> <span class='ocrx_word' id='word_1_298' title='bbox 397 2320 454 2384; x_wconf 88' lang='lat' dir='ltr'><strong>sed</strong></span> <span class='ocrx_word' id='word_1_299' title='bbox 472 2342 630 2403; x_wconf 87' lang='lat' dir='ltr'><strong>nusquam</strong></span> <span class='ocrx_word' id='word_1_300' title='bbox 650 2342 743 2403; x_wconf 89' lang='lat' dir='ltr'><strong>posse</strong></span> <span class='ocrx_word' id='word_1_301' title='bbox 759 2321 910 2396; x_wconf 87' lang='lat' dir='ltr'><strong>inveniri,</strong></span> <span class='ocrx_word' id='word_1_302' title='bbox 934 2320 1018 2385; x_wconf 90' lang='lat' dir='ltr'><strong>siout</strong></span> <span class='ocrx_word' id='word_1_303' title='bbox 1033 2321 1139 2402; x_wconf 92' lang='lat' dir='ltr'><strong>primo</strong></span> <span class='ocrx_word' id='word_1_304' title='bbox 1191 2320 1325 2410; x_wconf 80' lang='lat' dir='ltr'><strong>quisque</strong></span> <span class='ocrx_word' id='word_1_305' title='bbox 1354 2341 1468 2384; x_wconf 92' lang='lat' dir='ltr'><strong>eorum</strong></span> <span class='ocrx_word' id='word_1_306' title='bbox 1490 2318 1567 2402; x_wconf 91' lang='lat' dir='ltr'><strong>qnid</strong></span> <span class='ocrx_word' id='word_1_307' title='bbox 1595 2320 1667 2386; x_wconf 87' lang='lat' dir='ltr'><strong>aliis</strong></span> <span class='ocrx_word' id='word_1_308' title='bbox 1690 2323 1878 2406; x_wconf 86' lang='lat' dir='ltr'><strong>contingat,</strong></span> <span class='ocrx_word' id='word_1_309' title='bbox 1909 2322 1971 2386; x_wconf 87' lang='lat' dir='ltr'><strong>hoo</strong></span> <span class='ocrx_word' id='word_1_310' title='bbox 1993 2331 2059 2401; x_wconf 90' lang='lat' dir='ltr'><strong>est,</strong></span> <span class='ocrx_word' id='word_1_311' title='bbox 2090 2321 2161 2385; x_wconf 90' lang='lat' dir='ltr'><strong>siue</strong></span> 
     </span>
     <span class='ocr_line' id='line_1_24' title="bbox 167 2397 2161 2488; baseline -0.003 -12"><span class='ocrx_word' id='word_1_312' title='bbox 167 2407 343 2487; x_wconf 81' lang='lat' dir='ltr'><strong>Samuelis,</strong></span> <span class='ocrx_word' id='word_1_313' title='bbox 373 2406 402 2484; x_wconf 87' lang='lat'><strong>3,</strong></span> <span class='ocrx_word' id='word_1_314' title='bbox 438 2407 454 2470; x_wconf 92' lang='lat'>1</span> <span class='ocrx_word' id='word_1_315' title='bbox 485 2404 614 2484; x_wconf 88' lang='lat' dir='ltr'><strong>dieitur,</strong></span> <span class='ocrx_word' id='word_1_316' title='bbox 652 2397 712 2471; x_wconf 88' lang='lat' dir='ltr'><strong>sub</strong></span> <span class='ocrx_word' id='word_1_317' title='bbox 745 2406 923 2472; x_wconf 78' lang='lat' dir='ltr'><strong>sacerdotio</strong></span> <span class='ocrx_word' id='word_1_318' title='bbox 952 2405 1030 2470; x_wconf 89' lang='lat' dir='ltr'><strong>Heli</strong></span> <span class='ocrx_word' id='word_1_319' title='bbox 1064 2427 1139 2470; x_wconf 91' lang='lat' dir='ltr'><strong>rara</strong></span> <span class='ocrx_word' id='word_1_320' title='bbox 1191 2404 1376 2470; x_wconf 77' lang='lat' dir='ltr'><strong>discrimine</strong></span> <span class='ocrx_word' id='word_1_321' title='bbox 1395 2407 1427 2469; x_wconf 94' lang='lat' dir='ltr'><strong>in</strong></span> <span class='ocrx_word' id='word_1_322' title='bbox 1447 2405 1586 2469; x_wconf 90' lang='lat' dir='ltr'><strong>eundem</strong></span> <span class='ocrx_word' id='word_1_323' title='bbox 1605 2407 1772 2471; x_wconf 88' lang='lat' dir='ltr'><strong>interitum</strong></span> <span class='ocrx_word' id='word_1_324' title='bbox 1790 2409 1917 2473; x_wconf 86' lang='lat' dir='ltr'><strong>involvi</strong></span> <span class='ocrx_word' id='word_1_325' title='bbox 1935 2428 2057 2480; x_wconf 89' lang='lat' dir='ltr'><strong>omnes,</strong></span> <span class='ocrx_word' id='word_1_326' title='bbox 2081 2427 2161 2488; x_wconf 90' lang='lat' dir='ltr'><strong>quo·</strong></span> 
     </span>
     <span class='ocr_line' id='line_1_25' title="bbox 167 2489 2161 2574; baseline -0.003 -14"><span class='ocrx_word' id='word_1_327' title='bbox 167 2495 266 2560; x_wconf 89' lang='lat' dir='ltr'><strong>fnisse</strong></span> <span class='ocrx_word' id='word_1_328' title='bbox 284 2492 424 2570; x_wconf 90' lang='lat' dir='ltr'><strong>oraenla,</strong></span> <span class='ocrx_word' id='word_1_329' title='bbox 448 2493 523 2574; x_wconf 88' lang='lat' dir='ltr'><strong>quia</strong></span> <span class='ocrx_word' id='word_1_330' title='bbox 542 2506 618 2557; x_wconf 86' lang='lat' dir='ltr'><strong>tuno</strong></span> <span class='ocrx_word' id='word_1_331' title='bbox 637 2491 801 2557; x_wconf 86' lang='lat' dir='ltr'><strong>desierant</strong></span> <span class='ocrx_word' id='word_1_332' title='bbox 818 2493 969 2556; x_wconf 87' lang='lat' dir='ltr'><strong>visiones.</strong></span> <span class='ocrx_word' id='word_1_333' title='bbox 1001 2489 1139 2558; x_wconf 82' lang='lat' dir='ltr'><strong>Summa</strong></span> <span class='ocrx_word' id='word_1_334' title='bbox 1191 2512 1263 2553; x_wconf 91' lang='lat' dir='ltr'><strong>rum</strong></span> <span class='ocrx_word' id='word_1_335' title='bbox 1301 2489 1430 2555; x_wconf 86' lang='lat' dir='ltr'><strong>diversa</strong></span> <span class='ocrx_word' id='word_1_336' title='bbox 1466 2493 1528 2554; x_wconf 91' lang='lat' dir='ltr'><strong>fuit</strong></span> <span class='ocrx_word' id='word_1_337' title='bbox 1563 2491 1705 2558; x_wconf 88' lang='lat' dir='ltr'><strong>eonditio</strong></span> <span class='ocrx_word' id='word_1_338' title='bbox 1734 2495 1768 2555; x_wconf 94' lang='lat' dir='ltr'><strong>in</strong></span> <span class='ocrx_word' id='word_1_339' title='bbox 1798 2496 1912 2558; x_wconf 88' lang='lat' dir='ltr'><strong>terris:</strong></span> <span class='ocrx_word' id='word_1_340' title='bbox 1952 2494 2018 2556; x_wconf 93' lang='lat' dir='ltr'><strong>imo</strong></span> <span class='ocrx_word' id='word_1_341' title='bbox 2048 2493 2161 2556; x_wconf 86' lang='lat' dir='ltr'><strong>vident</strong></span> 
     </span>
     <span class='ocr_line' id='line_1_26' title="bbox 167 2576 2162 2665; baseline -0.003 -19"><span class='ocrx_word' id='word_1_342' title='bbox 167 2601 245 2665; x_wconf 91' lang='lat' dir='ltr'><strong>ergo</strong></span> <span class='ocrx_word' id='word_1_343' title='bbox 268 2589 327 2655; x_wconf 91' lang='lat' dir='ltr'><strong>est,</strong></span> <span class='ocrx_word' id='word_1_344' title='bbox 351 2599 417 2641; x_wconf 94' lang='lat' dir='ltr'><strong>non</strong></span> <span class='ocrx_word' id='word_1_345' title='bbox 440 2598 534 2659; x_wconf 87' lang='lat' dir='ltr'><strong>posse</strong></span> <span class='ocrx_word' id='word_1_346' title='bbox 556 2578 641 2642; x_wconf 91' lang='lat' dir='ltr'><strong>inter</strong></span> <span class='ocrx_word' id='word_1_347' title='bbox 665 2578 815 2642; x_wconf 90' lang='lat' dir='ltr'><strong>homines</strong></span> <span class='ocrx_word' id='word_1_348' title='bbox 833 2578 976 2641; x_wconf 86' lang='lat' dir='ltr'><strong>inveniri</strong></span> <span class='ocrx_word' id='word_1_349' title='bbox 996 2578 1138 2659; x_wconf 88' lang='lat' dir='ltr'><strong>pretium</strong></span> <span class='ocrx_word' id='word_1_350' title='bbox 1192 2576 1369 2662; x_wconf 90' lang='lat' dir='ltr'><strong>multorum</strong></span> <span class='ocrx_word' id='word_1_351' title='bbox 1399 2576 1598 2660; x_wconf 88' lang='lat' dir='ltr'><strong>opulentiam</strong></span> <span class='ocrx_word' id='word_1_352' title='bbox 1626 2579 1796 2643; x_wconf 85' lang='lat' dir='ltr'><strong>transferri</strong></span> <span class='ocrx_word' id='word_1_353' title='bbox 1827 2579 1866 2643; x_wconf 90' lang='lat' dir='ltr'><strong>ad</strong></span> <span class='ocrx_word' id='word_1_354' title='bbox 1898 2579 2031 2643; x_wconf 89' lang='lat' dir='ltr'><strong>alienos.</strong></span> <span class='ocrx_word' id='word_1_355' title='bbox 2076 2576 2162 2641; x_wconf 90' lang='lat' dir='ltr'><strong>Nam</strong></span> 
     </span>
     <span class='ocr_line' id='line_1_27' title="bbox 167 2661 2162 2749; baseline -0.003 -19"><span class='ocrx_word' id='word_1_356' title='bbox 167 2687 232 2749; x_wconf 89' lang='lat' dir='ltr'><strong>qno</strong></span> <span class='ocrx_word' id='word_1_357' title='bbox 255 2665 327 2742; x_wconf 88' lang='lat' dir='ltr'><strong>sibi,</strong></span> <span class='ocrx_word' id='word_1_358' title='bbox 350 2663 403 2728; x_wconf 82' lang='lat' dir='ltr'><strong>vel</strong></span> <span class='ocrx_word' id='word_1_359' title='bbox 427 2664 499 2727; x_wconf 88' lang='lat' dir='ltr'><strong>aliis</strong></span> <span class='ocrx_word' id='word_1_360' title='bbox 522 2662 749 2727; x_wconf 89' lang='lat' dir='ltr'><strong>aeternitatem</strong></span> <span class='ocrx_word' id='word_1_361' title='bbox 771 2663 805 2727; x_wconf 94' lang='lat' dir='ltr'><strong>in</strong></span> <span class='ocrx_word' id='word_1_362' title='bbox 824 2662 947 2728; x_wconf 92' lang='lat' dir='ltr'><strong>mundo</strong></span> <span class='ocrx_word' id='word_1_363' title='bbox 965 2664 1138 2728; x_wconf 86' lang='lat' dir='ltr'><strong>redimant.</strong></span> <span class='ocrx_word' id='word_1_364' title='bbox 1191 2672 1318 2745; x_wconf 60' lang='lat' dir='ltr'><strong>mm&lt;</strong></span> <span class='ocrx_word' id='word_1_365' title='bbox 1339 2661 1503 2747; x_wconf 87' lang='lat' dir='ltr'><strong>(quamvis</strong></span> <span class='ocrx_word' id='word_1_366' title='bbox 1535 2662 1575 2727; x_wconf 93' lang='lat' dir='ltr'><strong>ad</strong></span> <span class='ocrx_word' id='word_1_367' title='bbox 1604 2663 1765 2744; x_wconf 90' lang='lat' dir='ltr'><strong>quoslibet</strong></span> <span class='ocrx_word' id='word_1_368' title='bbox 1793 2684 1996 2730; x_wconf 88' lang='lat' dir='ltr'><strong>suecessores</strong></span> <span class='ocrx_word' id='word_1_369' title='bbox 2026 2662 2162 2728; x_wconf 87' lang='lat' dir='ltr'><strong>extendi</strong></span> 
     </span>
     <span class='ocr_line' id='line_1_28' title="bbox 167 2747 2164 2832; baseline -0.004 -14"><span class='ocrx_word' id='word_1_370' title='bbox 167 2751 233 2818; x_wconf 89' lang='lat' dir='ltr'><strong>Ubi</strong></span> <span class='ocrx_word' id='word_1_371' title='bbox 252 2772 311 2816; x_wconf 92' lang='lat' dir='ltr'><strong>nos</strong></span> <span class='ocrx_word' id='word_1_372' title='bbox 330 2748 497 2826; x_wconf 91' lang='lat' dir='ltr'><strong>vertimus,</strong></span> <span class='ocrx_word' id='word_1_373' title='bbox 515 2748 560 2814; x_wconf 84' lang='lat' dir='ltr'><strong>Et</strong></span> <span class='ocrx_word' id='word_1_374' title='bbox 578 2749 704 2814; x_wconf 81' lang='lat' dir='ltr'><strong>duratio</strong></span> <span class='ocrx_word' id='word_1_375' title='bbox 721 2769 827 2814; x_wconf 84' lang='lat' dir='ltr'><strong>eorum</strong></span> <span class='ocrx_word' id='word_1_376' title='bbox 844 2749 1065 2827; x_wconf 77' lang='lat' dir='ltr'><strong>intestatum,</strong></span> <span class='ocrx_word' id='word_1_377' title='bbox 1084 2748 1139 2812; x_wconf 92' lang='lat' dir='ltr'><strong>alii</strong></span> <span class='ocrx_word' id='word_1_378' title='bbox 1193 2747 1293 2829; x_wconf 89' lang='lat' dir='ltr'><strong>possit</strong></span> <span class='ocrx_word' id='word_1_379' title='bbox 1314 2747 1375 2812; x_wconf 89' lang='lat' dir='ltr'><strong>hoo</strong></span> <span class='ocrx_word' id='word_1_380' title='bbox 1398 2768 1527 2824; x_wconf 91' lang='lat' dir='ltr'><strong>nomen,</strong></span> <span class='ocrx_word' id='word_1_381' title='bbox 1550 2747 1637 2830; x_wconf 90' lang='lat' dir='ltr'><strong>quod</strong></span> <span class='ocrx_word' id='word_1_382' title='bbox 1660 2750 1850 2832; x_wconf 87' lang='lat' dir='ltr'><strong>sirnplieitor</strong></span> <span class='ocrx_word' id='word_1_383' title='bbox 1873 2764 1939 2815; x_wconf 86' lang='lat' dir='ltr'><strong>tam</strong></span> <span class='ocrx_word' id='word_1_384' title='bbox 1963 2749 2044 2814; x_wconf 92' lang='lat' dir='ltr'><strong>alios</strong></span> <span class='ocrx_word' id='word_1_385' title='bbox 2066 2767 2164 2832; x_wconf 87' lang='lat' dir='ltr'><strong>quam</strong></span> 
     </span>
     <span class='ocr_line' id='line_1_29' title="bbox 165 2815 2163 2923; baseline -0.002 -21"><span class='ocrx_word' id='word_1_386' title='bbox 165 2815 249 2923; x_wconf 58' lang='lat' dir='ltr'><strong>im</strong></span> <span class='ocrx_word' id='word_1_387' title='bbox 273 2834 408 2902; x_wconf 80' lang='lat' dir='ltr'><strong>verbum</strong></span> <span class='ocrx_word' id='word_1_388' title='bbox 430 2856 502 2900; x_wconf 88' lang='lat' dir='ltr'><strong>esse</strong></span> <span class='ocrx_word' id='word_1_389' title='bbox 524 2843 651 2918; x_wconf 89' lang='lat' dir='ltr'><strong>putant,</strong></span> <span class='ocrx_word' id='word_1_390' title='bbox 674 2834 758 2918; x_wconf 91' lang='lat' dir='ltr'><strong>quod</strong></span> <span class='ocrx_word' id='word_1_391' title='bbox 776 2856 904 2901; x_wconf 80' lang='lat' dir='ltr'><strong>tessare</strong></span> <span class='ocrx_word' id='word_1_392' title='bbox 921 2835 1139 2918; x_wconf 78' lang='lat' dir='ltr'><strong>interpretari·</strong></span> <span class='ocrx_word' id='word_1_393' title='bbox 1192 2833 1315 2897; x_wconf 88' lang='lat' dir='ltr'><strong>alienos</strong></span> <span class='ocrx_word' id='word_1_394' title='bbox 1336 2832 1513 2917; x_wconf 87' lang='lat' dir='ltr'><strong>signifieat)</strong></span> <span class='ocrx_word' id='word_1_395' title='bbox 1537 2832 1693 2917; x_wconf 88' lang='lat' dir='ltr'><strong>legitimis</strong></span> <span class='ocrx_word' id='word_1_396' title='bbox 1716 2835 1766 2900; x_wconf 89' lang='lat' dir='ltr'><strong>vel</strong></span> <span class='ocrx_word' id='word_1_397' title='bbox 1790 2837 1859 2901; x_wconf 85' lang='lat' dir='ltr'><strong>suia</strong></span> <span class='ocrx_word' id='word_1_398' title='bbox 1881 2834 2076 2901; x_wconf 87' lang='lat' dir='ltr'><strong>haeredibus</strong></span> <span class='ocrx_word' id='word_1_399' title='bbox 2105 2855 2163 2916; x_wconf 93' lang='lat' dir='ltr'><strong>op·</strong></span> 
     </span>
     <span class='ocr_line' id='line_1_30' title="bbox 165 2918 2163 3004; baseline -0.003 -15"><span class='ocrx_word' id='word_1_400' title='bbox 165 2935 237 2989; x_wconf 86' lang='lat' dir='ltr'><strong>tur:</strong></span> <span class='ocrx_word' id='word_1_401' title='bbox 266 2943 304 2988; x_wconf 90' lang='lat' dir='ltr'><strong>ae</strong></span> <span class='ocrx_word' id='word_1_402' title='bbox 327 2921 354 2985; x_wconf 89' lang='lat' dir='ltr'><strong>si</strong></span> <span class='ocrx_word' id='word_1_403' title='bbox 383 2919 505 2986; x_wconf 88' lang='lat' dir='ltr'><strong>dioeret</strong></span> <span class='ocrx_word' id='word_1_404' title='bbox 526 2920 701 3003; x_wconf 91' lang='lat' dir='ltr'><strong>propheta:</strong></span> <span class='ocrx_word' id='word_1_405' title='bbox 731 2920 866 2986; x_wconf 91' lang='lat' dir='ltr'><strong>Nullum</strong></span> <span class='ocrx_word' id='word_1_406' title='bbox 889 2922 1033 3004; x_wconf 90' lang='lat' dir='ltr'><strong>pretium</strong></span> <span class='ocrx_word' id='word_1_407' title='bbox 1055 2919 1140 2984; x_wconf 91' lang='lat' dir='ltr'><strong>tanti</strong></span> <span class='ocrx_word' id='word_1_408' title='bbox 1191 2918 1269 3002; x_wconf 93' lang='lat' dir='ltr'><strong>poni</strong></span> <span class='ocrx_word' id='word_1_409' title='bbox 1292 2919 1448 2983; x_wconf 86' lang='lat' dir='ltr'><strong>arbitror:</strong></span> <span class='ocrx_word' id='word_1_410' title='bbox 1473 2919 1550 3001; x_wconf 88' lang='lat' dir='ltr'><strong>quia</strong></span> <span class='ocrx_word' id='word_1_411' title='bbox 1574 2919 1602 2984; x_wconf 92' lang='lat' dir='ltr'><strong>si</strong></span> <span class='ocrx_word' id='word_1_412' title='bbox 1626 2920 1800 2986; x_wconf 88' lang='lat' dir='ltr'><strong>haeredem</strong></span> <span class='ocrx_word' id='word_1_413' title='bbox 1831 2923 1903 3004; x_wconf 90' lang='lat' dir='ltr'><strong>quis</strong></span> <span class='ocrx_word' id='word_1_414' title='bbox 1934 2921 2163 3003; x_wconf 79' lang='lat' dir='ltr'><strong>relinquatur</strong></span> 
     </span>
     <span class='ocr_line' id='line_1_31' title="bbox 165 3004 2161 3090; baseline -0.003 -14"><span class='ocrx_word' id='word_1_415' title='bbox 165 3010 246 3089; x_wconf 92' lang='lat' dir='ltr'><strong>erit,</strong></span> <span class='ocrx_word' id='word_1_416' title='bbox 276 3020 313 3072; x_wconf 90' lang='lat' dir='ltr'><strong>ut</strong></span> <span class='ocrx_word' id='word_1_417' title='bbox 340 3006 447 3072; x_wconf 84' lang='lat' dir='ltr'><strong>lotum</strong></span> <span class='ocrx_word' id='word_1_418' title='bbox 478 3005 608 3071; x_wconf 89' lang='lat' dir='ltr'><strong>habeat.</strong></span> <span class='ocrx_word' id='word_1_419' title='bbox 661 3007 812 3072; x_wconf 86' lang='lat' dir='ltr'><strong>Oessabit</strong></span> <span class='ocrx_word' id='word_1_420' title='bbox 840 3006 941 3090; x_wconf 89' lang='lat' dir='ltr'><strong>igitur</strong></span> <span class='ocrx_word' id='word_1_421' title='bbox 971 3016 1139 3090; x_wconf 88' lang='lat' dir='ltr'><strong>perpetuo,</strong></span> <span class='ocrx_word' id='word_1_422' title='bbox 1192 3023 1251 3068; x_wconf 91' lang='lat' dir='ltr'><strong>suo</strong></span> <span class='ocrx_word' id='word_1_423' title='bbox 1273 3005 1411 3086; x_wconf 89' lang='lat' dir='ltr'><strong>semine,</strong></span> <span class='ocrx_word' id='word_1_424' title='bbox 1441 3004 1571 3069; x_wconf 88' lang='lat' dir='ltr'><strong>videtur</strong></span> <span class='ocrx_word' id='word_1_425' title='bbox 1594 3005 1628 3067; x_wconf 93' lang='lat' dir='ltr'><strong>in</strong></span> <span class='ocrx_word' id='word_1_426' title='bbox 1651 3006 1739 3070; x_wconf 91' lang='lat' dir='ltr'><strong>illins</strong></span> <span class='ocrx_word' id='word_1_427' title='bbox 1760 3027 1901 3088; x_wconf 92' lang='lat' dir='ltr'><strong>persona</strong></span> <span class='ocrx_word' id='word_1_428' title='bbox 1922 3004 2161 3089; x_wconf 89' lang='lat' dir='ltr'><strong>quodammodo</strong></span> 
     </span>
     <span class='ocr_line' id='line_1_32' title="bbox 166 3089 2163 3179; baseline -0.003 -19"><span class='ocrx_word' id='word_1_429' title='bbox 166 3097 244 3179; x_wconf 90' lang='lat' dir='ltr'><strong>quia</strong></span> <span class='ocrx_word' id='word_1_430' title='bbox 262 3115 308 3158; x_wconf 91' lang='lat' dir='ltr'><strong>nu</strong></span> <span class='ocrx_word' id='word_1_431' title='bbox 333 3113 429 3174; x_wconf 89' lang='lat' dir='ltr'><strong>quam</strong></span> <span class='ocrx_word' id='word_1_432' title='bbox 449 3091 489 3156; x_wconf 90' lang='lat' dir='ltr'><strong>ad</strong></span> <span class='ocrx_word' id='word_1_433' title='bbox 508 3092 769 3157; x_wconf 87' lang='lat' dir='ltr'><strong>suumeifeetum</strong></span> <span class='ocrx_word' id='word_1_434' title='bbox 789 3092 968 3174; x_wconf 89' lang='lat' dir='ltr'><strong>perveniet,</strong></span> <span class='ocrx_word' id='word_1_435' title='bbox 991 3092 1047 3155; x_wconf 92' lang='lat' dir='ltr'><strong>sed</strong></span> <span class='ocrx_word' id='word_1_436' title='bbox 1065 3091 1140 3173; x_wconf 90' lang='lat' dir='ltr'><strong>quia</strong></span> <span class='ocrx_word' id='word_1_437' title='bbox 1192 3098 1365 3172; x_wconf 87' lang='lat' dir='ltr'><strong>superstes.</strong></span> <span class='ocrx_word' id='word_1_438' title='bbox 1419 3089 1483 3156; x_wconf 92' lang='lat' dir='ltr'><strong>Ubi</strong></span> <span class='ocrx_word' id='word_1_439' title='bbox 1512 3109 1591 3154; x_wconf 89' lang='lat' dir='ltr'><strong>vero</strong></span> <span class='ocrx_word' id='word_1_440' title='bbox 1621 3089 1661 3154; x_wconf 91' lang='lat' dir='ltr'><strong>ad</strong></span> <span class='ocrx_word' id='word_1_441' title='bbox 1697 3103 1833 3156; x_wconf 88' lang='lat' dir='ltr'><strong>mortem</strong></span> <span class='ocrx_word' id='word_1_442' title='bbox 1869 3092 1993 3157; x_wconf 86' lang='lat' dir='ltr'><strong>aceedit</strong></span> <span class='ocrx_word' id='word_1_443' title='bbox 2029 3091 2163 3164; x_wconf 90' lang='lat' dir='ltr'><strong>orbitas,</strong></span> 
     </span>
     <span class='ocr_line' id='line_1_33' title="bbox 166 3116 2161 3264; baseline -0.004 -17"><span class='ocrx_word' id='word_1_444' title='bbox 166 3202 286 3247; x_wconf 91' lang='lat' dir='ltr'><strong>nomen</strong></span> <span class='ocrx_word' id='word_1_445' title='bbox 308 3116 400 3264; x_wconf 61' lang='grc' dir='ltr'><strong>ζηη,</strong></span> <span class='ocrx_word' id='word_1_446' title='bbox 429 3189 466 3243; x_wconf 90' lang='lat' dir='ltr'><strong>ut</strong></span> <span class='ocrx_word' id='word_1_447' title='bbox 488 3177 620 3243; x_wconf 88' lang='lat' dir='ltr'><strong>Psalmo</strong></span> <span class='ocrx_word' id='word_1_448' title='bbox 647 3176 699 3254; x_wconf 87' lang='grc'><strong>39,</strong></span> <span class='ocrx_word' id='word_1_449' title='bbox 729 3177 749 3240; x_wconf 82' lang='grc'>5</span> <span class='ocrx_word' id='word_1_450' title='bbox 776 3176 927 3253; x_wconf 86' lang='lat' dir='ltr'><strong>vidimus,</strong></span> <span class='ocrx_word' id='word_1_451' title='bbox 958 3178 1139 3260; x_wconf 86' lang='lat' dir='ltr'><strong>praefixum</strong></span> <span class='ocrx_word' id='word_1_452' title='bbox 1192 3195 1310 3239; x_wconf 88' lang='lat' dir='ltr'><strong>nomen</strong></span> <span class='ocrx_word' id='word_1_453' title='bbox 1323 3174 1462 3239; x_wconf 89' lang='lat' dir='ltr'><strong>hominis</strong></span> <span class='ocrx_word' id='word_1_454' title='bbox 1473 3176 1606 3256; x_wconf 88' lang='lat' dir='ltr'><strong>penitus</strong></span> <span class='ocrx_word' id='word_1_455' title='bbox 1617 3178 1849 3260; x_wconf 87' lang='lat' dir='ltr'><strong>exstinguitur,</strong></span> <span class='ocrx_word' id='word_1_456' title='bbox 1861 3199 1923 3259; x_wconf 92' lang='lat' dir='ltr'><strong>quo</strong></span> <span class='ocrx_word' id='word_1_457' title='bbox 1935 3179 2043 3242; x_wconf 90' lang='lat' dir='ltr'><strong>minus</strong></span> <span class='ocrx_word' id='word_1_458' title='bbox 2054 3177 2161 3242; x_wconf 89' lang='lat' dir='ltr'><strong>solatii</strong></span> 
     </span>
     <span class='ocr_line' id='line_1_34' title="bbox 166 3260 2161 3346; baseline -0.003 -13"><span class='ocrx_word' id='word_1_459' title='bbox 166 3270 254 3332; x_wconf 89' lang='lat' dir='ltr'><strong>vitae</strong></span> <span class='ocrx_word' id='word_1_460' title='bbox 278 3278 405 3345; x_wconf 85' lang='lat' dir='ltr'><strong>tempus</strong></span> <span class='ocrx_word' id='word_1_461' title='bbox 428 3262 600 3346; x_wconf 89' lang='lat' dir='ltr'><strong>signifieat,</strong></span> <span class='ocrx_word' id='word_1_462' title='bbox 626 3263 699 3327; x_wconf 82' lang='lat' dir='ltr'><strong>visa</strong></span> <span class='ocrx_word' id='word_1_463' title='bbox 720 3272 769 3327; x_wconf 88' lang='lat' dir='ltr'><strong>est</strong></span> <span class='ocrx_word' id='word_1_464' title='bbox 791 3261 848 3327; x_wconf 95' lang='lat' dir='ltr'><strong>illa</strong></span> <span class='ocrx_word' id='word_1_465' title='bbox 869 3262 975 3346; x_wconf 91' lang='lat' dir='ltr'><strong>magis</strong></span> <span class='ocrx_word' id='word_1_466' title='bbox 994 3263 1139 3345; x_wconf 89' lang='lat' dir='ltr'><strong>genuina</strong></span> <span class='ocrx_word' id='word_1_467' title='bbox 1191 3268 1241 3324; x_wconf 89' lang='lat' dir='ltr'><strong>est</strong></span> <span class='ocrx_word' id='word_1_468' title='bbox 1261 3260 1404 3341; x_wconf 82' lang='lat' dir='ltr'><strong>profanis</strong></span> <span class='ocrx_word' id='word_1_469' title='bbox 1422 3260 1619 3341; x_wconf 89' lang='lat' dir='ltr'><strong>hominibus,</strong></span> <span class='ocrx_word' id='word_1_470' title='bbox 1637 3264 1672 3326; x_wconf 93' lang='lat' dir='ltr'><strong>in</strong></span> <span class='ocrx_word' id='word_1_471' title='bbox 1690 3283 1828 3344; x_wconf 89' lang='lat' dir='ltr'><strong>quorum</strong></span> <span class='ocrx_word' id='word_1_472' title='bbox 1847 3264 1952 3328; x_wconf 91' lang='lat' dir='ltr'><strong>looum</strong></span> <span class='ocrx_word' id='word_1_473' title='bbox 1971 3282 2037 3327; x_wconf 93' lang='lat' dir='ltr'><strong>non</strong></span> <span class='ocrx_word' id='word_1_474' title='bbox 2050 3281 2161 3328; x_wconf 85' lang='lat' dir='ltr'><strong>suoue-</strong></span> 
     </span>
     <span class='ocr_line' id='line_1_35' title="bbox 164 3343 2161 3434; baseline -0.004 -15"><span class='ocrx_word' id='word_1_475' title='bbox 164 3350 404 3434; x_wconf 87' lang='lat' dir='ltr'><strong>interpretatio.</strong></span> <span class='ocrx_word' id='word_1_476' title='bbox 439 3349 549 3429; x_wconf 80' lang='lat' dir='ltr'><strong>Quum</strong></span> <span class='ocrx_word' id='word_1_477' title='bbox 573 3347 692 3413; x_wconf 88' lang='lat' dir='ltr'><strong>dieitur</strong></span> <span class='ocrx_word' id='word_1_478' title='bbox 714 3368 811 3413; x_wconf 83' lang='lat' dir='ltr'><strong>versu</strong></span> <span class='ocrx_word' id='word_1_479' title='bbox 832 3346 967 3428; x_wconf 80' lang='lat' dir='ltr'><strong>decimo,</strong></span> <span class='ocrx_word' id='word_1_480' title='bbox 988 3353 1021 3412; x_wconf 80' lang='lat' dir='ltr'><strong>at</strong></span> <span class='ocrx_word' id='word_1_481' title='bbox 1038 3346 1140 3413; x_wconf 79' lang='lat' dir='ltr'><strong>adhue</strong></span> <span class='ocrx_word' id='word_1_482' title='bbox 1190 3343 1274 3408; x_wconf 93' lang='lat' dir='ltr'><strong>dunt</strong></span> <span class='ocrx_word' id='word_1_483' title='bbox 1308 3345 1369 3409; x_wconf 92' lang='lat' dir='ltr'><strong>filii</strong></span> <span class='ocrx_word' id='word_1_484' title='bbox 1397 3347 1453 3428; x_wconf 90' lang='lat' dir='ltr'><strong>qui</strong></span> <span class='ocrx_word' id='word_1_485' title='bbox 1487 3366 1660 3430; x_wconf 92' lang='lat' dir='ltr'><strong>personam</strong></span> <span class='ocrx_word' id='word_1_486' title='bbox 1697 3369 1809 3413; x_wconf 91' lang='lat' dir='ltr'><strong>eorum</strong></span> <span class='ocrx_word' id='word_1_487' title='bbox 1847 3349 2040 3414; x_wconf 84' lang='lat' dir='ltr'><strong>sustineant.</strong></span> <span class='ocrx_word' id='word_1_488' title='bbox 2093 3347 2161 3414; x_wconf 83' lang='lat' dir='ltr'><strong>Sed</strong></span> 
     </span>
     <span class='ocr_line' id='line_1_36' title="bbox 164 3428 2161 3520; baseline -0.003 -16"><span class='ocrx_word' id='word_1_489' title='bbox 164 3440 259 3516; x_wconf 70' lang='lat' dir='ltr'><strong>vivat</strong></span> <span class='ocrx_word' id='word_1_490' title='bbox 289 3436 408 3502; x_wconf 87' lang='lat' dir='ltr'><strong>elarius</strong></span> <span class='ocrx_word' id='word_1_491' title='bbox 437 3433 592 3517; x_wconf 85' lang='lat' dir='ltr'><strong>exprimit</strong></span> <span class='ocrx_word' id='word_1_492' title='bbox 619 3433 790 3520; x_wconf 75' lang='lat' dir='ltr'><strong>propheta,</strong></span> <span class='ocrx_word' id='word_1_493' title='bbox 820 3456 886 3498; x_wconf 94' lang='lat' dir='ltr'><strong>non</strong></span> <span class='ocrx_word' id='word_1_494' title='bbox 915 3433 1021 3499; x_wconf 89' lang='lat' dir='ltr'><strong>solum</strong></span> <span class='ocrx_word' id='word_1_495' title='bbox 1051 3443 1138 3516; x_wconf 93' lang='lat' dir='ltr'><strong>post·</strong></span> <span class='ocrx_word' id='word_1_496' title='bbox 1190 3428 1270 3494; x_wconf 87' lang='lat' dir='ltr'><strong>adeo</strong></span> <span class='ocrx_word' id='word_1_497' title='bbox 1292 3430 1374 3495; x_wconf 89' lang='lat' dir='ltr'><strong>nihil</strong></span> <span class='ocrx_word' id='word_1_498' title='bbox 1398 3433 1573 3514; x_wconf 91' lang='lat' dir='ltr'><strong>profioiunt</strong></span> <span class='ocrx_word' id='word_1_499' title='bbox 1595 3433 1646 3499; x_wconf 91' lang='lat' dir='ltr'><strong>his</strong></span> <span class='ocrx_word' id='word_1_500' title='bbox 1668 3433 1879 3516; x_wconf 91' lang='lat' dir='ltr'><strong>dooumentis,</strong></span> <span class='ocrx_word' id='word_1_501' title='bbox 1909 3447 1945 3499; x_wconf 94' lang='lat' dir='ltr'><strong>ut</strong></span> <span class='ocrx_word' id='word_1_502' title='bbox 1967 3435 2050 3499; x_wconf 92' lang='lat' dir='ltr'><strong>nihil</strong></span> <span class='ocrx_word' id='word_1_503' title='bbox 2066 3433 2161 3499; x_wconf 88' lang='lat' dir='ltr'><strong>aliud</strong></span> 
     </span>
     <span class='ocr_line' id='line_1_37' title="bbox 165 3515 2160 3609; baseline -0.003 -20"><span class='ocrx_word' id='word_1_504' title='bbox 165 3544 265 3609; x_wconf 88' lang='lat' dir='ltr'><strong>quam</strong></span> <span class='ocrx_word' id='word_1_505' title='bbox 300 3521 422 3586; x_wconf 88' lang='lat' dir='ltr'><strong>mortui</strong></span> <span class='ocrx_word' id='word_1_506' title='bbox 450 3520 571 3586; x_wconf 86' lang='lat' dir='ltr'><strong>fuerint</strong></span> <span class='ocrx_word' id='word_1_507' title='bbox 599 3518 762 3597; x_wconf 91' lang='lat' dir='ltr'><strong>homines,</strong></span> <span class='ocrx_word' id='word_1_508' title='bbox 794 3539 861 3584; x_wconf 93' lang='lat' dir='ltr'><strong>non</strong></span> <span class='ocrx_word' id='word_1_509' title='bbox 890 3540 992 3602; x_wconf 50' lang='lat' dir='ltr'><strong>posse,</strong></span> <span class='ocrx_word' id='word_1_510' title='bbox 1013 3517 1139 3597; x_wconf 87' lang='lat' dir='ltr'><strong>redimi,</strong></span> <span class='ocrx_word' id='word_1_511' title='bbox 1190 3516 1224 3579; x_wconf 91' lang='lat' dir='ltr'><strong>in</strong></span> <span class='ocrx_word' id='word_1_512' title='bbox 1247 3515 1344 3582; x_wconf 86' lang='lat' dir='ltr'><strong>eorde</strong></span> <span class='ocrx_word' id='word_1_513' title='bbox 1366 3531 1514 3596; x_wconf 86' lang='lat' dir='ltr'><strong>versent,</strong></span> <span class='ocrx_word' id='word_1_514' title='bbox 1544 3540 1640 3601; x_wconf 89' lang='lat' dir='ltr'><strong>quarn</strong></span> <span class='ocrx_word' id='word_1_515' title='bbox 1664 3531 1831 3586; x_wconf 90' lang='lat' dir='ltr'><strong>aeternam</strong></span> <span class='ocrx_word' id='word_1_516' title='bbox 1863 3522 1963 3586; x_wconf 86' lang='lat' dir='ltr'><strong>vitam</strong></span> <span class='ocrx_word' id='word_1_517' title='bbox 1995 3522 2029 3584; x_wconf 94' lang='lat' dir='ltr'><strong>in</strong></span> <span class='ocrx_word' id='word_1_518' title='bbox 2059 3527 2160 3585; x_wconf 88' lang='lat' dir='ltr'><strong>terra.</strong></span> 
     </span>
     <span class='ocr_line' id='line_1_38' title="bbox 164 3601 2159 3710; baseline -0.005 -33"><span class='ocrx_word' id='word_1_519' title='bbox 164 3609 222 3677; x_wconf 87' lang='lat' dir='ltr'><strong>sed</strong></span> <span class='ocrx_word' id='word_1_520' title='bbox 255 3607 334 3672; x_wconf 91' lang='lat' dir='ltr'><strong>dum</strong></span> <span class='ocrx_word' id='word_1_521' title='bbox 362 3605 556 3690; x_wconf 86' lang='lat' dir='ltr'><strong>superstites</strong></span> <span class='ocrx_word' id='word_1_522' title='bbox 584 3603 691 3670; x_wconf 87' lang='lat' dir='ltr'><strong>adhue</strong></span> <span class='ocrx_word' id='word_1_523' title='bbox 720 3616 824 3689; x_wconf 88' lang='lat' dir='ltr'><strong>agunt</strong></span> <span class='ocrx_word' id='word_1_524' title='bbox 852 3604 888 3669; x_wconf 91' lang='lat' dir='ltr'><strong>in</strong></span> <span class='ocrx_word' id='word_1_525' title='bbox 910 3605 1043 3685; x_wconf 90' lang='lat' dir='ltr'><strong>mundo,</strong></span> <span class='ocrx_word' id='word_1_526' title='bbox 1072 3624 1140 3668; x_wconf 93' lang='lat' dir='ltr'><strong>non</strong></span> <span class='ocrx_word' id='word_1_527' title='bbox 1190 3601 1275 3667; x_wconf 91' lang='lat' dir='ltr'><strong>Nam</strong></span> <span class='ocrx_word' id='word_1_528' title='bbox 1297 3602 1484 3669; x_wconf 77' lang='lat' dir='ltr'><strong>hebraicum</strong></span> <span class='ocrx_word' id='word_1_529' title='bbox 1508 3618 1731 3710; x_wconf 59' lang='lat' dir='ltr'><strong>nomenfflp</strong></span> <span class='ocrx_word' id='word_1_530' title='bbox 1754 3627 1854 3688; x_wconf 90' lang='lat' dir='ltr'><strong>quum</strong></span> <span class='ocrx_word' id='word_1_531' title='bbox 1876 3604 2020 3672; x_wconf 91' lang='lat' dir='ltr'><strong>medium</strong></span> <span class='ocrx_word' id='word_1_532' title='bbox 2050 3607 2159 3671; x_wconf 87' lang='lat' dir='ltr'><strong>onius·</strong></span> 
     </span>
     <span class='ocr_line' id='line_1_39' title="bbox 165 3689 2160 3780; baseline -0.002 -20"><span class='ocrx_word' id='word_1_533' title='bbox 165 3716 261 3780; x_wconf 91' lang='lat' dir='ltr'><strong>posse</strong></span> <span class='ocrx_word' id='word_1_534' title='bbox 290 3692 422 3776; x_wconf 88' lang='lat' dir='ltr'><strong>longius</strong></span> <span class='ocrx_word' id='word_1_535' title='bbox 449 3690 514 3756; x_wconf 92' lang='lat' dir='ltr'><strong>illis</strong></span> <span class='ocrx_word' id='word_1_536' title='bbox 541 3691 711 3775; x_wconf 89' lang='lat' dir='ltr'><strong>prorogari</strong></span> <span class='ocrx_word' id='word_1_537' title='bbox 746 3691 858 3756; x_wconf 86' lang='lat' dir='ltr'><strong>vitam.</strong></span> <span class='ocrx_word' id='word_1_538' title='bbox 908 3690 1014 3756; x_wconf 85' lang='lat' dir='ltr'><strong>Doeet</strong></span> <span class='ocrx_word' id='word_1_539' title='bbox 1042 3691 1139 3771; x_wconf 89' lang='lat' dir='ltr'><strong>euim,</strong></span> <span class='ocrx_word' id='word_1_540' title='bbox 1191 3708 1254 3770; x_wconf 91' lang='lat' dir='ltr'><strong>que</strong></span> <span class='ocrx_word' id='word_1_541' title='bbox 1276 3691 1323 3753; x_wconf 94' lang='lat' dir='ltr'><strong>rei</strong></span> <span class='ocrx_word' id='word_1_542' title='bbox 1345 3689 1526 3773; x_wconf 83' lang='lat' dir='ltr'><strong>signifieat,</strong></span> <span class='ocrx_word' id='word_1_543' title='bbox 1555 3692 1778 3774; x_wconf 88' lang='lat' dir='ltr'><strong>metaphoriee</strong></span> <span class='ocrx_word' id='word_1_544' title='bbox 1800 3714 1859 3775; x_wconf 93' lang='lat' dir='ltr'><strong>pro</strong></span> <span class='ocrx_word' id='word_1_545' title='bbox 1887 3691 1985 3759; x_wconf 88' lang='lat' dir='ltr'><strong>eorde</strong></span> <span class='ocrx_word' id='word_1_546' title='bbox 2017 3690 2160 3757; x_wconf 91' lang='lat' dir='ltr'><strong>hominis</strong></span> 
     </span>
     <span class='ocr_line' id='line_1_40' title="bbox 164 3774 2158 3865; baseline -0.003 -19"><span class='ocrx_word' id='word_1_547' title='bbox 164 3782 349 3865; x_wconf 88' lang='lat' dir='ltr'><strong>praefixum</strong></span> <span class='ocrx_word' id='word_1_548' title='bbox 370 3777 486 3860; x_wconf 84' lang='lat' dir='ltr'><strong>auique</strong></span> <span class='ocrx_word' id='word_1_549' title='bbox 507 3798 577 3842; x_wconf 88' lang='lat' dir='ltr'><strong>esse</strong></span> <span class='ocrx_word' id='word_1_550' title='bbox 589 3776 723 3843; x_wconf 82' lang='lat' dir='ltr'><strong>vivendi</strong></span> <span class='ocrx_word' id='word_1_551' title='bbox 736 3778 845 3854; x_wconf 90' lang='lat' dir='ltr'><strong>finem,</strong></span> <span class='ocrx_word' id='word_1_552' title='bbox 865 3797 962 3858; x_wconf 89' lang='lat' dir='ltr'><strong>quem</strong></span> <span class='ocrx_word' id='word_1_553' title='bbox 975 3776 1140 3842; x_wconf 91' lang='lat' dir='ltr'><strong>transilire</strong></span> <span class='ocrx_word' id='word_1_554' title='bbox 1190 3774 1245 3839; x_wconf 83' lang='lat' dir='ltr'><strong>vel</strong></span> <span class='ocrx_word' id='word_1_555' title='bbox 1280 3777 1442 3840; x_wconf 89' lang='lat' dir='ltr'><strong>intestinis</strong></span> <span class='ocrx_word' id='word_1_556' title='bbox 1471 3777 1608 3858; x_wconf 89' lang='lat' dir='ltr'><strong>eapitur.</strong></span> <span class='ocrx_word' id='word_1_557' title='bbox 1660 3777 1785 3843; x_wconf 79' lang='lat' dir='ltr'><strong>Sensus</strong></span> <span class='ocrx_word' id='word_1_558' title='bbox 1814 3780 1925 3860; x_wconf 89' lang='lat' dir='ltr'><strong>itaque</strong></span> <span class='ocrx_word' id='word_1_559' title='bbox 1961 3776 2069 3842; x_wconf 88' lang='lat' dir='ltr'><strong>olarns</strong></span> <span class='ocrx_word' id='word_1_560' title='bbox 2099 3787 2158 3855; x_wconf 90' lang='lat' dir='ltr'><strong>est,</strong></span> 
     </span>
     <span class='ocr_line' id='line_1_41' title="bbox 164 3858 2159 3949; baseline -0.002 -17"><span class='ocrx_word' id='word_1_561' title='bbox 164 3874 323 3949; x_wconf 88' lang='lat' dir='ltr'><strong>nequeat:</strong></span> <span class='ocrx_word' id='word_1_562' title='bbox 353 3864 463 3946; x_wconf 91' lang='lat' dir='ltr'><strong>itaque</strong></span> <span class='ocrx_word' id='word_1_563' title='bbox 494 3862 572 3927; x_wconf 91' lang='lat' dir='ltr'><strong>dum</strong></span> <span class='ocrx_word' id='word_1_564' title='bbox 600 3862 635 3926; x_wconf 92' lang='lat' dir='ltr'><strong>in</strong></span> <span class='ocrx_word' id='word_1_565' title='bbox 658 3883 719 3928; x_wconf 89' lang='lat' dir='ltr'><strong>sua</strong></span> <span class='ocrx_word' id='word_1_566' title='bbox 739 3882 891 3944; x_wconf 86' lang='lat' dir='ltr'><strong>perversa</strong></span> <span class='ocrx_word' id='word_1_567' title='bbox 913 3862 1032 3928; x_wconf 81' lang='lat' dir='ltr'><strong>fidutia</strong></span> <span class='ocrx_word' id='word_1_568' title='bbox 1056 3862 1140 3928; x_wconf 92' lang='lat' dir='ltr'><strong>desi·</strong></span> <span class='ocrx_word' id='word_1_569' title='bbox 1191 3858 1277 3942; x_wconf 90' lang='lat' dir='ltr'><strong>quod</strong></span> <span class='ocrx_word' id='word_1_570' title='bbox 1300 3860 1415 3925; x_wconf 88' lang='lat' dir='ltr'><strong>fiotitia</strong></span> <span class='ocrx_word' id='word_1_571' title='bbox 1438 3871 1590 3926; x_wconf 89' lang='lat' dir='ltr'><strong>terrenae</strong></span> <span class='ocrx_word' id='word_1_572' title='bbox 1613 3863 1698 3928; x_wconf 86' lang='lat' dir='ltr'><strong>vitae</strong></span> <span class='ocrx_word' id='word_1_573' title='bbox 1719 3865 1921 3946; x_wconf 88' lang='lat' dir='ltr'><strong>perpetuitas</strong></span> <span class='ocrx_word' id='word_1_574' title='bbox 1947 3864 2081 3928; x_wconf 90' lang='lat' dir='ltr'><strong>intimos</strong></span> <span class='ocrx_word' id='word_1_575' title='bbox 2103 3883 2159 3928; x_wconf 92' lang='lat' dir='ltr'><strong>eo·</strong></span> 
     </span>
     <span class='ocr_line' id='line_1_42' title="bbox 164 3947 2158 4036; baseline -0.001 -20"><span class='ocrx_word' id='word_1_576' title='bbox 164 3953 265 4036; x_wconf 86' lang='lat' dir='ltr'><strong>piant</strong></span> <span class='ocrx_word' id='word_1_577' title='bbox 286 3949 413 4034; x_wconf 91' lang='lat' dir='ltr'><strong>profani</strong></span> <span class='ocrx_word' id='word_1_578' title='bbox 434 3947 596 4025; x_wconf 88' lang='lat' dir='ltr'><strong>homines,</strong></span> <span class='ocrx_word' id='word_1_579' title='bbox 627 3949 826 4031; x_wconf 90' lang='lat' dir='ltr'><strong>propinquos</strong></span> <span class='ocrx_word' id='word_1_580' title='bbox 847 3969 919 4013; x_wconf 91' lang='lat' dir='ltr'><strong>esse</strong></span> <span class='ocrx_word' id='word_1_581' title='bbox 940 3948 1098 4031; x_wconf 89' lang='lat' dir='ltr'><strong>sepuloro,</strong></span> <span class='ocrx_word' id='word_1_582' title='bbox 1122 3967 1141 4012; x_wconf 94' lang='lat' dir='ltr'><strong>a</strong></span> <span class='ocrx_word' id='word_1_583' title='bbox 1192 3967 1265 4011; x_wconf 93' lang='lat' dir='ltr'><strong>rum</strong></span> <span class='ocrx_word' id='word_1_584' title='bbox 1288 3966 1404 4012; x_wconf 91' lang='lat' dir='ltr'><strong>sensus</strong></span> <span class='ocrx_word' id='word_1_585' title='bbox 1425 3956 1569 4031; x_wconf 88' lang='lat' dir='ltr'><strong>oeeupet.</strong></span> <span class='ocrx_word' id='word_1_586' title='bbox 1605 3948 1757 4032; x_wconf 84' lang='lat' dir='ltr'><strong>Argutior</strong></span> <span class='ocrx_word' id='word_1_587' title='bbox 1779 3950 2004 4032; x_wconf 89' lang='lat' dir='ltr'><strong>interpretatio</strong></span> <span class='ocrx_word' id='word_1_588' title='bbox 2026 3949 2067 4015; x_wconf 89' lang='lat' dir='ltr'><strong>ab</strong></span> <span class='ocrx_word' id='word_1_589' title='bbox 2086 3949 2158 4015; x_wconf 89' lang='lat' dir='ltr'><strong>aliis</strong></span> 
     </span>
     <span class='ocr_line' id='line_1_43' title="bbox 165 4032 2163 4122; baseline -0.001 -21"><span class='ocrx_word' id='word_1_590' title='bbox 165 4059 232 4122; x_wconf 89' lang='lat' dir='ltr'><strong>quo</strong></span> <span class='ocrx_word' id='word_1_591' title='bbox 255 4038 376 4102; x_wconf 87' lang='lat' dir='ltr'><strong>frustra</strong></span> <span class='ocrx_word' id='word_1_592' title='bbox 398 4054 433 4100; x_wconf 89' lang='lat' dir='ltr'><strong>se</strong></span> <span class='ocrx_word' id='word_1_593' title='bbox 455 4035 599 4100; x_wconf 86' lang='lat' dir='ltr'><strong>eximere</strong></span> <span class='ocrx_word' id='word_1_594' title='bbox 617 4032 800 4100; x_wconf 89' lang='lat' dir='ltr'><strong>tentabunt.</strong></span> <span class='ocrx_word' id='word_1_595' title='bbox 843 4033 918 4100; x_wconf 79' lang='lat' dir='ltr'><strong>Etsi</strong></span> <span class='ocrx_word' id='word_1_596' title='bbox 941 4045 1050 4099; x_wconf 90' lang='lat' dir='ltr'><strong>autem</strong></span> <span class='ocrx_word' id='word_1_597' title='bbox 1072 4055 1140 4099; x_wconf 89' lang='lat' dir='ltr'><strong>non</strong></span> <span class='ocrx_word' id='word_1_598' title='bbox 1192 4032 1338 4108; x_wconf 87' lang='lat' dir='ltr'><strong>affertur,</strong></span> <span class='ocrx_word' id='word_1_599' title='bbox 1361 4053 1438 4097; x_wconf 92' lang='lat' dir='ltr'><strong>nam</strong></span> <span class='ocrx_word' id='word_1_600' title='bbox 1462 4034 1537 4116; x_wconf 90' lang='lat' dir='ltr'><strong>quia</strong></span> <span class='ocrx_word' id='word_1_601' title='bbox 1560 4045 1642 4116; x_wconf 66' lang='grc' dir='ltr'><strong>Π)</strong></span> <span class='ocrx_word' id='word_1_602' title='bbox 1665 4035 1828 4101; x_wconf 90' lang='lat' dir='ltr'><strong>interdum</strong></span> <span class='ocrx_word' id='word_1_603' title='bbox 1852 4035 1994 4100; x_wconf 90' lang='lat' dir='ltr'><strong>sumitur</strong></span> <span class='ocrx_word' id='word_1_604' title='bbox 2023 4057 2081 4119; x_wconf 92' lang='lat' dir='ltr'><strong>pro</strong></span> <span class='ocrx_word' id='word_1_605' title='bbox 2112 4056 2163 4102; x_wconf 91' lang='lat' dir='ltr'><strong>se·</strong></span> 
     </span>
     <span class='ocr_line' id='line_1_44' title="bbox 165 4072 2162 4207; baseline -0.001 -19"><span class='ocrx_word' id='word_1_606' title='bbox 165 4122 301 4188; x_wconf 84' lang='lat' dir='ltr'><strong>videtur</strong></span> <span class='ocrx_word' id='word_1_607' title='bbox 331 4121 546 4204; x_wconf 87' lang='lat' dir='ltr'><strong>aenigmatioe</strong></span> <span class='ocrx_word' id='word_1_608' title='bbox 568 4118 658 4202; x_wconf 90' lang='lat' dir='ltr'><strong>loqui</strong></span> <span class='ocrx_word' id='word_1_609' title='bbox 680 4120 848 4204; x_wconf 90' lang='lat' dir='ltr'><strong>propheta,</strong></span> <span class='ocrx_word' id='word_1_610' title='bbox 878 4118 956 4185; x_wconf 91' lang='lat' dir='ltr'><strong>dum</strong></span> <span class='ocrx_word' id='word_1_611' title='bbox 978 4119 1140 4186; x_wconf 90' lang='lat' dir='ltr'><strong>submisso</strong></span> <span class='ocrx_word' id='word_1_612' title='bbox 1191 4116 1314 4200; x_wconf 90' lang='lat' dir='ltr'><strong>pulero,</strong></span> <span class='ocrx_word' id='word_1_613' title='bbox 1333 4117 1433 4182; x_wconf 90' lang='lat' dir='ltr'><strong>rideri</strong></span> <span class='ocrx_word' id='word_1_614' title='bbox 1451 4129 1569 4201; x_wconf 90' lang='lat' dir='ltr'><strong>putant</strong></span> <span class='ocrx_word' id='word_1_615' title='bbox 1588 4072 1701 4185; x_wconf 76' lang='lat' dir='ltr'><strong>sirum</strong></span> <span class='ocrx_word' id='word_1_616' title='bbox 1719 4123 1893 4187; x_wconf 87' lang='lat' dir='ltr'><strong>stultitiam</strong></span> <span class='ocrx_word' id='word_1_617' title='bbox 1911 4121 1967 4204; x_wconf 89' lang='lat' dir='ltr'><strong>qui</strong></span> <span class='ocrx_word' id='word_1_618' title='bbox 1986 4123 2162 4207; x_wconf 90' lang='lat' dir='ltr'><strong>magnifioa</strong></span> 
     </span>
     <span class='ocr_line' id='line_1_45' title="bbox 168 4203 2164 4290; baseline -0.002 -16"><span class='ocrx_word' id='word_1_619' title='bbox 168 4219 203 4275; x_wconf 90' lang='lat' dir='ltr'><strong>et</strong></span> <span class='ocrx_word' id='word_1_620' title='bbox 234 4206 355 4273; x_wconf 90' lang='lat' dir='ltr'><strong>humili</strong></span> <span class='ocrx_word' id='word_1_621' title='bbox 388 4205 474 4290; x_wconf 88' lang='lat' dir='ltr'><strong>stylo</strong></span> <span class='ocrx_word' id='word_1_622' title='bbox 508 4203 710 4288; x_wconf 84' lang='lat' dir='ltr'><strong>populariter</strong></span> <span class='ocrx_word' id='word_1_623' title='bbox 743 4205 889 4284; x_wconf 88' lang='lat' dir='ltr'><strong>disserit,</strong></span> <span class='ocrx_word' id='word_1_624' title='bbox 923 4206 999 4288; x_wconf 88' lang='lat' dir='ltr'><strong>quia</strong></span> <span class='ocrx_word' id='word_1_625' title='bbox 1030 4214 1140 4270; x_wconf 86' lang='lat' dir='ltr'><strong>tamen</strong></span> <span class='ocrx_word' id='word_1_626' title='bbox 1192 4203 1312 4286; x_wconf 92' lang='lat' dir='ltr'><strong>palatia</strong></span> <span class='ocrx_word' id='word_1_627' title='bbox 1333 4204 1460 4287; x_wconf 88' lang='lat' dir='ltr'><strong>ingenti</strong></span> <span class='ocrx_word' id='word_1_628' title='bbox 1483 4214 1616 4287; x_wconf 90' lang='lat' dir='ltr'><strong>sumptu</strong></span> <span class='ocrx_word' id='word_1_629' title='bbox 1640 4216 1822 4286; x_wconf 88' lang='lat' dir='ltr'><strong>exstruunt,</strong></span> <span class='ocrx_word' id='word_1_630' title='bbox 1846 4209 1879 4272; x_wconf 92' lang='lat' dir='ltr'><strong>in</strong></span> <span class='ocrx_word' id='word_1_631' title='bbox 1902 4206 2018 4290; x_wconf 88' lang='lat' dir='ltr'><strong>quibus</strong></span> <span class='ocrx_word' id='word_1_632' title='bbox 2038 4209 2164 4274; x_wconf 90' lang='lat' dir='ltr'><strong>habitet</strong></span> 
     </span>
     <span class='ocr_line' id='line_1_46' title="bbox 166 4288 2161 4378; baseline -0.002 -17"><span class='ocrx_word' id='word_1_633' title='bbox 166 4293 262 4378; x_wconf 86' lang='lat' dir='ltr'><strong>quasi</strong></span> <span class='ocrx_word' id='word_1_634' title='bbox 289 4314 308 4357; x_wconf 96' lang='lat' dir='ltr'><strong>e</strong></span> <span class='ocrx_word' id='word_1_635' title='bbox 336 4291 469 4359; x_wconf 88' lang='lat' dir='ltr'><strong>sublimi</strong></span> <span class='ocrx_word' id='word_1_636' title='bbox 498 4288 561 4354; x_wconf 92' lang='lat' dir='ltr'><strong>Dei</strong></span> <span class='ocrx_word' id='word_1_637' title='bbox 588 4290 667 4355; x_wconf 92' lang='lat' dir='ltr'><strong>solio</strong></span> <span class='ocrx_word' id='word_1_638' title='bbox 696 4300 863 4373; x_wconf 90' lang='lat' dir='ltr'><strong>stuporem</strong></span> <span class='ocrx_word' id='word_1_639' title='bbox 888 4292 1057 4357; x_wconf 92' lang='lat' dir='ltr'><strong>hominum</strong></span> <span class='ocrx_word' id='word_1_640' title='bbox 1088 4291 1141 4357; x_wconf 90' lang='lat' dir='ltr'><strong>hio</strong></span> <span class='ocrx_word' id='word_1_641' title='bbox 1193 4309 1306 4353; x_wconf 91' lang='lat' dir='ltr'><strong>eorum</strong></span> <span class='ocrx_word' id='word_1_642' title='bbox 1328 4291 1484 4354; x_wconf 90' lang='lat' dir='ltr'><strong>memoria</strong></span> <span class='ocrx_word' id='word_1_643' title='bbox 1506 4299 1580 4374; x_wconf 91' lang='lat' dir='ltr'><strong>post</strong></span> <span class='ocrx_word' id='word_1_644' title='bbox 1602 4303 1751 4369; x_wconf 92' lang='lat' dir='ltr'><strong>mortem,</strong></span> <span class='ocrx_word' id='word_1_645' title='bbox 1774 4293 1831 4359; x_wconf 90' lang='lat' dir='ltr'><strong>sed</strong></span> <span class='ocrx_word' id='word_1_646' title='bbox 1854 4294 1916 4358; x_wconf 92' lang='lat' dir='ltr'><strong>hoo</strong></span> <span class='ocrx_word' id='word_1_647' title='bbox 1937 4304 2161 4360; x_wconf 77' lang='lat' dir='ltr'><strong>commentum</strong></span> 
     </span>
     <span class='ocr_line' id='line_1_47' title="bbox 168 4374 2162 4464; baseline -0.002 -18"><span class='ocrx_word' id='word_1_648' title='bbox 168 4381 315 4462; x_wconf 83' lang='lat' dir='ltr'><strong>damnat,</strong></span> <span class='ocrx_word' id='word_1_649' title='bbox 338 4378 393 4461; x_wconf 90' lang='lat' dir='ltr'><strong>qui</strong></span> <span class='ocrx_word' id='word_1_650' title='bbox 411 4377 563 4460; x_wconf 91' lang='lat' dir='ltr'><strong>superbia</strong></span> <span class='ocrx_word' id='word_1_651' title='bbox 580 4379 743 4442; x_wconf 88' lang='lat' dir='ltr'><strong>exeaeeati</strong></span> <span class='ocrx_word' id='word_1_652' title='bbox 761 4377 998 4443; x_wconf 79' lang='lat' dir='ltr'><strong>obliviscuntur</strong></span> <span class='ocrx_word' id='word_1_653' title='bbox 1016 4399 1051 4443; x_wconf 89' lang='lat' dir='ltr'><strong>se</strong></span> <span class='ocrx_word' id='word_1_654' title='bbox 1070 4398 1141 4443; x_wconf 89' lang='lat' dir='ltr'><strong>esse</strong></span> <span class='ocrx_word' id='word_1_655' title='bbox 1192 4374 1290 4438; x_wconf 88' lang='lat' dir='ltr'><strong>nimis</strong></span> <span class='ocrx_word' id='word_1_656' title='bbox 1307 4375 1462 4458; x_wconf 88' lang='lat' dir='ltr'><strong>frigidum</strong></span> <span class='ocrx_word' id='word_1_657' title='bbox 1481 4386 1538 4442; x_wconf 91' lang='lat' dir='ltr'><strong>est.</strong></span> <span class='ocrx_word' id='word_1_658' title='bbox 1574 4377 1621 4442; x_wconf 85' lang='lat' dir='ltr'><strong>Et</strong></span> <span class='ocrx_word' id='word_1_659' title='bbox 1638 4379 1723 4460; x_wconf 90' lang='lat' dir='ltr'><strong>qnod</strong></span> <span class='ocrx_word' id='word_1_660' title='bbox 1742 4380 1895 4445; x_wconf 91' lang='lat' dir='ltr'><strong>eontinno</strong></span> <span class='ocrx_word' id='word_1_661' title='bbox 1913 4390 1987 4464; x_wconf 94' lang='lat' dir='ltr'><strong>post</strong></span> <span class='ocrx_word' id='word_1_662' title='bbox 2004 4382 2162 4462; x_wconf 89' lang='lat' dir='ltr'><strong>sequitur,</strong></span> 
     </span>
     <span class='ocr_line' id='line_1_48' title="bbox 167 4461 2161 4548; baseline -0.001 -17"><span class='ocrx_word' id='word_1_663' title='bbox 167 4464 335 4531; x_wconf 91' lang='lat' dir='ltr'><strong>homines:</strong></span> <span class='ocrx_word' id='word_1_664' title='bbox 369 4463 514 4546; x_wconf 86' lang='lat' dir='ltr'><strong>quisquis</strong></span> <span class='ocrx_word' id='word_1_665' title='bbox 540 4483 610 4526; x_wconf 90' lang='lat' dir='ltr'><strong>rem</strong></span> <span class='ocrx_word' id='word_1_666' title='bbox 640 4461 745 4544; x_wconf 88' lang='lat' dir='ltr'><strong>ipsam</strong></span> <span class='ocrx_word' id='word_1_667' title='bbox 776 4463 952 4548; x_wconf 86' lang='lat' dir='ltr'><strong>expendet,</strong></span> <span class='ocrx_word' id='word_1_668' title='bbox 986 4463 1141 4529; x_wconf 83' lang='lat' dir='ltr'><strong>fatebitur</strong></span> <span class='ocrx_word' id='word_1_669' title='bbox 1193 4463 1333 4542; x_wconf 92' lang='lat' dir='ltr'><strong>priorem</strong></span> <span class='ocrx_word' id='word_1_670' title='bbox 1356 4463 1553 4526; x_wconf 88' lang='lat' dir='ltr'><strong>sententiam</strong></span> <span class='ocrx_word' id='word_1_671' title='bbox 1576 4464 1694 4528; x_wconf 90' lang='lat' dir='ltr'><strong>melius</strong></span> <span class='ocrx_word' id='word_1_672' title='bbox 1712 4467 1902 4542; x_wconf 75' lang='lat' dir='ltr'><strong>confirmat,</strong></span> <span class='ocrx_word' id='word_1_673' title='bbox 1933 4487 2050 4548; x_wconf 90' lang='lat' dir='ltr'><strong>nempe</strong></span> <span class='ocrx_word' id='word_1_674' title='bbox 2079 4467 2161 4530; x_wconf 91' lang='lat' dir='ltr'><strong>istos</strong></span> 
     </span>
     <span class='ocr_line' id='line_1_49' title="bbox 169 4545 2164 4636; baseline -0.001 -18"><span class='ocrx_word' id='word_1_675' title='bbox 169 4552 357 4635; x_wconf 87' lang='lat' dir='ltr'><strong>aenigmata</strong></span> <span class='ocrx_word' id='word_1_676' title='bbox 379 4548 431 4615; x_wconf 87' lang='lat' dir='ltr'><strong>hio</strong></span> <span class='ocrx_word' id='word_1_677' title='bbox 453 4546 600 4631; x_wconf 92' lang='lat' dir='ltr'><strong>proponi.</strong></span> <span class='ocrx_word' id='word_1_678' title='bbox 642 4546 775 4614; x_wconf 88' lang='lat' dir='ltr'><strong>Interea</strong></span> <span class='ocrx_word' id='word_1_679' title='bbox 796 4550 831 4614; x_wconf 93' lang='lat' dir='ltr'><strong>in</strong></span> <span class='ocrx_word' id='word_1_680' title='bbox 854 4550 963 4615; x_wconf 87' lang='lat' dir='ltr'><strong>verbis</strong></span> <span class='ocrx_word' id='word_1_681' title='bbox 985 4549 1140 4632; x_wconf 89' lang='lat' dir='ltr'><strong>perspioi·</strong></span> <span class='ocrx_word' id='word_1_682' title='bbox 1193 4545 1342 4612; x_wconf 91' lang='lat' dir='ltr'><strong>homines</strong></span> <span class='ocrx_word' id='word_1_683' title='bbox 1373 4548 1495 4613; x_wconf 92' lang='lat' dir='ltr'><strong>mundo</strong></span> <span class='ocrx_word' id='word_1_684' title='bbox 1519 4547 1651 4636; x_wconf 80' lang='lat' dir='ltr'><strong>¹deditos</strong></span> <span class='ocrx_word' id='word_1_685' title='bbox 1679 4571 1786 4617; x_wconf 80' lang='lat' dir='ltr'><strong>vocare</strong></span> <span class='ocrx_word' id='word_1_686' title='bbox 1815 4553 1943 4625; x_wconf 75' lang='lat' dir='ltr'><strong>nomiae</strong></span> <span class='ocrx_word' id='word_1_687' title='bbox 1972 4572 2032 4617; x_wconf 77' lang='lat' dir='ltr'><strong>otta</strong></span> <span class='ocrx_word' id='word_1_688' title='bbox 2067 4571 2164 4634; x_wconf 78' lang='lat' dir='ltr'><strong>saper</strong></span> 
     </span>
     <span class='ocr_line' id='line_1_50' title="bbox 168 4632 2162 4719; baseline -0.002 -14"><span class='ocrx_word' id='word_1_689' title='bbox 168 4650 223 4705; x_wconf 89' lang='lat' dir='ltr'><strong>tur</strong></span> <span class='ocrx_word' id='word_1_690' title='bbox 245 4635 303 4702; x_wconf 93' lang='lat' dir='ltr'><strong>illa</strong></span> <span class='ocrx_word' id='word_1_691' title='bbox 320 4637 448 4719; x_wconf 88' lang='lat' dir='ltr'><strong>apertio</strong></span> <span class='ocrx_word' id='word_1_692' title='bbox 470 4634 564 4701; x_wconf 88' lang='lat' dir='ltr'><strong>onius</strong></span> <span class='ocrx_word' id='word_1_693' title='bbox 587 4634 745 4713; x_wconf 92' lang='lat' dir='ltr'><strong>meminit,</strong></span> <span class='ocrx_word' id='word_1_694' title='bbox 776 4635 854 4719; x_wconf 87' lang='lat' dir='ltr'><strong>quia</strong></span> <span class='ocrx_word' id='word_1_695' title='bbox 875 4634 966 4701; x_wconf 88' lang='lat' dir='ltr'><strong>Deus</strong></span> <span class='ocrx_word' id='word_1_696' title='bbox 989 4634 1140 4701; x_wconf 89' lang='lat' dir='ltr'><strong>artieula·</strong></span> <span class='ocrx_word' id='word_1_697' title='bbox 1191 4637 1304 4712; x_wconf 68' lang='lat' dir='ltr'><strong>terrea</strong></span> <span class='ocrx_word' id='word_1_698' title='bbox 1326 4632 1387 4699; x_wconf 93' lang='lat' dir='ltr'><strong>hoo</strong></span> <span class='ocrx_word' id='word_1_699' title='bbox 1409 4641 1467 4711; x_wconf 92' lang='lat' dir='ltr'><strong>est,</strong></span> <span class='ocrx_word' id='word_1_700' title='bbox 1490 4653 1610 4719; x_wconf 88' lang='lat' dir='ltr'><strong>magno</strong></span> <span class='ocrx_word' id='word_1_701' title='bbox 1631 4645 1749 4702; x_wconf 91' lang='lat' dir='ltr'><strong>oonatu</strong></span> <span class='ocrx_word' id='word_1_702' title='bbox 1772 4638 1961 4703; x_wconf 90' lang='lat' dir='ltr'><strong>inoumbere</strong></span> <span class='ocrx_word' id='word_1_703' title='bbox 1983 4645 2020 4701; x_wconf 92' lang='lat' dir='ltr'><strong>ut</strong></span> <span class='ocrx_word' id='word_1_704' title='bbox 2041 4637 2162 4702; x_wconf 88' lang='lat' dir='ltr'><strong>lamam</strong></span> 
     </span>
     <span class='ocr_line' id='line_1_51' title="bbox 169 4718 2162 4803; baseline -0.001 -13"><span class='ocrx_word' id='word_1_705' title='bbox 169 4735 238 4790; x_wconf 90' lang='lat' dir='ltr'><strong>tam</strong></span> <span class='ocrx_word' id='word_1_706' title='bbox 269 4720 452 4789; x_wconf 89' lang='lat' dir='ltr'><strong>doetrinam</strong></span> <span class='ocrx_word' id='word_1_707' title='bbox 485 4719 613 4785; x_wconf 89' lang='lat' dir='ltr'><strong>tradere</strong></span> <span class='ocrx_word' id='word_1_708' title='bbox 644 4720 732 4800; x_wconf 86' lang='lat' dir='ltr'><strong>vult,</strong></span> <span class='ocrx_word' id='word_1_709' title='bbox 765 4741 846 4803; x_wconf 89' lang='lat' dir='ltr'><strong>quae</strong></span> <span class='ocrx_word' id='word_1_710' title='bbox 881 4743 920 4785; x_wconf 90' lang='lat' dir='ltr'><strong>ne</strong></span> <span class='ocrx_word' id='word_1_711' title='bbox 950 4719 1141 4786; x_wconf 91' lang='lat' dir='ltr'><strong>rudissimos</strong></span> <span class='ocrx_word' id='word_1_712' title='bbox 1192 4718 1363 4783; x_wconf 90' lang='lat' dir='ltr'><strong>obtineant</strong></span> <span class='ocrx_word' id='word_1_713' title='bbox 1392 4719 1479 4784; x_wconf 87' lang='lat' dir='ltr'><strong>inter</strong></span> <span class='ocrx_word' id='word_1_714' title='bbox 1511 4720 1676 4788; x_wconf 89' lang='lat' dir='ltr'><strong>mortales.</strong></span> <span class='ocrx_word' id='word_1_715' title='bbox 1728 4722 1804 4788; x_wconf 91' lang='lat' dir='ltr'><strong>Huo</strong></span> <span class='ocrx_word' id='word_1_716' title='bbox 1835 4721 1993 4787; x_wconf 89' lang='lat' dir='ltr'><strong>deberent</strong></span> <span class='ocrx_word' id='word_1_717' title='bbox 2024 4722 2162 4788; x_wconf 88' lang='lat' dir='ltr'><strong>tendere</strong></span> 
     </span>
     <span class='ocr_line' id='line_1_52' title="bbox 169 4805 2161 4894; baseline -0.002 -18"><span class='ocrx_word' id='word_1_718' title='bbox 169 4810 303 4894; x_wconf 90' lang='lat' dir='ltr'><strong>quidem</strong></span> <span class='ocrx_word' id='word_1_719' title='bbox 324 4806 442 4873; x_wconf 91' lang='lat' dir='ltr'><strong>idiotas</strong></span> <span class='ocrx_word' id='word_1_720' title='bbox 465 4805 573 4871; x_wconf 88' lang='lat' dir='ltr'><strong>lateat.</strong></span> <span class='ocrx_word' id='word_1_721' title='bbox 1191 4824 1305 4868; x_wconf 90' lang='lat' dir='ltr'><strong>eorum</strong></span> <span class='ocrx_word' id='word_1_722' title='bbox 1324 4812 1418 4881; x_wconf 89' lang='lat' dir='ltr'><strong>vota,</strong></span> <span class='ocrx_word' id='word_1_723' title='bbox 1445 4814 1483 4868; x_wconf 91' lang='lat' dir='ltr'><strong>nt</strong></span> <span class='ocrx_word' id='word_1_724' title='bbox 1511 4826 1632 4872; x_wconf 90' lang='lat' dir='ltr'><strong>nomen</strong></span> <span class='ocrx_word' id='word_1_725' title='bbox 1661 4808 1807 4890; x_wconf 89' lang='lat' dir='ltr'><strong>ipsorum</strong></span> <span class='ocrx_word' id='word_1_726' title='bbox 1827 4808 1986 4890; x_wconf 90' lang='lat' dir='ltr'><strong>soriptnm</strong></span> <span class='ocrx_word' id='word_1_727' title='bbox 2010 4818 2099 4874; x_wconf 86' lang='lat' dir='ltr'><strong>esset</strong></span> <span class='ocrx_word' id='word_1_728' title='bbox 2125 4811 2161 4874; x_wconf 93' lang='lat' dir='ltr'><strong>in</strong></span> 
     </span>
     <span class='ocr_line' id='line_1_53' title="bbox 608 4889 2161 4978; baseline 0.008 -31"><span class='ocrx_word' id='word_1_729' title='bbox 608 4926 613 4937; x_wconf 86' lang='lat'>·</span> <span class='ocrx_word' id='word_1_730' title='bbox 1192 4889 1275 4954; x_wconf 94' lang='lat' dir='ltr'><strong>libro</strong></span> <span class='ocrx_word' id='word_1_731' title='bbox 1298 4890 1401 4971; x_wconf 90' lang='lat' dir='ltr'><strong>vitae,</strong></span> <span class='ocrx_word' id='word_1_732' title='bbox 1432 4911 1469 4956; x_wconf 88' lang='lat' dir='ltr'><strong>ao</strong></span> <span class='ocrx_word' id='word_1_733' title='bbox 1492 4890 1696 4973; x_wconf 87' lang='lat' dir='ltr'><strong>benediotum</strong></span> <span class='ocrx_word' id='word_1_734' title='bbox 1728 4911 1837 4957; x_wconf 89' lang='lat' dir='ltr'><strong>eoram</strong></span> <span class='ocrx_word' id='word_1_735' title='bbox 1860 4892 1932 4959; x_wconf 90' lang='lat' dir='ltr'><strong>Deo</strong></span> <span class='ocrx_word' id='word_1_736' title='bbox 1962 4905 1995 4957; x_wconf 90' lang='lat' dir='ltr'><strong>et</strong></span> <span class='ocrx_word' id='word_1_737' title='bbox 2026 4896 2161 4978; x_wconf 83' lang='lat' dir='ltr'><strong>angelis,</strong></span> 
     </span>
    </p>
   </div>
   <div class='ocr_carea' id='block_1_3' title="bbox 142 5061 2165 5306">
    <p class='ocr_par' dir='ltr' id='par_1_3' title="bbox 142 5061 2165 5306">
     <span class='ocr_line' id='line_1_54' title="bbox 142 5061 2163 5218; baseline 0.01 -67"><span class='ocrx_word' id='word_1_738' title='bbox 142 5135 145 5139; x_wconf 90' lang='lat'><em>-</em></span> <span class='ocrx_word' id='word_1_739' title='bbox 166 5151 243 5218; x_wconf 57' lang='grc' dir='ltr'><em>Μ</em></span> <span class='ocrx_word' id='word_1_740' title='bbox 258 5066 309 5131; x_wconf 70' lang='lat' dir='ltr'><strong>H·</strong></span> <span class='ocrx_word' id='word_1_741' title='bbox 335 5065 418 5163; x_wconf 56' lang='lat' dir='ltr'><strong>quw,</strong></span> <span class='ocrx_word' id='word_1_742' title='bbox 444 5061 557 5162; x_wconf 56' lang='lat' dir='ltr'><strong>fidebit</strong></span> <span class='ocrx_word' id='word_1_743' title='bbox 580 5069 614 5128; x_wconf 53' lang='lat' dir='ltr'><strong>“i</strong></span> <span class='ocrx_word' id='word_1_744' title='bbox 641 5063 811 5162; x_wconf 56' lang='lat' dir='ltr'><strong>sapientes.</strong></span> <span class='ocrx_word' id='word_1_745' title='bbox 828 5063 1141 5163; x_wconf 54' lang='lat' dir='ltr'><strong>mmmm&#39;ir’.⁸ml</strong></span> <span class='ocrx_word' id='word_1_746' title='bbox 1278 5111 1307 5182; x_wconf 73' lang='lat'><strong>*)</strong></span> <span class='ocrx_word' id='word_1_747' title='bbox 1325 5114 1363 5167; x_wconf 85' lang='lat' dir='ltr'><strong>Le</strong></span> <span class='ocrx_word' id='word_1_748' title='bbox 1380 5112 1484 5166; x_wconf 87' lang='lat' dir='ltr'><strong>dedans</strong></span> <span class='ocrx_word' id='word_1_749' title='bbox 1500 5112 1603 5166; x_wconf 86' lang='lat' dir='ltr'><strong>d’ioenx</strong></span> <span class='ocrx_word' id='word_1_750' title='bbox 1625 5113 1697 5167; x_wconf 88' lang='lat' dir='ltr'><strong>leurs</strong></span> <span class='ocrx_word' id='word_1_751' title='bbox 1715 5114 1834 5167; x_wconf 82' lang='lat' dir='ltr'><strong>maisons</strong></span> <span class='ocrx_word' id='word_1_752' title='bbox 1851 5113 1867 5167; x_wconf 79' lang='lat' dir='ltr'><strong>i</strong></span> <span class='ocrx_word' id='word_1_753' title='bbox 1884 5115 1987 5182; x_wconf 88' lang='lat' dir='ltr'><strong>iamais,</strong></span> <span class='ocrx_word' id='word_1_754' title='bbox 2004 5131 2039 5170; x_wconf 78' lang='lat' dir='ltr'><strong>ert</strong></span> <span class='ocrx_word' id='word_1_755' title='bbox 2057 5133 2163 5185; x_wconf 73' lang='lat' dir='ltr'><strong>marpe:</strong></span> 
     </span>
     <span class='ocr_line' id='line_1_55' title="bbox 237 5146 2165 5254; baseline 0.005 -23"><span class='ocrx_word' id='word_1_756' title='bbox 237 5172 284 5252; x_wconf 42' lang='grc' dir='ltr'><strong>,αθ</strong></span> <span class='ocrx_word' id='word_1_757' title='bbox 304 5156 332 5217; x_wconf 60' lang='lat' dir='ltr'><strong>ff</strong></span> <span class='ocrx_word' id='word_1_758' title='bbox 353 5169 509 5233; x_wconf 55' lang='lat' dir='ltr'><strong>mmmm</strong></span> <span class='ocrx_word' id='word_1_759' title='bbox 526 5148 682 5249; x_wconf 72' lang='lat' dir='ltr'><strong>peatunt,</strong></span> <span class='ocrx_word' id='word_1_760' title='bbox 704 5153 732 5214; x_wconf 61' lang='lat' dir='ltr'><strong>ei</strong></span> <span class='ocrx_word' id='word_1_761' title='bbox 752 5146 925 5231; x_wconf 58' lang='lat' dir='ltr'><strong>&#39;⁶3²an</strong></span> <span class='ocrx_word' id='word_1_762' title='bbox 937 5149 1052 5216; x_wconf 69' lang='lat' dir='ltr'><strong>altenis</strong></span> <span class='ocrx_word' id='word_1_763' title='bbox 1066 5170 1140 5251; x_wconf 71' lang='lat' dir='ltr'><strong>0th-</strong></span> <span class='ocrx_word' id='word_1_764' title='bbox 1191 5201 1226 5238; x_wconf 92' lang='lat' dir='ltr'><strong>on</strong></span> <span class='ocrx_word' id='word_1_765' title='bbox 1243 5183 1278 5236; x_wconf 85' lang='lat' dir='ltr'><strong>ils</strong></span> <span class='ocrx_word' id='word_1_766' title='bbox 1295 5199 1329 5235; x_wconf 88' lang='lat' dir='ltr'><strong>ne</strong></span> <span class='ocrx_word' id='word_1_767' title='bbox 1352 5188 1469 5251; x_wconf 90' lang='lat' dir='ltr'><strong>pensent</strong></span> <span class='ocrx_word' id='word_1_768' title='bbox 1486 5181 1502 5235; x_wconf 79' lang='lat' dir='ltr'><strong>d</strong></span> <span class='ocrx_word' id='word_1_769' title='bbox 1519 5189 1597 5234; x_wconf 88' lang='lat' dir='ltr'><strong>autre</strong></span> <span class='ocrx_word' id='word_1_770' title='bbox 1614 5181 1695 5235; x_wconf 87' lang='lat' dir='ltr'><strong>ehose</strong></span> <span class='ocrx_word' id='word_1_771' title='bbox 1717 5182 1796 5236; x_wconf 86' lang='lat' dir='ltr'><strong>sinon</strong></span> <span class='ocrx_word' id='word_1_772' title='bbox 1819 5192 1955 5239; x_wconf 85' lang='lat' dir='ltr'><strong>comment</strong></span> <span class='ocrx_word' id='word_1_773' title='bbox 1977 5185 2012 5239; x_wconf 86' lang='lat' dir='ltr'><strong>ils</strong></span> <span class='ocrx_word' id='word_1_774' title='bbox 2029 5194 2165 5254; x_wconf 81' lang='lat' dir='ltr'><strong>pourtont</strong></span> 
     </span>
     <span class='ocr_line' id='line_1_56' title="bbox 167 5234 1592 5306; baseline -0.001 -1"><span class='ocrx_word' id='word_1_775' title='bbox 167 5236 298 5305; x_wconf 61' lang='lat' dir='ltr'><strong>kasam</strong></span> <span class='ocrx_word' id='word_1_776' title='bbox 319 5256 420 5302; x_wconf 77' lang='lat' dir='ltr'><strong>suant</strong></span> <span class='ocrx_word' id='word_1_777' title='bbox 467 5234 517 5301; x_wconf 79' lang='lat'><strong>12.</strong></span> <span class='ocrx_word' id='word_1_778' title='bbox 541 5234 693 5300; x_wconf 77' lang='lat' dir='ltr'><strong>Iltitmum</strong></span> <span class='ocrx_word' id='word_1_779' title='bbox 714 5254 819 5301; x_wconf 80' lang='lat' dir='ltr'><strong>eorum</strong></span> <span class='ocrx_word' id='word_1_780' title='bbox 846 5234 958 5302; x_wconf 69' lang='lat' dir='ltr'><strong>domus</strong></span> <span class='ocrx_word' id='word_1_781' title='bbox 979 5256 1085 5303; x_wconf 73' lang='lat' dir='ltr'><strong>eorum</strong></span> <span class='ocrx_word' id='word_1_782' title='bbox 1105 5258 1141 5302; x_wconf 79' lang='lat' dir='ltr'><strong>tn</strong></span> <span class='ocrx_word' id='word_1_783' title='bbox 1191 5252 1258 5306; x_wconf 84' lang='lat' dir='ltr'><strong>faire</strong></span> <span class='ocrx_word' id='word_1_784' title='bbox 1276 5250 1358 5304; x_wconf 88' lang='lat' dir='ltr'><strong>darer</strong></span> <span class='ocrx_word' id='word_1_785' title='bbox 1376 5251 1448 5304; x_wconf 88' lang='lat' dir='ltr'><strong>leurs</strong></span> <span class='ocrx_word' id='word_1_786' title='bbox 1466 5251 1592 5304; x_wconf 88' lang='lat' dir='ltr'><strong>maisons.</strong></span> 
     </span>
    </p>
   </div>
   <div class='ocr_carea' id='block_1_4' title="bbox 1908 5337 1959 5392">
    <p class='ocr_par' dir='ltr' id='par_1_4' title="bbox 1908 5337 1959 5392">
     <span class='ocr_line' id='line_1_57' title="bbox 1908 5337 1959 5392; baseline -0.02 0"><span class='ocrx_word' id='word_1_787' title='bbox 1908 5337 1959 5392; x_wconf 73' lang='lat'><strong>31*</strong></span> 
     </span>
    </p>
   </div>
   <div class='ocr_carea' id='block_1_5' title="bbox 0 0 2340 5860">
    <p class='ocr_par' dir='ltr' id='par_1_5' title="bbox 0 0 2340 5860">
     <span class='ocr_line' id='line_1_58' title="bbox 0 0 2340 5860; baseline 0 0"><span class='ocrx_word' id='word_1_788' title='bbox 0 0 2340 5860; x_wconf 95' lang='lat' dir='ltr'><strong> </strong></span> 
     </span>
    </p>
   </div>
  </div>
 </body>
</html>
