4658 5856
170 334 235 400 roe
988 335 1205 405 assumus
1228 335 1391 403 axxva
1581 419 1588 433 ο
2100 344 2164 408 ue

170 527 295 591 conteri
319 547 448 592 neeesse
471 526 534 590 orit
552 527 735 610 quicunque
754 535 925 610 pataream
944 528 1006 593 Dei
1025 547 1139 592 vocem
1191 526 1357 591 beneficiis
1387 527 1551 592 vovebant
1579 530 1745 609 sacrificia,
1775 533 1893 613 quibus
1923 532 2161 598 confitebantur

170 632 245 677 eum
269 613 407 694 strepitu
429 614 692 695 contempserint.
1190 611 1328 676 salutem
1361 634 1454 678 suam
1491 614 1559 679 Dee
1592 637 1627 681 se
1661 630 1825 699 acceptam
1860 617 1958 693 ferre,
1999 617 2039 682 ad
2074 618 2161 683 hunc

258 698 308 762 10.
331 695 451 782 (Quam
472 699 671 781 exsurgeret.)
703 699 800 764 Nunc
822 697 965 763 declarat
983 719 1138 781 quorsum
1191 699 1322 781 pietatis
1351 698 1475 762 cultum
1505 721 1560 765 eos
1590 715 1719 766 revocat
1749 702 1917 784 propheta,
1947 725 1983 768 ao
2012 705 2161 768 reddendi

170 783 328 849 iudicium
362 783 460 847 illud:
496 805 612 866 nempe
645 797 683 849 ut
714 787 877 867 specimen
907 786 1017 850 ederet
1045 784 1138 849 Deus
1191 785 1289 848 verbo
1320 786 1534 849 constantiam
1566 786 1724 870 designat,
1754 809 1795 851 ne
1817 789 1940 853 scilicet
1962 791 1995 852 in
2019 790 2160 853 subitam

170 870 298 951 paterni
328 891 405 951 erga
434 871 503 950 pios
531 890 644 934 omnes
665 871 795 936 amoris.
839 869 947 935 Deum
969 892 1046 954 ergo
1072 891 1137 933 non
1188 869 1423 934 confessionem
1453 887 1626 952 erumpant
1658 873 1773 950 solum,
1808 874 1863 938 sed
1893 877 2048 939 continuo
2078 891 2159 939 tem-

170 975 236 1029 ore,
265 955 322 1019 sed
346 976 446 1018 manu
469 955 657 1037 loquentem
684 956 817 1031 inducit,
841 966 878 1020 nt
900 958 1008 1038 palam
1031 969 1139 1020 osten·
1190 956 1278 1037 poris
1300 977 1450 1020 successu
1474 968 1637 1021 testentur
1655 961 1785 1041 penitus
1806 961 1945 1022 infixam
1967 981 2038 1023 esse
2055 961 2161 1025 cordi·

169 1040 226 1104 dat
262 1062 360 1122 quam
392 1041 439 1105 1111
471 1062 546 1106 cara
579 1042 624 1106 sit
656 1043 783 1123 piorum
816 1043 913 1108 salus.
969 1042 1137 1123 Surgendi
1191 1043 1250 1105 bus
1266 1042 1335 1105 suis
1350 1039 1552 1109 liberationis
1569 1045 1765 1109 memoriam.
1794 1044 2013 1127 Praecipuum
2030 1046 2160 1126 quidem
2245 1095 2248 1099 ·

170 1125 268 1192 verbo
301 1127 340 1190 ad
375 1129 589 1191 cessationem
625 1128 771 1211 respicit,
804 1128 888 1192 unde
916 1139 1046 1192 tantum
1076 1129 1136 1193 sibi
1189 1142 1239 1192 est
1260 1142 1296 1191 ut
1319 1127 1404 1208 apud
1423 1148 1458 1192 se
1476 1140 1628 1210 reputent
1648 1131 1754 1194 Deum
1774 1151 1844 1195 esse
1862 1132 1975 1195 salutis
1994 1146 2156 1195 autorem:

169 1213 319 1278 licentiae
340 1229 548 1295 sumpserant
570 1214 722 1294 improbi:
743 1214 861 1278 dicitur
883 1215 971 1277 enirn
996 1215 1137 1278 tribunal
1189 1213 1245 1277 sed
1277 1235 1341 1276 non
1372 1234 1575 1295 supervacua
1601 1227 1651 1280 est
1672 1216 1818 1280 solennis
1840 1217 1972 1298 pietatis
1994 1218 2160 1298 professio,

168 1299 398 1375 conscendere,
433 1298 486 1363 ubi
518 1298 605 1363 clare
633 1300 748 1364 effectu
779 1301 922 1364 ostendit
951 1301 1013 1364 sibi
1041 1320 1138 1365 curae
1189 1319 1255 1380 qua
1276 1319 1340 1363 non
1363 1300 1457 1362 modo
1477 1323 1512 1364 se
1534 1302 1668 1383 quisque
1691 1299 1731 1364 ad
1753 1302 1895 1366 officium
1918 1303 2075 1377 stimulat,
2105 1302 2161 1366 sed
2231 1291 2244 1309 “

168 1405 240 1449 esse
267 1385 444 1450 ecclesiam.
497 1384 572 1449 Huc
602 1386 689 1448 enim
720 1383 826 1448 tendt
857 1385 1032 1467 prophetae
1060 1407 1137 1450 con·
1190 1385 1243 1448 alii
1275 1385 1363 1447 alios.
1409 1385 1562 1449 Secunde
1593 1387 1738 1450 membro
1761 1386 1893 1452 videtur
1915 1388 2041 1452 vicinas
2063 1390 2161 1451 etiam

167 1471 288 1544 silium,
318 1492 384 1534 nou
411 1471 517 1554 magis
546 1470 618 1535 ficri
649 1491 741 1552 posse
769 1484 806 1534 ut
834 1470 926 1535 Deus
950 1472 1084 1535 miseros
1106 1483 1139 1535 et
1189 1482 1304 1552 gentes
1327 1470 1463 1551 alloqui:
1491 1492 1528 1536 ae
1551 1472 1577 1536 si
1602 1473 1733 1550 dioeret,
1764 1473 1904 1553 speciem
1928 1474 2013 1538 hano
2035 1476 2162 1556 gratiae

168 1557 320 1620 innoxios
343 1555 479 1635 deserat,
509 1577 606 1639 quam
630 1570 666 1620 ut
687 1577 722 1619 se
750 1556 855 1636 ipsum
879 1556 1027 1637 abneget.
1073 1557 1137 1620 No·
1189 1555 1322 1637 dignam
1351 1576 1422 1620 esse
1453 1577 1534 1637 quae
1564 1558 1604 1621 ab
1627 1560 1748 1622 exteris
1772 1572 1805 1622 et
1828 1559 2062 1625 incircumcisis
2085 1581 2161 1643 gen-

168 1641 304 1706 tandum
328 1644 414 1706 enim
438 1653 496 1722 est,
519 1642 626 1705 Deum
650 1642 758 1706 vocari
780 1641 928 1719 iudicem,
958 1654 995 1706 ut
1017 1663 1138 1724 paupe·
1191 1643 1278 1706 tibus
1307 1641 1496 1706 celebretur.
1543 1643 1627 1706 Mihi
1658 1659 1766 1707 tamen
1797 1646 1903 1725 aptius
1925 1666 1996 1709 esse
2019 1646 2060 1709 ad
2089 1666 2162 1725 pro·

168 1728 259 1792 ribus
291 1729 411 1791 iniuste
439 1727 603 1809 oppressis
633 1741 801 1792 succurrat
845 1727 929 1791 Nam
960 1735 1138 1792 incasaetos
1190 1727 1307 1808 phetae
1330 1739 1472 1791 mentem
1496 1727 1633 1810 videtur,
1656 1729 1842 1811 compellari
1862 1729 1916 1793 vel
1935 1730 2078 1806 Levitae,
2111 1731 2162 1795 vel

165 1819 268 1878 terrac
298 1826 392 1877 vocat
419 1813 541 1885 fideles,
571 1814 624 1894 qui
659 1813 889 1878 afflictionibus
912 1813 1023 1877 domiti
1055 1814 1137 1878 nihil
1189 1833 1301 1877 omnes
1325 1813 1478 1877 Abrahae
1508 1828 1669 1893 posteros:
1701 1836 1838 1896 quorum
1866 1816 1995 1897 utrique
2016 1838 2080 1879 non
2105 1817 2162 1882 abs

168 1898 271 1963 altum
294 1900 430 1980 spirant,
464 1898 520 1963 sed
539 1898 731 1981 suppliciter
748 1899 908 1980 gemende
930 1901 1036 1965 erucis
1055 1922 1137 1964 onus
1190 1919 1224 1962 re
1254 1899 1405 1962 dicuntur
1432 1919 1496 1963 esse
1524 1900 1560 1963 ia
1582 1900 1645 1969 Dei
1675 1902 1824 1966 circuitu:
1853 1903 1928 1982 quia
1958 1913 1997 1965 et·
2015 1901 2163 1966 taberna·

167 1985 293 2067 placide
316 1985 463 2048 tolerant.
496 1984 560 2049 Hie
583 1986 669 2048 euim
689 1985 832 2067 optimus
851 1996 901 2049 est
921 1986 1135 2050 afflictionum
1189 1983 1298 2049 culum
1330 1986 1362 2048 in
1392 1984 1499 2048 medio
1529 2000 1705 2051 castrorum
1738 1987 1877 2050 locatum
1908 2003 1978 2051 erat
2007 1987 2161 2069 quamdiu

167 2073 301 2147 fruet-us,
327 2071 453 2134 animos
483 2083 610 2134 nostros
639 2071 757 2135 ferocia
787 2081 943 2154 purgatos
971 2071 1011 2135 ad
1045 2093 1137 2135 man·
1189 2071 1221 2133 in
1246 2069 1375 2134 deserto
1393 2072 1593 2153 peregrinati
1612 2083 1689 2135 sunt
1704 2072 1882 2145 Israelitae‚
1907 2084 1941 2135 et
1955 2075 2053 2138 statio
2069 2093 2162 2139 arcae

165 2156 372 2221 suetudinem
399 2177 437 2221 ac
460 2156 649 2220 modestiam
672 2159 820 2221 flectere:
850 2158 927 2239 quia
949 2157 1026 2220 inde
1048 2169 1137 2222 certo
1189 2155 1314 2220 delecta
1344 2156 1402 2219 fuit
1433 2160 1465 2219 in
1495 2172 1607 2220 monte
1631 2156 1720 2233 Sion,
1751 2169 1789 2222 ut
1816 2158 1961 2240 undique
1983 2157 2060 2223 illuc
2083 2178 2162 2223 con·

165 2242 359 2324 colligimus,
375 2263 433 2306 nos
445 2242 508 2305 Dei
520 2242 655 2307 clientes
667 2263 737 2307 esse
752 2243 868 2325 quibus
880 2242 1032 2324 opitulari
1048 2243 1136 2306 velit.
1188 2243 1338 2305 fluerent.
1393 2242 1521 2306 Levitis
1561 2256 1669 2306 autern
1710 2243 1861 2307 servandi
1904 2243 2018 2326 templi
2052 2256 2161 2326 partes

254 2328 304 2391 11.
327 2327 429 2413 (certe
450 2325 653 2411 indignatio.)
697 2327 838 2408 Quidam
862 2328 1059 2410 intelligunt,
1083 2329 1137 2392 ho·
1189 2326 1361 2389 mandatae
1390 2340 1498 2402 erant,
1532 2343 1568 2391 ut
1597 2330 1630 2391 in
1662 2330 1800 2394 circuitu
1829 2345 1964 2411 agerent
1995 2331 2161 2395 excubias.

166 2423 246 2496 stes,
280 2414 335 2477 ubi
371 2415 440 2477 Deo
472 2412 717 2492 succubuerint,
757 2415 910 2478 victoriae
944 2414 1073 2478 laudem
1106 2416 1136 2479 ei
1189 2413 1388 2476 Particulam
1408 2390 1533 2497 &mh
1551 2415 1654 2478 maior
1672 2435 1747 2497 pars
1765 2416 1980 2497 interpretum
1997 2414 2037 2479 ad
2050 2415 2162 2480 Deum

165 2501 316 2563 daturos:
336 2500 411 2580 quia
429 2499 523 2562 fateri
541 2511 698 2578 cogentur
714 2523 748 2566 so
766 2503 884 2565 fractos
900 2502 997 2563 fuisse
1013 2501 1136 2582 potenti
1188 2500 1303 2562 refert:
1339 2499 1383 2562 ita
1416 2517 1501 2562 esset
1529 2521 1647 2563 nomen
1677 2514 1757 2564 toar.
1811 2498 2007 2582 Quanquam
2037 2501 2161 2565 timor-is

164 2586 236 2649 eius
258 2607 367 2649 manu.
409 2585 472 2649 Alii
496 2584 697 2648 subtiliorem
720 2606 853 2651 sensum
877 2585 1022 2663 eliciunt,
1047 2587 1134 2650 Dum
1188 2605 1306 2647 nomen
1330 2584 1459 2666 passive
1483 2606 1540 2666 pro
1562 2585 1634 2650 Deo
1656 2586 1727 2669 ipso
1751 2586 1915 2650 interdum
1938 2588 2087 2651 sumitur.
2122 2586 2160 2652 Si

165 2672 282 2753 impios
311 2671 449 2735 suscitat
472 2671 569 2744 Dens,
600 2683 633 2735 et
662 2671 783 2736 rabiem
812 2672 957 2754 ipsorum
986 2671 1135 2754 impellit,
1188 2669 1226 2732 ad
1251 2669 1389 2750 gentiles
1411 2682 1445 2733 et
1462 2670 1616 2751 profanes
1633 2670 1781 2736 hemines
1799 2672 1931 2750 referas,
1954 2692 2070 2735 sensus
2088 2672 2161 2751 erit,

165 2758 271 2838 magis
304 2756 365 2820 hoo
399 2756 494 2819 modo
527 2756 692 2820 illustrare
725 2778 819 2823 suam
852 2759 1004 2840 gloriam,
1038 2758 1135 2821 sicuti
1187 2756 1376 2819 tributaries
1415 2756 1484 2819 fore
1518 2755 1607 2820 Deo:
1648 2759 1724 2838 quia
1759 2768 1847 2821 metu
1889 2759 2052 2838 perterriti
2093 2778 2160 2821 non

165 2843 295 2906 Pharao
318 2843 350 2905 in
374 2842 434 2906 hoc
457 2841 557 2907 fuisse
579 2843 739 2909 excitatus
761 2843 888 2919 dicitur,
912 2840 1014 2909 Exod.
1039 2843 1083 2917 18,
1103 2844 1133 2907 4.
1188 2839 1357 2904 audebunt
1384 2841 1523 2923 amplius
1552 2844 1712 2906 resistere.
1761 2841 1828 2907 Sed
1858 2844 1963 2926 magis
1994 2842 2160 2926 probabile

164 2928 261 2992 Rom.
279 2927 309 3005 9,
335 2928 384 2994 11.
419 2928 490 2991 Etsi
514 2939 622 2992 autem
647 2927 699 2995 hio
721 2951 837 2995 sensus
858 2930 1003 2994 continet
1021 2929 1134 2992 utilem
1188 2939 1246 3000 est,
1271 2947 1388 2990 nomen
1413 2925 1474 2991 hec
1493 2926 1532 2990 ed
1553 2928 1659 2991 Deum
1681 2929 1861 3006 transferri,
1885 2948 1980 3009 quem
1999 2929 2161 3010 propheta

162 3013 353 3091 doctrinam,
376 3013 452 3095 quia
474 3025 582 3077 tamen
606 3035 723 3079 vereor
744 3035 786 3079 ne
808 3014 851 3078 sit
874 3014 971 3077 nimis
989 3029 1135 3096 argutus,
1187 3013 1258 3075 iure
1287 3011 1496 3076 metuendum
1532 3033 1604 3076 esse
1633 3013 1712 3077 dicit
1741 3023 1812 3094 post
1843 3013 1922 3077 illud
1954 3023 2019 3077 tam
2052 3013 2159 3078 nobile

162 3099 354 3182 simpliciter
387 3100 521 3180 accipio:
557 3098 717 3178 Quamvis
751 3101 841 3164 initio
871 3099 1013 3163 hostium
1044 3100 1136 3164 furor
1189 3097 1320 3160 virtutis
1343 3096 1663 3178 speoimcneditum.

163 3188 275 3249 omnia
303 3186 508 3268 perturbans,
537 3184 630 3265 quasi
653 3184 802 3250 tenebras
824 3184 972 3262 obducat,
1002 3183 1133 3248 tandem
1273 3182 1323 3246 13.
1346 3181 1598 3268 (Vinduniabs't.)
1632 3184 1720 3263 Quia
1741 3183 1877 3248 verbum
1900 3197 1979 3264 m
1997 3182 2159 3248 Hebraeis

163 3290 329 3335 cessurum
361 3271 394 3334 in
426 3270 555 3333 laudem
579 3269 658 3333 Dei:
689 3273 763 3351 quia
790 3282 909 3334 eventu
937 3269 1044 3351 palam
1068 3271 1134 3346 fiet,
1187 3288 1421 3349 nonnunquam
1444 3269 1595 3333 roborare
1617 3270 1789 3353 significat,
1813 3268 1944 3350 quidam
1962 3278 2009 3332 rta
2028 3284 2159 3333 verten-

164 3355 320 3438 quidquid
339 3355 526 3434 moliantur,
546 3355 626 3418 nihil
647 3365 754 3420 tamen
777 3354 1133 3438 possecontraDeum.
1186 3352 1262 3416 dum
1297 3365 1413 3434 putant
1447 3353 1509 3419 hoc
1543 3353 1620 3418 loco.
1676 3353 1743 3420 Sed
1777 3374 1876 3436 quum
1911 3353 2085 3436 duplicatio
2117 3355 2160 3418 sit

162 3443 330 3506 Posterior
358 3443 454 3505 etiam
485 3460 561 3524 pars
585 3462 697 3506 versus
721 3442 868 3505 bifariam
891 3454 999 3521 potest
1020 3441 1132 3525 accipi,
1185 3438 1329 3502 eiusdem
1354 3439 1546 3520 sententiae,
1569 3462 1634 3504 non
1658 3440 1768 3504 dubito
1791 3441 1898 3521 priore
1921 3441 2067 3505 membro
2085 3459 2160 3521 pro·

161 3529 239 3609 quia
266 3529 352 3591 enim
385 3527 519 3591 verbum
548 3538 622 3607 *tm
645 3529 776 3610 cingere
798 3527 971 3609 significat,
1001 3526 1132 3607 qnidam
1186 3524 1316 3606 phetam
1350 3526 1533 3607 intelligere
1567 3525 1767 3609 principibus
1800 3527 1921 3591 auferri
1954 3536 2095 3589 mentem
2127 3538 2160 3590 et

163 3612 362 3677 subaudiunt
383 3633 562 3694 pronomen
587 3625 628 3695 te,
656 3612 716 3679 hoe
734 3634 844 3677 sensu:
869 3612 1029 3691 Quamvis
1052 3635 1133 3676 non·
1186 3610 1408 3693 prudentiam:
1439 3611 1556 3675 deinde
1586 3613 1620 3676 in
1649 3633 1768 3694 genere
1798 3612 1937 3695 exprimi
1961 3610 2069 3674 Deum
2094 3610 2159 3675 illis

163 3696 240 3761 dum
260 3699 423 3780 profligati
440 3699 506 3761 sint
524 3718 636 3762 omnes
655 3699 809 3764 ecelesiae
827 3697 945 3775 hostes,
969 3708 1134 3762 tutamen
1186 3717 1256 3760 esse
1287 3696 1475 3775 terribilem,
1505 3698 1580 3779 quia
1609 3720 1649 3760 ex
1675 3718 1733 3761 sna
1756 3696 1927 3761 altitudine
1950 3717 2005 3759 eos
2027 3695 2159 3760 deiiciat

164 3781 257 3848 Dens
286 3784 325 3847 ad
356 3782 535 3865 perdendos
558 3783 742 3867 quicunque
765 3782 887 3848 residui
910 3797 998 3861 sunt,
1026 3796 1057 3845 te
1081 3805 1133 3848 ae·
1186 3783 1389 3864 praecipites.
1441 3780 1603 3861 Quoniam
1634 3796 1742 3847 autem
1773 3783 1970 3865 principium
1999 3783 2046 3846 rei
2076 3780 2158 3845 bene

163 3870 283 3951 cinges.
328 3870 453 3933 Verum
483 3870 661 3950 simplicior
690 3883 738 3935 est
760 3869 863 3933 altera
891 3871 1132 3952 interpretatio:
1185 3869 1348 3950 gerendae
1370 3888 1486 3930 sanum
1510 3883 1559 3932 est
1581 3869 1768 3942 consilium,
1803 3889 1864 3950 quo
1887 3888 1984 3949 saepe
2007 3866 2158 3950 indigent

164 3953 324 4034 Quamvis
355 3976 419 4018 non
443 3953 594 4018 desinant
616 3955 725 4020 hostes
747 3955 976 4021 truculentiam
1000 3956 1134 4034 spirare,
1185 3953 1305 4028 fideles,
1337 3953 1412 4034 quia
1443 3953 1529 4016 inter
1550 3974 1625 4018 snas
1648 3955 1817 4036 angustias
1839 3953 1986 4036 perplexi
2010 3953 2156 4031 haerent,

165 4055 200 4104 tu
230 4052 338 4104 mmen
369 4041 526 4122 impedies
549 4061 586 4103 ac
608 4042 819 4124 constringes,
850 4062 890 4104 ne
913 4053 1135 4122 exsequantur
1187 4039 1263 4101 dum
1294 4039 1385 4121 impii
1415 4038 1449 4102 in
1473 4039 1542 4102 suis
1565 4040 1696 4104 astutiis
1719 4039 1816 4103 nimis
1839 4052 1916 4104 sunt
1939 4039 2156 4122 perspieaces:

163 4146 239 4189 auos
261 4137 404 4190 conatus.
446 4125 520 4188 Nou
544 4126 628 4189 male
650 4128 748 4191 etiam
772 4126 854 4190 forte
872 4127 1058 4207 quadraret:
1083 4127 1133 4190 'Pu
1186 4123 1238 4188 hic
1267 4123 1427 4205 propheta
1457 4125 1489 4187 in
1523 4145 1621 4188 manu
1645 4125 1707 4190 Dei
1734 4146 1804 4188 esse
1827 4125 2018 4206 pronuntiat
2040 4125 2158 4206 spiritu

162 4210 298 4294 colliges
315 4213 350 4274 in
369 4210 570 4288 fasciculum,
589 4213 684 4275 sicuti
703 4212 818 4295 gallice
837 4211 973 4276 dicimus
985 4216 1131 4277 trousser.
1158 4210 1162 4291 l
1185 4210 1316 4291 privare
1344 4224 1378 4274 et
1407 4229 1580 4274 excaecare
1610 4213 1664 4292 qui
1687 4211 1840 4275 videntur
1865 4232 1942 4292 prae
1964 4210 2037 4274 aliis
2060 4209 2157 4273 acuti.

164 4297 339 4362 Diseamus
372 4317 464 4378 ergo,
500 4296 576 4360 dum
610 4296 802 4361 obnubilant
835 4298 926 4380 impii
960 4299 1132 4377 imperium
1158 4296 1161 4407 1
1187 4298 1230 4359 Et
1263 4295 1338 4376 quia
1368 4296 1472 4359 maior
1500 4295 1569 4360 fere
1604 4297 1787 4380 principum
1818 4318 1973 4361 numerus
2005 4295 2157 4360 ecclesiae

163 4380 241 4461 Dei,
274 4383 437 4464 patienter
469 4393 672 4463 exspectare,
706 4382 783 4446 dum
817 4383 951 4447 laetiore
980 4404 1133 4448 suecessu
1158 4412 1161 4455 :
1186 4381 1249 4444 Dei
1277 4382 1422 4446 infensus
1451 4381 1670 4459 est,·diserte
1699 4382 1855 4464 exprimit
1884 4382 2045 4463 propheta
2077 4380 2158 4444 satis

163 4489 198 4532 se
220 4469 325 4550 ipsum
350 4469 508 4551 glorificet
530 4466 631 4545 Dens,
662 4480 790 4533 etcum
814 4468 953 4534 ludibrio
976 4490 1132 4533 vesanam
1158 4468 1161 4519 1
1186 4488 1256 4533 esse
1295 4468 1328 4529 in
1361 4465 1432 4530 Deo
1466 4467 1601 4531 terroris
1635 4466 1675 4530 ad
1709 4467 1905 4550 subigendos
1940 4467 2038 4530 totius
2071 4466 2159 4531 orbis

162 4575 276 4617 eorum
307 4554 475 4619 audaciam
498 4563 654 4617 conterat.
700 4552 796 4633 Quod
819 4555 847 4618 si
870 4554 1007 4619 subinde
1030 4575 1134 4617 emer·
1158 4524 1162 4649 1
1186 4574 1287 4635 reges.
1334 4551 1429 4631 Quod
1461 4564 1568 4616 tamen
1596 4553 1660 4617 illis
1682 4554 1765 4636 eripi
1787 4574 1824 4618 ac
1851 4552 2043 4618 vindemiari
2066 4552 2157 4633 spiri·

164 4652 244 4723 gant
267 4640 344 4703 novi
362 4651 477 4714 motus,
501 4639 613 4702 veniat
630 4639 722 4704 nobis
741 4640 775 4702 in
792 4654 944 4718 mentem,
967 4640 1133 4723 proprium
1159 4654 1161 4731 1
1187 4649 1256 4703 tum
1280 4638 1367 4717 dicit,
1391 4640 1544 4720 restringi
1568 4636 1663 4703 debet
1685 4639 1724 4703 ad
1749 4654 1905 4722 tyrannos
1927 4649 1960 4700 et
1978 4636 2158 4718 praedones

163 4745 233 4789 esse
245 4725 310 4789 Dei
324 4746 443 4789 munus
458 4724 612 4807 reliquias
627 4724 890 4806 indignationum
903 4726 1135 4808 constringere,
1159 4743 1162 4781 1
1186 4745 1266 4805 quos
1289 4725 1431 4787 infatuat
1451 4723 1559 4788 Deus:
1584 4726 1659 4807 quia
1677 4724 1765 4789 videt
1784 4723 1951 4807 ingenium
1971 4738 2004 4787 et
2022 4721 2160 4787 consilia

164 4832 206 4874 ne
245 4831 279 4874 se
320 4809 449 4893 longius
490 4808 685 4874 diffundant.
739 4809 872 4877 Interea
906 4833 945 4875 ne
980 4812 1136 4874 miremur
1159 4787 1162 4869 l
1185 4810 1292 4873 omnia
1314 4808 1355 4871 ad
1378 4810 1561 4873 nocendum
1584 4812 1755 4892 applicare.

163 4896 302 4961 subinde
335 4896 498 4978 pullulare
534 4916 635 4960 nevos
669 4896 809 4971 furores,
846 4899 924 4979 quia
958 4917 1061 4978 usqne
1094 4895 1135 4959 ad

165 4982 262 5045 finem
283 4981 397 5046 mundi
419 5003 547 5063 semper
565 4981 696 5045 habebit
722 4980 824 5047 Satan
849 5003 930 5064 quos
952 4981 993 5046 ad
1017 5003 1137 5046 vexan-

166 5067 225 5131 dos
250 5069 311 5132 llei
334 5068 418 5133 filios
441 5067 586 5149 instiget.

251 5154 301 5218 12.
324 5151 476 5238 (Voveo.)
509 5152 579 5216 Iam
604 5152 642 5216 ad
671 5152 903 5236 gratitudinem
928 5153 1039 5218 fideles
1063 5153 1138 5216 hor·

165 5252 263 5304 tatur.
309 5239 397 5319 Quia
425 5255 533 5303 autem
564 5240 625 5302 sub
654 5238 726 5323 lege
749 5259 807 5321 pro
830 5240 1050 5322 singularibus
1072 5237 1133 5302 Dei
1160 5268 1164 5298 ι
