4658 5856
160 331 223 396 625
949 330 1164 400 PSALMUS
1187 331 1351 398 LXVIII.
2067 276 2141 397 ⁴626

161 519 256 587 Unde
278 520 425 601 sequitur
446 541 509 584 non
533 539 663 604 semper
688 519 829 586 iucunda
858 521 1032 585 serenitate
1061 520 1125 584 frui
1177 541 1217 585 ex
1240 520 1393 603 opposito,
1416 539 1504 585 mats
1525 519 1639 585 Basca
1660 541 1732 585 enm
1751 540 1809 585 sua
1826 520 1973 586 celsitate
1990 521 2139 585 iubeatur

161 605 346 681 ecclesiam,
368 603 425 671 sed
447 626 488 670 ax
507 606 648 671 tenebris
670 616 795 671 ornam
813 605 1017 689 splendorem
1035 626 1126 671 raou-
1178 604 1289 670 cedere
1311 627 1401 673 sacro
1423 606 1545 670 monti:
1568 627 1605 671 ac
1623 606 1649 671 si
1668 605 1810 672 dixesset
1828 606 1954 670 David:
1978 606 2073 672 Unus
2090 614 2139 672 est

162 712 286 778 parare,
309 711 347 755 ao
368 691 396 757 si
417 692 457 756 ab
479 692 566 754 omni
590 691 675 755 malo
696 693 818 756 intacta
840 691 932 756 feret.
1177 712 1270 756 mons
1299 692 1377 767 Dei,
1415 712 1532 774 nempe
1557 712 1651 775 quem
1682 692 1742 756 sibi
1770 692 1899 756 oraculo
1926 692 2137 757 consecravit.

249 775 299 841 15.
321 775 441 860 (Quam
462 775 655 861 dissiparet.)
699 775 785 857 Quia
803 778 938 842 verbum
960 790 1050 859 tm
1072 798 1127 842 sx-
1178 775 1338 857 Quamvis
1360 791 1467 843 autem
1491 796 1585 841 mons
1607 776 1717 841 Basan
1740 777 1887 843 excelsus
1909 779 1952 840 sit
1973 787 2006 840 et
2024 776 2140 842 nobilis

164 860 298 927 tendere
320 861 371 927 vel
395 861 540 926 dividere
562 862 743 946 signifieat,
777 873 885 945 posset
913 863 1011 928 etiam
1044 862 1128 927 verti
1178 882 1237 926 sua
1259 862 1470 946 pinguedine,
1499 863 1609 927 veniat
1630 874 1740 927 tamen
1763 883 1835 928 eum
1858 861 1993 944 reliquis
2021 862 2140 926 monti-

164 949 216 1013 hie
236 948 344 1024 locus,
374 945 485 1027 Quum
514 947 547 1011 in
579 946 743 1035 triumpho
772 947 965 1014 traduceret.
1009 947 1128 1014 Melius
1179 946 1255 1024 hus,
1291 969 1355 1013 uon
1385 949 1447 1014 erit
1475 969 1533 1013 our
1562 949 1750 1030 superbiant
1779 948 1829 1012 vel
1859 948 2032 1013 insultent:
2066 949 2140 1030 quia

164 1047 273 1098 tamen
306 1033 459 1097 convenit
490 1031 677 1116 Dispersio:
717 1041 750 1098 et
782 1032 879 1117 fugae
911 1036 1002 1099 euius
1031 1033 1128 1117 paulo
1179 1053 1318 1115 aequare
1340 1055 1405 1098 non
1428 1041 1583 1116 poterunt
1604 1031 1752 1111 Sionem,
1782 1032 1877 1115 que'm
1898 1032 2060 1097 Dominus
2082 1052 2141 1098 suo

163 1128 238 1184 anta
261 1118 420 1196 meminit,
443 1117 627 1200 respondet
672 1118 753 1184 Plus
781 1128 832 1187 ast
860 1119 1064 1185 obscuritatis
1092 1119 1128 1183 in
1179 1119 1381 1200 beneplacito
1402 1119 1476 1183 aliis
1497 1120 1646 1185 omnibus
1668 1119 1831 1201 praetulit.
1877 1117 1914 1183 Si
1937 1128 2046 1182 tamen
2077 1137 2140 1182 uno

164 1203 306 1270 secundo
328 1203 485 1280 membro,
507 1204 584 1286 quia
606 1203 743 1270 verbum
762 1184 887 1289 ΜΠ,
924 1204 1056 1287 quidam
1087 1203 1128 1269 ad
1180 1215 1334 1269 contextu
1363 1215 1465 1269 totum
1496 1224 1626 1269 versum
1655 1205 1776 1269 referas
1806 1203 1850 1277 ad,
1875 1214 2019 1268 montem
2050 1203 2141 1279 Sion,

164 1290 228 1356 Dei
250 1289 533 1373 congregationem
558 1290 721 1355 referunt:
754 1292 845 1373 quasi
867 1289 990 1356 diceret
1010 1289 1129 1367 David,
1181 1289 1350 1355 venabitur
1372 1310 1466 1355 mons
1488 1290 1635 1355 excelsus
1652 1300 1684 1354 et
1702 1291 1847 1372 opimus:
1869 1289 1946 1373 quia
1964 1289 2026 1354 Dei
2045 1290 2141 1353 bene·

165 1374 315 1441 albedine
343 1374 444 1439 fuisse
473 1375 663 1459 speciosam.
714 1373 885 1442 Secundae
917 1385 1026 1440 tamen
1055 1396 1128 1459 per·
1180 1374 1288 1453 dictio,
1309 1395 1373 1458 qua
1395 1374 1507 1440 Iudaei
1528 1375 1728 1441 excellebant
1751 1396 1827 1458 prae
1850 1375 1973 1440 cunetis
1997 1374 2141 1439 mortali-

165 1481 262 1526 sonae
285 1460 383 1524 etiam
406 1480 477 1525 esse
500 1470 622 1543 potest,
653 1460 713 1527 hoc
734 1479 849 1526 sensu:
880 1461 970 1526 Deus
998 1472 1034 1524 tu
1057 1482 1128 1525 eam
1180 1460 1248 1540 bus,
1271 1460 1360 1527 illine
1382 1459 1545 1524 manabat.

166 1546 297 1611 dealbas
338 1567 404 1609 non
443 1566 537 1612 secus
568 1566 605 1612 ac
639 1555 782 1612 montem
818 1546 951 1612 Salmon
986 1546 1129 1611 nivibus.
1267 1547 1316 1610 17.
1339 1545 1458 1632 (Qttare
1484 1545 1630 1632 saltatis.)
1681 1545 1720 1609 In
1752 1546 1812 1612 hoc
1848 1566 1942 1610 versu
1981 1544 2061 1609 nihil
2093 1554 2144 1609 cst

166 1632 252 1713 Quia
274 1640 384 1696 tamen
407 1630 447 1696 ad
469 1631 517 1695 rei
539 1652 699 1697 summam
723 1631 806 1696 nihil
824 1631 892 1697 fere
909 1632 1057 1712 interest,
1079 1652 1128 1697 se·
1180 1633 1351 1697 obscurum
1383 1632 1433 1695 vel
1462 1629 1660 1715 ambiguum.
1705 1631 1883 1714 Postquam
1913 1630 2001 1694 enim
2031 1630 2144 1694 retulit

167 1726 308 1801 quantur
329 1716 466 1782 lectores
488 1726 599 1781 utrum
622 1718 746 1782 malint
790 1716 864 1782 Hoc
892 1717 1019 1799 quidem
1049 1717 1129 1781 mihi
1181 1717 1288 1782 David
1312 1728 1454 1781 montem
1478 1718 1610 1782 unicum
1633 1716 1704 1780 Deo
1728 1717 1885 1798 placuisse
1906 1717 1940 1779 in
1971 1724 2036 1781 toto
2057 1716 2143 1792 orbe,

167 1804 301 1869 dubium
334 1822 400 1867 uon
433 1809 499 1881 est,
532 1801 694 1867 Davidem
750 1803 877 1885 rosaqui
910 1800 994 1886 quod
1026 1823 1132 1886 nuper
1181 1803 1269 1884 cogit
1288 1804 1322 1867 in
1345 1800 1491 1867 ordinem
1514 1802 1689 1868 altissimos
1711 1823 1853 1885 quosque
1882 1813 2018 1865 montes.
2062 1799 2144 1866 (lae-

167 1889 294 1954 dixerat
316 1886 515 1954 decendero
538 1888 675 1972 argenti.
720 1824 882 1968 Quamvis
904 1909 982 1972 ergo
1003 1889 1037 1952 in
1060 1896 1130 1952 tur·
1182 1895 1288 1952 terum
1318 1889 1394 1971 quia
1421 1889 1455 1953 in
1485 1887 1603 1971 plurali
1635 1909 1770 1952 numero
1800 1909 1886 1952 nunc
1915 1888 2032 1970 repetit
2061 1885 2144 1969 quod

166 1974 297 2040 bulento
316 1973 460 2039 hostium
479 1972 604 2038 insultu
628 1974 766 2058 ealigine
785 1975 911 2039 obtecta
929 1983 1016 2040 esset
1033 1983 1129 2049 terra,
1182 1995 1286 2057 nuper
1305 1973 1433 2038 dixerat
1454 1973 1492 2038 de
1509 1982 1620 2039 monte
1637 1973 1764 2038 Basan:
1781 1973 1844 2038 hac
1861 1973 1987 2037 rationo
2005 1970 2146 2037 adducor

166 2061 243 2125 dicit
265 2059 373 2124 David
396 2078 604 2141 recuperasse
625 2080 718 2125 auam
748 2059 949 2136 albedinem,
980 2067 1017 2123 ut
1045 2070 1131 2124 esset
1181 2067 1218 2124 ut
1239 2060 1344 2141 primo
1365 2067 1508 2123 montem
1531 2060 1657 2139 Busan,
1688 2058 1803 2123 deinde
1825 2056 1981 2141 quidquid
2003 2068 2052 2122 est
2074 2058 2145 2122 alti-

166 2145 256 2228 quasi
278 2145 365 2210 nivei
387 2144 505 2210 eoloris
528 2144 610 2209 sieut
631 2166 725 2211 mons
743 2143 889 2223 Salmon,
912 2166 1006 2228 quem
1030 2144 1128 2210 fuisse
1182 2144 1305 2209 tudinis
1327 2145 1361 2209 in
1384 2144 1516 2221 mundo,
1540 2143 1632 2210 Sioni
1656 2144 1839 2209 existimem
1869 2144 1997 2227 opponi.
2042 2144 2146 2208 Porro

166 2232 316 2295 nivosum
339 2231 418 2295 satis
436 2237 571 2295 constat.
617 2230 678 2295 Alii
701 2238 818 2313 putant
839 2250 909 2294 esse
932 2251 1050 2294 nomen
1073 2251 1130 2313 ap·
1182 2251 1281 2312 quum
1318 2231 1538 2312 metaphorice
1570 2230 1609 2295 de
1645 2229 1809 2295 montibus
1842 2230 1995 2313 loquatur
2027 2227 2146 2308 David,

166 2316 375 2399 pellativum,
417 2326 449 2380 et
482 2327 666 2396 exponunt,
706 2315 829 2382 Umbra
862 2316 1007 2381 obscura.
1064 2312 1128 2381 Sed
1182 2316 1320 2399 simplex
1342 2336 1457 2381 sensus
1479 2336 1521 2379 ex
1543 2315 1604 2380 hac
1632 2317 1737 2398 figura
1765 2314 1859 2381 debet
1888 2315 1978 2397 elici,
2008 2336 2146 2397 regnum

166 2409 312 2485 praestat
334 2423 353 2465 a
375 2411 505 2483 recepta
528 2401 663 2465 lectione
686 2422 751 2465 non
782 2399 955 2467 discedere.
999 2401 1131 2465 Interea
1183 2400 1324 2485 Christi,
1353 2400 1438 2483 quod
1460 2400 1553 2467 Deus
1574 2402 1608 2466 in
1630 2421 1768 2483 persona
1796 2401 1900 2481 ipsios
1927 2399 2066 2464 Davidis
2089 2421 2146 2464 au·

166 2487 246 2551 mihi
269 2485 446 2568 probabilis
468 2493 517 2551 est
538 2485 653 2551 allusio
672 2485 712 2550 ad
730 2487 957 2570 etymologiam
977 2487 1128 2563 nominis,
1183 2488 1326 2570 spicatas
1348 2495 1435 2568 erat,
1468 2486 1564 2570 longe
1592 2485 1751 2552 excellere
1777 2507 1876 2568 supra
1897 2506 2010 2551 omnes
2031 2484 2147 2548 mundi

166 2593 242 2636 nam
273 2572 348 2655 quia
377 2550 452 2657 ὼγ
482 2571 629 2635 umbram
660 2572 839 2655 significat,
871 2593 964 2638 mons
994 2571 1129 2638 Salmon
1183 2572 1311 2658 glorias.
1344 2570 1476 2636 luteroa
1497 2591 1561 2636 non
1584 2571 1642 2637 abs
1664 2594 1699 2637 re
1722 2569 1763 2635 ad
1784 2570 2022 2636 retundendam
2035 2568 2147 2634 mundi

166 2657 270 2723 dictus
291 2658 354 2722 fuit
375 2657 468 2739 quasi
489 2656 653 2722 obscurus.
698 2659 742 2722 Et
763 2657 932 2741 aptissima
955 2658 1019 2722 erit
1040 2658 1129 2722 simi·
1183 2657 1409 2724 confidentiam
1438 2657 1578 2739 insurgit
1600 2657 1727 2722 David:
1758 2657 1836 2739 quia
1865 2657 1984 2722 scimus
2014 2664 2051 2721 ut
2072 2677 2147 2721 con·

164 2744 278 2826 litudo,
301 2743 396 2807 sicuti
418 2747 562 2806 montem
584 2742 757 2808 obscurum
780 2742 931 2808 dealbant
954 2746 1062 2825 nives,
1084 2744 1130 2807 ita
1183 2743 1362 2825 temptibile
1390 2743 1432 2806 sit
1455 2742 1578 2808 Christi
1608 2763 1746 2826 regnum
1763 2742 1915 2808 terrenis
1945 2752 1976 2807 et
2007 2742 2148 2824 profanis

166 2831 361 2895 obscuritate
383 2827 528 2893 abstersa
551 2828 790 2910 resplenduisse
818 2826 988 2894 candidam
1018 2829 1129 2895 faciem
1183 2828 1388 2910 hominibus,
1418 2828 1472 2911 qui
1496 2827 1618 2894 deliciis
1640 2827 1709 2893 suis
1730 2828 1783 2892 vel
1806 2827 1919 2911 opibus
1942 2827 2077 2904 addicti,
2108 2825 2148 2890 ad

166 2924 282 2979 terrae.
1183 2914 1368 2997 spirituales
1391 2911 1454 2976 Dei
1476 2915 1597 2996 gratias
1619 2913 1812 2979 caecutiunt.
1856 2916 1966 2994 Atque
1989 2933 2025 2976 eo
2051 2912 2150 2978 iatius

1183 3007 1275 3081 patet
1303 2999 1372 3064 eius
1406 2998 1571 3063 doctrinae
1603 2999 1743 3077 utilitas,
1775 3017 1838 3080 quo
1872 2998 1975 3081 magis
2008 2997 2149 3062 exsultat

254 3086 303 3149 16.
327 3083 422 3150 Meas
442 3083 521 3161 Dei,
551 3083 892 3164 esnaeistarum
921 3085 1131 3234 oelsdctamffg
1183 3104 1258 3150 caro
1289 3084 1381 3147 inani
1411 3084 1579 3165 superbia,
1612 3084 1748 3148 simulac
1780 3082 1889 3147 tenuis
1918 3084 2041 3148 occasio
2071 3082 2148 3148 data

165 3190 254 3235 meas
271 3168 395 3235 Basca.
433 3173 483 3235 17.
506 3169 622 3251 Ulqttid
643 3169 779 3235 excidis
799 3175 913 3234 montes
933 3169 1103 3234 celsitatem
1184 3180 1242 3235 est.
1287 3169 1370 3233 Nam
1400 3168 1427 3233 si
1456 3188 1476 3232 a
1505 3167 1656 3250 superbia
1685 3178 1864 3251 temperare
1894 3167 1955 3233 sibi
1985 3177 2149 3250 nequeunt

166 3276 255 3320 mons
275 3257 309 3319 ia
338 3274 397 3337 quo
419 3256 542 3338 placuit
571 3252 638 3319 Deo
665 3255 820 3319 babitare:
851 3257 955 3336 utique
982 3255 1132 3320 ltobitobit
1183 3254 1300 3336 quibus
1322 3253 1414 3319 nulla
1432 3260 1482 3318 est
1499 3255 1590 3332 ratic,
1613 3254 1771 3337 quomodo
1787 3262 1937 3336 potentes
1954 3264 1987 3319 et
2003 3253 2148 3335 opulenti

166 3340 303 3406 Ieltevolt
320 3341 356 3404 t'a
376 3346 566 3422 perpetuum.
601 3341 649 3406 18.
675 3340 797 3406 Carras
818 3340 881 3405 Dei
901 3341 1012 3423 viginti
1029 3340 1132 3405 millia
1185 3361 1250 3405 non
1272 3339 1334 3405 sibi
1355 3337 1554 3422 arrogabunt
1575 3339 1696 3422 aliquid
1719 3339 1938 3404 eminentiae?
1976 3338 2147 3405 Caeterum

166 3426 304 3491 millium
337 3429 535 3512 angelorum:
577 3423 735 3492 Dominus
769 3426 805 3489 ia
840 3425 923 3505 illis,
968 3425 1062 3490 Sinai
1098 3427 1133 3490 ia
1184 3425 1393 3509 quantumvis
1414 3425 1475 3490 sibi
1498 3424 1711 3508 applaudant,
1733 3425 1846 3491 fideles
1868 3433 1977 3490 tamen
2000 3424 2060 3490 hac
2084 3446 2149 3489 una

166 3512 353 3578 ranacario.
1183 3511 1411 3593 praerogativa
1432 3518 1601 3576 contentos
1623 3532 1694 3576 esse
1713 3510 1815 3588 decet,
1837 3511 1921 3594 quod
1939 3511 2012 3576 Deo
2030 3510 2150 3593 placuit

1185 3596 1330 3661 habitare
1359 3597 1393 3661 in
1427 3594 1533 3661 medio
1566 3597 1720 3679 ipsorum.
1765 3596 1931 3676 Quamdiu
1953 3595 2040 3661 enim
2074 3616 2149 3660 con·

256 3683 304 3746 16.
334 3679 442 3766 (Morta
473 3680 560 3768 Dei.)
613 3681 679 3747 Hic
711 3702 841 3748 causam
874 3691 908 3747 et
940 3683 1132 3765 principium
1183 3683 1286 3747 iuncti
1321 3690 1401 3746 sunt
1422 3682 1509 3758 Deo,
1543 3682 1578 3746 in
1601 3704 1664 3765 quc
1687 3682 1753 3748 solo
1775 3682 1896 3747 residet
1919 3681 2014 3763 plena
2037 3701 2147 3745 eorum

167 3776 277 3831 tantae
298 3766 363 3831 Dei
385 3767 617 3832 beneficentiae
639 3775 745 3846 notat,
776 3767 860 3850 quod
883 3778 1027 3832 montem
1052 3766 1131 3833 Sion
1186 3768 1331 3846 felicitas,
1352 3788 1417 3832 non
1440 3779 1490 3832 est
1511 3789 1569 3832 cur
1591 3787 1645 3833 eos
1667 3789 1745 3832 suae
1763 3766 1956 3832 conditionis
1974 3766 2148 3847 poeniteat.

167 3852 230 3917 sibi
251 3852 285 3917 in
309 3853 433 3935 regiam
456 3867 490 3917 et
504 3852 661 3935 templum
676 3853 819 3937 elegerit,
843 3853 929 3918 uude
944 3852 1014 3917 eius
1028 3853 1134 3937 gratia
1271 3853 1320 3917 18.
1343 3851 1480 3937 (Oarrtcs
1501 3851 1587 3936 Dei.)
1631 3852 1718 3933 Quia
1740 3851 1884 3935 maligne
1906 3852 2147 3934 utplurimum,

166 3938 201 4001 in
224 3946 330 4002 totum
353 3937 509 4021 populum
530 3941 655 4005 flueret.
699 3937 785 4019 Quia
814 3959 889 4004 vero
911 3936 1030 4003 Davidi
1055 3939 1133 4003 haec
1185 3960 1245 4005 nec
1277 3939 1361 4003 iusto
1394 3937 1499 4021 pretio
1533 3938 1725 4004 aestimatur
1746 3937 1810 4003 Dei
1844 3938 2041 4020 praesentia,
2075 3958 2146 4002 eam

168 4024 338 4105 promissio
360 4025 435 4087 data
457 4023 573 4103 fuerat,
595 4024 711 4089 memte
731 4023 807 4089 inde
829 4046 863 4090 se
885 4024 1003 4107 probat
1024 4043 1132 4106 regem
1184 4024 1357 4108 magnifico
1379 4023 1483 4107 elogio
1509 4023 1714 4089 commendat
1744 4023 1797 4089 hic
1819 4022 1937 4088 David.
1981 4023 2082 4101 Nam,
2112 4034 2148 4088 ut

168 4109 352 4192 legitimum
374 4120 406 4172 et
429 4108 588 4174 divinitus
609 4107 812 4174 ordinatum:
846 4111 922 4192 quia
944 4108 1005 4173 hac
1028 4109 1133 4191 digni·
1184 4109 1328 4192 proclive
1349 4106 1443 4172 nobis
1465 4109 1505 4173 ad
1529 4109 1761 4175 dubitationem
1784 4109 1953 4191 ingenium
1976 4119 2033 4187 ost,
2057 4109 2149 4191 quid·

167 4203 235 4257 tate
252 4202 286 4258 at
303 4195 502 4276 praestantia
518 4215 611 4259 mons
627 4193 706 4259 Sion
721 4204 792 4260 erat
805 4204 950 4259 ornatus.
983 4194 1134 4258 Fuerunt
1184 4193 1260 4276 quid
1290 4194 1429 4259 occurrit
1458 4193 1681 4259 discriminum
1714 4196 1747 4258 in
1782 4193 1920 4271 mundo,
1954 4193 1988 4258 in
2022 4196 2148 4259 trutina

168 4280 256 4344 enim
279 4300 331 4343 res
360 4280 569 4356 coniunctae,
602 4279 764 4344 Davidem
794 4280 827 4344 in
859 4280 949 4365 regio
981 4279 1060 4344 solio
1093 4277 1133 4342 ad
1184 4301 1300 4346 sensus
1336 4280 1437 4345 nostri
1471 4280 1627 4345 virtutem
1661 4280 1724 4346 Dei
1757 4279 2003 4363 praeponderat.
2056 4278 2148 4345 Hinc

166 4363 415 4448 gubernandum
439 4365 593 4448 populum
616 4364 743 4441 sedere,
765 4376 799 4430 et
819 4364 891 4431 Deo
913 4383 1041 4429 sacrum
1065 4385 1134 4429 esse
1185 4365 1357 4447 trepidatio
1379 4366 1412 4428 in
1434 4366 1578 4430 minimis
1598 4366 1778 4449 quibusque
1800 4365 2048 4431 tentationibus:
2071 4365 2147 4446 quia

168 4449 369 4515 domicilium
398 4451 432 4514 iu
467 4460 576 4515 monte
607 4449 674 4516 illc.
719 4450 851 4534 Duplex
884 4460 994 4515 tamen
1027 4458 1135 4533 potest
1184 4449 1292 4516 Deum
1315 4451 1465 4514 exuimus
1487 4451 1646 4516 immensa
1675 4472 1733 4515 sua
1761 4453 1921 4535 potentia,
1950 4450 2003 4516 vel
2032 4450 2147 4514 saltam

168 4554 240 4599 osse
258 4534 433 4600 verborum
450 4555 579 4602 sensus:
602 4536 654 4600 vel
672 4534 757 4617 quod
775 4542 918 4602 montem
935 4535 1009 4615 Dei,
1031 4536 1133 4600 monti
1184 4556 1254 4601 eam
1279 4535 1375 4599 nimis
1397 4544 1622 4601 extenuamus.
1654 4537 1744 4620 Ilrgo
1763 4538 1852 4603 hunc
1866 4537 2012 4601 morbum
2031 4555 2147 4601 sanare

168 4621 277 4685 Busan
301 4629 466 4703 comparet
487 4629 643 4704 tanquam
665 4620 823 4686 similem:
853 4621 904 4687 vel
927 4619 1011 4702 quod
1033 4640 1132 4705 oppo·
1185 4622 1297 4686 volens
1317 4620 1434 4697 David,
1457 4621 1607 4703 proponit
1629 4622 1663 4686 in
1681 4621 1824 4687 medium
1843 4622 2030 4685 innumeras
2048 4641 2147 4703 ange·

167 4716 234 4770 nat.
280 4705 376 4770 Prior
405 4716 553 4790 receptus
582 4713 616 4770 et
645 4707 791 4771 omnium
820 4706 889 4771 fere
917 4706 1131 4790 interpretum
1183 4707 1289 4771 lorum
1320 4706 1427 4788 copias
1458 4728 1540 4789 quae
1568 4706 1662 4774 facile
1691 4707 1866 4773 discutiant
1894 4707 2003 4770 omnia
2035 4705 2149 4770 mundi

167 4811 344 4869 consensu,
381 4791 559 4874 quamlibet
590 4792 720 4875 pinguis
752 4791 797 4857 sit
829 4791 979 4857 fertilitas
1013 4792 1133 4857 montis
1183 4790 1424 4874 impedimenta.
1469 4791 1664 4876 Quanquam
1686 4803 1794 4858 autem
1818 4792 1898 4856 duas
1921 4800 2049 4854 tantum
2078 4812 2149 4873 my-

166 4876 293 4956 Basan,
316 4875 448 4942 Sionem
472 4886 580 4942 tamen
603 4876 807 4960 praecellere.
851 4877 924 4943 Etsi
953 4888 1062 4943 autem
1091 4877 1131 4941 sd
1184 4876 1289 4941 riades
1312 4877 1475 4955 nominat,
1499 4878 1691 4943 tantundem
1716 4879 1802 4942 valet
1824 4875 1968 4960 loquutio
1990 4895 2027 4940 ac
2049 4876 2077 4939 si
2099 4876 2148 4939 di·

167 4981 328 5027 summam
352 4963 399 5026 rei
421 4982 535 5045 parum
559 4964 674 5045 refert,
705 4982 770 5027 non
792 4961 903 5028 minus
926 4971 1033 5027 tamen
1058 4973 1133 5046 apta
1183 4972 1278 5042 earet,
1299 4972 1427 5045 praesto
1450 4984 1518 5028 esse
1540 4964 1575 5028 in
1593 4964 1780 5046 obsequium
1803 4962 1866 5026 Dei
1888 4963 2036 5045 ingentes
2054 4982 2148 5025 exer·

167 5046 417 5128 eritdistinotio,
435 5048 796 5134 sisecrsumlegamus,
815 5047 999 5114 MoosDei:
1016 5047 1133 5115 deinde
1184 5051 1267 5113 citus
1290 5047 1330 5112 ad
1358 5048 1495 5114 salutem
1525 5062 1671 5114 nostram
1701 5048 1871 5126 tuendam,
1905 5046 1990 5129 quod
2019 5047 2148 5113 abunde

1185 5135 1225 5199 ad
1248 5133 1421 5218 erigendos
1443 5134 1568 5200 animos
1589 5136 1736 5199 sufficere
1759 5132 1869 5209 debet,
1903 5133 2052 5232 quamvis
2075 5155 2148 5198 eon·

254 5235 284 5305 *)
301 5237 328 5290 la
344 5242 487 5305 managur
505 5235 553 5289 das
571 5235 707 5302 hsuaura,
724 5251 758 5290 aa
774 5249 880 5303 aare:
898 5251 933 5290 on
951 5237 1098 5292 emunata.
1185 5229 1253 5285 tum
1277 5229 1397 5284 mortes
1419 5220 1512 5286 nobis
1534 5220 1709 5284 minentur.
1755 5219 1850 5299 Quod
1874 5218 2023 5304 adiungit
2044 5218 2155 5285 Deamv

274 5321 386 5378 meat
399 5335 493 5391 opera
531 5319 590 5376 vot.
607 5320 724 5376 xxxi.
1913 5320 1948 5375 40
2032 5377 2037 5389 ,
