<?xml version="1.0" encoding="UTF-8"?>
<!DOCTYPE html PUBLIC "-//W3C//DTD XHTML 1.0 Transitional//EN"
    "http://www.w3.org/TR/xhtml1/DTD/xhtml1-transitional.dtd">
<html xmlns="http://www.w3.org/1999/xhtml" xml:lang="en" lang="en">
 <head>
  <title>
</title>
<meta http-equiv="Content-Type" content="text/html;charset=utf-8" />
  <meta name='ocr-system' content='tesseract 3.04.00' />
  <meta name='ocr-capabilities' content='ocr_page ocr_carea ocr_par ocr_line ocrx_word'/>
</head>
<body>
  <div class='ocr_page' id='page_1' title='image "./corpusreformato05melagoog_0267.png"; bbox 0 0 4658 5856; ppageno 0'>
   <div class='ocr_carea' id='block_1_1' title="bbox 242 314 2236 426">
    <p class='ocr_par' dir='ltr' id='par_1_1' title="bbox 242 314 2236 426">
     <span class='ocr_line' id='line_1_1' title="bbox 242 314 2236 426; baseline -0.002 -26"><span class='ocrx_word' id='word_1_1' title='bbox 242 333 307 400; x_wconf 91' lang='lat'>555</span> <span class='ocrx_word' id='word_1_2' title='bbox 863 422 865 426; x_wconf 16' lang='grc' dir='ltr'>Ι</span> <span class='ocrx_word' id='word_1_3' title='bbox 1064 314 1446 408; x_wconf 76' lang='grc'>5555555555</span> <span class='ocrx_word' id='word_1_4' title='bbox 2175 329 2236 396; x_wconf 83' lang='grc'>555</span> 
     </span>
    </p>
   </div>
   <div class='ocr_carea' id='block_1_2' title="bbox 242 513 2302 5296">
    <p class='ocr_par' dir='ltr' id='par_1_2' title="bbox 242 513 2245 2822">
     <span class='ocr_line' id='line_1_2' title="bbox 242 513 2235 602; baseline -0.002 -15"><span class='ocrx_word' id='word_1_5' title='bbox 242 520 342 587; x_wconf 89' lang='lat' dir='ltr'>tanda</span> <span class='ocrx_word' id='word_1_6' title='bbox 373 528 440 602; x_wconf 89' lang='lat' dir='ltr'>est,</span> <span class='ocrx_word' id='word_1_7' title='bbox 473 516 559 601; x_wconf 93' lang='lat' dir='ltr'>quod</span> <span class='ocrx_word' id='word_1_8' title='bbox 592 517 627 582; x_wconf 90' lang='lat' dir='ltr'>in</span> <span class='ocrx_word' id='word_1_9' title='bbox 657 518 729 583; x_wconf 92' lang='lat' dir='ltr'>Deo</span> <span class='ocrx_word' id='word_1_10' title='bbox 762 515 957 600; x_wconf 87' lang='lat' dir='ltr'>speraverit</span> <span class='ocrx_word' id='word_1_11' title='bbox 1013 514 1212 598; x_wconf 79' lang='lat' dir='ltr'><strong>Quanquam</strong></span> <span class='ocrx_word' id='word_1_12' title='bbox 1351 513 1685 599; x_wconf 75' lang='grc' dir='ltr'>4.(Μ11151555515.)</span> <span class='ocrx_word' id='word_1_13' title='bbox 1722 516 1802 582; x_wconf 85' lang='lat' dir='ltr'>Dixi</span> <span class='ocrx_word' id='word_1_14' title='bbox 1825 518 1888 582; x_wconf 92' lang='lat' dir='ltr'>iam</span> <span class='ocrx_word' id='word_1_15' title='bbox 1908 517 2048 601; x_wconf 89' lang='lat' dir='ltr'>saepius,</span> <span class='ocrx_word' id='word_1_16' title='bbox 2071 517 2235 583; x_wconf 78' lang='lat' dir='ltr'><strong>Davidem</strong></span> 
     </span>
     <span class='ocr_line' id='line_1_3' title="bbox 243 600 2233 690; baseline -0.003 -17"><span class='ocrx_word' id='word_1_17' title='bbox 243 606 407 690; x_wconf 80' lang='lat' dir='ltr'><strong>emphasis</strong></span> <span class='ocrx_word' id='word_1_18' title='bbox 429 604 528 669; x_wconf 90' lang='lat' dir='ltr'>etiam</span> <span class='ocrx_word' id='word_1_19' title='bbox 550 604 661 670; x_wconf 89' lang='lat' dir='ltr'>subest</span> <span class='ocrx_word' id='word_1_20' title='bbox 682 603 717 667; x_wconf 91' lang='lat' dir='ltr'>in</span> <span class='ocrx_word' id='word_1_21' title='bbox 736 600 867 666; x_wconf 89' lang='lat' dir='ltr'>nomine</span> <span class='ocrx_word' id='word_1_22' title='bbox 887 600 1036 683; x_wconf 79' lang='lat' dir='ltr'>Animae,</span> <span class='ocrx_word' id='word_1_23' title='bbox 1061 601 1149 666; x_wconf 90' lang='lat' dir='ltr'>acsi</span> <span class='ocrx_word' id='word_1_24' title='bbox 1171 621 1213 664; x_wconf 86' lang='lat' dir='ltr'>ex</span> <span class='ocrx_word' id='word_1_25' title='bbox 1264 601 1336 685; x_wconf 90' lang='lat' dir='ltr'>pias</span> <span class='ocrx_word' id='word_1_26' title='bbox 1359 600 1586 666; x_wconf 74' lang='lat' dir='ltr'><strong>meditationes</strong></span> <span class='ocrx_word' id='word_1_27' title='bbox 1608 603 1753 667; x_wconf 87' lang='lat' dir='ltr'>inserere</span> <span class='ocrx_word' id='word_1_28' title='bbox 1774 604 1842 669; x_wconf 90' lang='lat' dir='ltr'>suis</span> <span class='ocrx_word' id='word_1_29' title='bbox 1864 603 2014 687; x_wconf 89' lang='lat' dir='ltr'>precibus</span> <span class='ocrx_word' id='word_1_30' title='bbox 2043 615 2079 669; x_wconf 89' lang='lat' dir='ltr'>ut</span> <span class='ocrx_word' id='word_1_31' title='bbox 2101 625 2233 689; x_wconf 87' lang='lat' dir='ltr'>aegrum</span> 
     </span>
     <span class='ocr_line' id='line_1_4' title="bbox 242 685 2236 773; baseline -0.003 -15"><span class='ocrx_word' id='word_1_32' title='bbox 242 695 360 758; x_wconf 91' lang='lat' dir='ltr'>intimo</span> <span class='ocrx_word' id='word_1_33' title='bbox 381 690 488 757; x_wconf 89' lang='lat' dir='ltr'>cordis</span> <span class='ocrx_word' id='word_1_34' title='bbox 511 689 629 755; x_wconf 87' lang='lat' dir='ltr'>affectu</span> <span class='ocrx_word' id='word_1_35' title='bbox 652 709 687 754; x_wconf 89' lang='lat' dir='ltr'>se</span> <span class='ocrx_word' id='word_1_36' title='bbox 709 707 857 773; x_wconf 81' lang='lat' dir='ltr'>sperasse</span> <span class='ocrx_word' id='word_1_37' title='bbox 881 686 1019 752; x_wconf 89' lang='lat' dir='ltr'>diceret:</span> <span class='ocrx_word' id='word_1_38' title='bbox 1044 685 1097 751; x_wconf 93' lang='lat' dir='ltr'>vel</span> <span class='ocrx_word' id='word_1_39' title='bbox 1121 705 1212 768; x_wconf 89' lang='lat' dir='ltr'>spem</span> <span class='ocrx_word' id='word_1_40' title='bbox 1265 687 1411 752; x_wconf 89' lang='lat' dir='ltr'>animum</span> <span class='ocrx_word' id='word_1_41' title='bbox 1434 686 1573 765; x_wconf 82' lang='lat' dir='ltr'>soletur,</span> <span class='ocrx_word' id='word_1_42' title='bbox 1595 687 1688 770; x_wconf 80' lang='lat' dir='ltr'>quasi</span> <span class='ocrx_word' id='word_1_43' title='bbox 1710 689 1772 754; x_wconf 88' lang='lat' dir='ltr'>sibi</span> <span class='ocrx_word' id='word_1_44' title='bbox 1794 701 2046 771; x_wconf 83' lang='lat' dir='ltr'>repraesentans</span> <span class='ocrx_word' id='word_1_45' title='bbox 2067 691 2137 771; x_wconf 91' lang='lat' dir='ltr'>spei</span> <span class='ocrx_word' id='word_1_46' title='bbox 2158 710 2236 754; x_wconf 92' lang='lat' dir='ltr'>suae</span> 
     </span>
     <span class='ocr_line' id='line_1_5' title="bbox 244 771 2234 856; baseline -0.003 -12"><span class='ocrx_word' id='word_1_47' title='bbox 244 799 336 845; x_wconf 91' lang='lat' dir='ltr'>suam</span> <span class='ocrx_word' id='word_1_48' title='bbox 353 798 418 842; x_wconf 92' lang='lat' dir='ltr'>nou</span> <span class='ocrx_word' id='word_1_49' title='bbox 437 795 508 841; x_wconf 90' lang='lat' dir='ltr'>esse</span> <span class='ocrx_word' id='word_1_50' title='bbox 525 774 712 852; x_wconf 76' lang='lat' dir='ltr'><strong>volaticam,</strong></span> <span class='ocrx_word' id='word_1_51' title='bbox 735 783 772 838; x_wconf 95' lang='lat' dir='ltr'>ut</span> <span class='ocrx_word' id='word_1_52' title='bbox 790 773 979 856; x_wconf 89' lang='lat' dir='ltr'>loquuntur,</span> <span class='ocrx_word' id='word_1_53' title='bbox 1001 771 1059 837; x_wconf 91' lang='lat' dir='ltr'>sed</span> <span class='ocrx_word' id='word_1_54' title='bbox 1079 772 1213 855; x_wconf 87' lang='lat' dir='ltr'>penitus</span> <span class='ocrx_word' id='word_1_55' title='bbox 1265 774 1418 837; x_wconf 88' lang='lat' dir='ltr'>fructum.</span> <span class='ocrx_word' id='word_1_56' title='bbox 1462 771 1516 837; x_wconf 90' lang='lat' dir='ltr'>Ita</span> <span class='ocrx_word' id='word_1_57' title='bbox 1545 793 1633 837; x_wconf 90' lang='lat' dir='ltr'>nunc</span> <span class='ocrx_word' id='word_1_58' title='bbox 1662 794 1726 838; x_wconf 89' lang='lat' dir='ltr'>non</span> <span class='ocrx_word' id='word_1_59' title='bbox 1754 793 1848 840; x_wconf 90' lang='lat' dir='ltr'>secus</span> <span class='ocrx_word' id='word_1_60' title='bbox 1876 793 1914 839; x_wconf 95' lang='grc'>55</span> <span class='ocrx_word' id='word_1_61' title='bbox 1946 775 1975 839; x_wconf 87' lang='grc'>51</span> <span class='ocrx_word' id='word_1_62' title='bbox 2007 795 2141 839; x_wconf 90' lang='lat' dir='ltr'>manum</span> <span class='ocrx_word' id='word_1_63' title='bbox 2171 774 2234 840; x_wconf 94' lang='lat' dir='ltr'>Dei</span> 
     </span>
     <span class='ocr_line' id='line_1_6' title="bbox 244 858 2233 944; baseline -0.002 -14"><span class='ocrx_word' id='word_1_64' title='bbox 244 865 328 930; x_wconf 91' lang='grc'>51555</span> <span class='ocrx_word' id='word_1_65' title='bbox 350 862 476 928; x_wconf 83' lang='lat' dir='ltr'>radices</span> <span class='ocrx_word' id='word_1_66' title='bbox 494 861 607 944; x_wconf 89' lang='lat' dir='ltr'>egisse.</span> <span class='ocrx_word' id='word_1_67' title='bbox 641 858 734 924; x_wconf 90' lang='lat' dir='ltr'>Idem</span> <span class='ocrx_word' id='word_1_68' title='bbox 753 858 972 941; x_wconf 87' lang='lat' dir='ltr'>metaphorice</span> <span class='ocrx_word' id='word_1_69' title='bbox 989 879 1067 922; x_wconf 88' lang='lat' dir='ltr'>mox</span> <span class='ocrx_word' id='word_1_70' title='bbox 1085 858 1212 940; x_wconf 87' lang='lat' dir='ltr'>repetit,</span> <span class='ocrx_word' id='word_1_71' title='bbox 1265 869 1470 940; x_wconf 84' lang='lat' dir='ltr'>praesentem</span> <span class='ocrx_word' id='word_1_72' title='bbox 1511 869 1674 933; x_wconf 87' lang='lat' dir='ltr'>cerneret,</span> <span class='ocrx_word' id='word_1_73' title='bbox 1715 860 1754 925; x_wconf 94' lang='lat' dir='ltr'>de</span> <span class='ocrx_word' id='word_1_74' title='bbox 1793 862 1864 925; x_wconf 87' lang='lat' dir='ltr'>eius</span> <span class='ocrx_word' id='word_1_75' title='bbox 1903 859 2026 925; x_wconf 89' lang='lat' dir='ltr'>auxilio</span> <span class='ocrx_word' id='word_1_76' title='bbox 2065 859 2233 943; x_wconf 87' lang='lat' dir='ltr'>gloriatur.</span> 
     </span>
     <span class='ocr_line' id='line_1_7' title="bbox 244 942 2234 1030; baseline -0.003 -15"><span class='ocrx_word' id='word_1_77' title='bbox 244 948 395 1015; x_wconf 89' lang='lat' dir='ltr'>umbram</span> <span class='ocrx_word' id='word_1_78' title='bbox 418 946 543 1011; x_wconf 90' lang='lat' dir='ltr'>alarum</span> <span class='ocrx_word' id='word_1_79' title='bbox 566 944 629 1010; x_wconf 93' lang='lat' dir='ltr'>Dei</span> <span class='ocrx_word' id='word_1_80' title='bbox 655 945 716 1010; x_wconf 90' lang='lat' dir='ltr'>sibi</span> <span class='ocrx_word' id='word_1_81' title='bbox 739 945 966 1030; x_wconf 88' lang='lat' dir='ltr'>integumento</span> <span class='ocrx_word' id='word_1_82' title='bbox 995 945 1063 1009; x_wconf 87' lang='lat' dir='ltr'>fore</span> <span class='ocrx_word' id='word_1_83' title='bbox 1091 942 1211 1007; x_wconf 88' lang='lat' dir='ltr'>diceus.</span> <span class='ocrx_word' id='word_1_84' title='bbox 1265 942 1378 1025; x_wconf 79' lang='lat' dir='ltr'>Quum</span> <span class='ocrx_word' id='word_1_85' title='bbox 1400 942 1489 1019; x_wconf 91' lang='lat' dir='ltr'>dicit,</span> <span class='ocrx_word' id='word_1_86' title='bbox 1513 942 1615 1008; x_wconf 82' lang='grc'>11111155</span> <span class='ocrx_word' id='word_1_87' title='bbox 1636 964 1652 1008; x_wconf 88' lang='grc'>5</span> <span class='ocrx_word' id='word_1_88' title='bbox 1673 944 1765 1023; x_wconf 85' lang='lat' dir='ltr'>coelo,</span> <span class='ocrx_word' id='word_1_89' title='bbox 1796 944 1927 1028; x_wconf 92' lang='lat' dir='ltr'>quidam</span> <span class='ocrx_word' id='word_1_90' title='bbox 1950 945 2153 1010; x_wconf 90' lang='lat' dir='ltr'>subaudiunt</span> <span class='ocrx_word' id='word_1_91' title='bbox 2176 967 2234 1010; x_wconf 91' lang='lat' dir='ltr'>au·</span> 
     </span>
     <span class='ocr_line' id='line_1_8' title="bbox 245 1027 2235 1117; baseline -0.002 -18"><span class='ocrx_word' id='word_1_92' title='bbox 245 1034 443 1117; x_wconf 83' lang='lat' dir='ltr'><strong>Quanquam</strong></span> <span class='ocrx_word' id='word_1_93' title='bbox 475 1032 563 1097; x_wconf 90' lang='lat' dir='ltr'>euim</span> <span class='ocrx_word' id='word_1_94' title='bbox 595 1030 732 1097; x_wconf 90' lang='lat' dir='ltr'>verbum</span> <span class='ocrx_word' id='word_1_95' title='bbox 765 1043 850 1115; x_wconf 67' lang='lat'>,7017</span> <span class='ocrx_word' id='word_1_96' title='bbox 882 1028 1049 1094; x_wconf 88' lang='lat' dir='ltr'>interdum</span> <span class='ocrx_word' id='word_1_97' title='bbox 1082 1048 1213 1112; x_wconf 90' lang='lat' dir='ltr'>sperare</span> <span class='ocrx_word' id='word_1_98' title='bbox 1266 1030 1366 1113; x_wconf 87' lang='lat' dir='ltr'>gelos,</span> <span class='ocrx_word' id='word_1_99' title='bbox 1396 1028 1477 1094; x_wconf 91' lang='lat' dir='ltr'>mihi</span> <span class='ocrx_word' id='word_1_100' title='bbox 1504 1027 1675 1094; x_wconf 85' lang='lat' dir='ltr'>indefinita</span> <span class='ocrx_word' id='word_1_101' title='bbox 1697 1029 1843 1114; x_wconf 91' lang='lat' dir='ltr'>loquutio</span> <span class='ocrx_word' id='word_1_102' title='bbox 1866 1031 1983 1095; x_wconf 92' lang='lat' dir='ltr'>melius</span> <span class='ocrx_word' id='word_1_103' title='bbox 2006 1030 2139 1095; x_wconf 89' lang='lat' dir='ltr'>videtur</span> <span class='ocrx_word' id='word_1_104' title='bbox 2159 1052 2235 1096; x_wconf 91' lang='lat' dir='ltr'>con·</span> 
     </span>
     <span class='ocr_line' id='line_1_9' title="bbox 246 1114 2234 1206; baseline -0.003 -20"><span class='ocrx_word' id='word_1_105' title='bbox 246 1119 425 1206; x_wconf 87' lang='lat' dir='ltr'>significat,</span> <span class='ocrx_word' id='word_1_106' title='bbox 459 1128 496 1182; x_wconf 95' lang='lat' dir='ltr'>ut</span> <span class='ocrx_word' id='word_1_107' title='bbox 518 1137 578 1200; x_wconf 93' lang='lat' dir='ltr'>ego</span> <span class='ocrx_word' id='word_1_108' title='bbox 607 1117 706 1182; x_wconf 89' lang='lat' dir='ltr'>etiam</span> <span class='ocrx_word' id='word_1_109' title='bbox 736 1118 837 1180; x_wconf 88' lang='lat' dir='ltr'>verti:</span> <span class='ocrx_word' id='word_1_110' title='bbox 872 1114 949 1197; x_wconf 92' lang='lat' dir='ltr'>quia</span> <span class='ocrx_word' id='word_1_111' title='bbox 978 1123 1087 1179; x_wconf 91' lang='lat' dir='ltr'>tamen</span> <span class='ocrx_word' id='word_1_112' title='bbox 1115 1115 1214 1178; x_wconf 86' lang='lat' dir='ltr'>etiam</span> <span class='ocrx_word' id='word_1_113' title='bbox 1266 1136 1400 1198; x_wconf 81' lang='lat' dir='ltr'>gruere:</span> <span class='ocrx_word' id='word_1_114' title='bbox 1440 1114 1525 1197; x_wconf 90' lang='lat' dir='ltr'>quod</span> <span class='ocrx_word' id='word_1_115' title='bbox 1558 1115 1681 1181; x_wconf 87' lang='lat' dir='ltr'>scilicet</span> <span class='ocrx_word' id='word_1_116' title='bbox 1714 1136 1780 1180; x_wconf 87' lang='lat' dir='ltr'>uon</span> <span class='ocrx_word' id='word_1_117' title='bbox 1813 1115 1963 1191; x_wconf 88' lang='lat' dir='ltr'>obscure,</span> <span class='ocrx_word' id='word_1_118' title='bbox 2004 1137 2063 1181; x_wconf 90' lang='lat' dir='ltr'>nec</span> <span class='ocrx_word' id='word_1_119' title='bbox 2104 1116 2234 1200; x_wconf 91' lang='lat' dir='ltr'>vulgari</span> 
     </span>
     <span class='ocr_line' id='line_1_10' title="bbox 245 1198 2235 1284; baseline -0.003 -13"><span class='ocrx_word' id='word_1_120' title='bbox 245 1206 331 1271; x_wconf 93' lang='lat' dir='ltr'>idem</span> <span class='ocrx_word' id='word_1_121' title='bbox 356 1205 441 1269; x_wconf 89' lang='lat' dir='ltr'>valet</span> <span class='ocrx_word' id='word_1_122' title='bbox 461 1224 499 1268; x_wconf 87' lang='lat' dir='ltr'>ac</span> <span class='ocrx_word' id='word_1_123' title='bbox 522 1202 680 1284; x_wconf 87' lang='lat' dir='ltr'>hospitari</span> <span class='ocrx_word' id='word_1_124' title='bbox 702 1201 756 1266; x_wconf 93' lang='lat' dir='ltr'>vel</span> <span class='ocrx_word' id='word_1_125' title='bbox 779 1212 957 1284; x_wconf 89' lang='lat' dir='ltr'>protegere,</span> <span class='ocrx_word' id='word_1_126' title='bbox 981 1221 1046 1264; x_wconf 92' lang='grc'>555</span> <span class='ocrx_word' id='word_1_127' title='bbox 1064 1198 1214 1282; x_wconf 88' lang='lat' dir='ltr'>displicet</span> <span class='ocrx_word' id='word_1_128' title='bbox 1267 1200 1379 1278; x_wconf 88' lang='lat' dir='ltr'>modo,</span> <span class='ocrx_word' id='word_1_129' title='bbox 1412 1199 1468 1266; x_wconf 92' lang='lat' dir='ltr'>sed</span> <span class='ocrx_word' id='word_1_130' title='bbox 1498 1209 1649 1283; x_wconf 92' lang='lat' dir='ltr'>potenter</span> <span class='ocrx_word' id='word_1_131' title='bbox 1677 1210 1711 1266; x_wconf 93' lang='lat' dir='ltr'>et</span> <span class='ocrx_word' id='word_1_132' title='bbox 1740 1200 1884 1266; x_wconf 87' lang='lat' dir='ltr'>evidenti</span> <span class='ocrx_word' id='word_1_133' title='bbox 1914 1202 2069 1267; x_wconf 92' lang='lat' dir='ltr'>miraculo</span> <span class='ocrx_word' id='word_1_134' title='bbox 2094 1203 2235 1283; x_wconf 81' lang='lat' dir='ltr'>proferet</span> 
     </span>
     <span class='ocr_line' id='line_1_11' title="bbox 245 1284 2234 1373; baseline -0.003 -16"><span class='ocrx_word' id='word_1_135' title='bbox 245 1293 291 1357; x_wconf 92' lang='lat' dir='ltr'>ita</span> <span class='ocrx_word' id='word_1_136' title='bbox 313 1291 415 1373; x_wconf 90' lang='lat' dir='ltr'>accipi</span> <span class='ocrx_word' id='word_1_137' title='bbox 437 1289 498 1354; x_wconf 92' lang='lat' dir='ltr'>hoc</span> <span class='ocrx_word' id='word_1_138' title='bbox 521 1287 590 1353; x_wconf 89' lang='lat' dir='ltr'>loco</span> <span class='ocrx_word' id='word_1_139' title='bbox 620 1287 675 1353; x_wconf 92' lang='lat' dir='ltr'>ubi</span> <span class='ocrx_word' id='word_1_140' title='bbox 709 1287 832 1351; x_wconf 91' lang='lat' dir='ltr'>mentio</span> <span class='ocrx_word' id='word_1_141' title='bbox 858 1288 896 1350; x_wconf 87' lang='lat' dir='ltr'>lit</span> <span class='ocrx_word' id='word_1_142' title='bbox 920 1287 1054 1351; x_wconf 88' lang='lat' dir='ltr'>umbrae</span> <span class='ocrx_word' id='word_1_143' title='bbox 1076 1284 1213 1350; x_wconf 90' lang='lat' dir='ltr'>alarum.</span> <span class='ocrx_word' id='word_1_144' title='bbox 1267 1284 1357 1350; x_wconf 89' lang='lat' dir='ltr'>Deus</span> <span class='ocrx_word' id='word_1_145' title='bbox 1379 1306 1475 1367; x_wconf 91' lang='lat' dir='ltr'>quam</span> <span class='ocrx_word' id='word_1_146' title='bbox 1498 1287 1642 1353; x_wconf 82' lang='lat' dir='ltr'>facturus</span> <span class='ocrx_word' id='word_1_147' title='bbox 1671 1296 1722 1351; x_wconf 88' lang='grc'>555</span> <span class='ocrx_word' id='word_1_148' title='bbox 1750 1288 1897 1352; x_wconf 89' lang='lat' dir='ltr'>salutem.</span> <span class='ocrx_word' id='word_1_149' title='bbox 1943 1288 2032 1372; x_wconf 81' lang='lat' dir='ltr'>Ergo</span> <span class='ocrx_word' id='word_1_150' title='bbox 2063 1289 2125 1352; x_wconf 91' lang='lat' dir='ltr'>hac</span> <span class='ocrx_word' id='word_1_151' title='bbox 2157 1308 2234 1352; x_wconf 91' lang='grc'>5555</span> 
     </span>
     <span class='ocr_line' id='line_1_12' title="bbox 247 1368 2245 1456; baseline -0.001 -13"><span class='ocrx_word' id='word_1_152' title='bbox 247 1375 384 1444; x_wconf 82' lang='lat' dir='ltr'>Summa</span> <span class='ocrx_word' id='word_1_153' title='bbox 405 1374 470 1438; x_wconf 88' lang='lat' dir='ltr'>huc</span> <span class='ocrx_word' id='word_1_154' title='bbox 492 1373 606 1450; x_wconf 90' lang='lat' dir='ltr'>tendit,</span> <span class='ocrx_word' id='word_1_155' title='bbox 629 1371 814 1456; x_wconf 89' lang='grc'>55555555</span> <span class='ocrx_word' id='word_1_156' title='bbox 837 1383 942 1436; x_wconf 92' lang='lat' dir='ltr'>totum</span> <span class='ocrx_word' id='word_1_157' title='bbox 963 1370 1127 1437; x_wconf 91' lang='lat' dir='ltr'>commisit</span> <span class='ocrx_word' id='word_1_158' title='bbox 1145 1368 1214 1434; x_wconf 90' lang='lat' dir='ltr'>Da·</span> <span class='ocrx_word' id='word_1_159' title='bbox 1266 1373 1475 1455; x_wconf 90' lang='lat' dir='ltr'>magnificum</span> <span class='ocrx_word' id='word_1_160' title='bbox 1499 1383 1532 1436; x_wconf 92' lang='lat' dir='ltr'>et</span> <span class='ocrx_word' id='word_1_161' title='bbox 1560 1371 1730 1456; x_wconf 86' lang='lat' dir='ltr'>singulare</span> <span class='ocrx_word' id='word_1_162' title='bbox 1760 1372 1962 1438; x_wconf 81' lang='lat' dir='ltr'>liberationis</span> <span class='ocrx_word' id='word_1_163' title='bbox 1992 1394 2097 1456; x_wconf 91' lang='lat' dir='ltr'>genus</span> <span class='ocrx_word' id='word_1_164' title='bbox 2126 1372 2245 1442; x_wconf 56' lang='lat' dir='ltr'>David,</span> 
     </span>
     <span class='ocr_line' id='line_1_13' title="bbox 246 1455 2234 1541; baseline -0.002 -16"><span class='ocrx_word' id='word_1_165' title='bbox 246 1461 303 1526; x_wconf 92' lang='lat' dir='ltr'>vid</span> <span class='ocrx_word' id='word_1_166' title='bbox 325 1460 389 1526; x_wconf 93' lang='lat' dir='ltr'>Dei</span> <span class='ocrx_word' id='word_1_167' title='bbox 412 1458 543 1536; x_wconf 86' lang='lat' dir='ltr'>tutelae,</span> <span class='ocrx_word' id='word_1_168' title='bbox 567 1465 604 1523; x_wconf 92' lang='lat' dir='ltr'>ut</span> <span class='ocrx_word' id='word_1_169' title='bbox 626 1477 714 1523; x_wconf 89' lang='grc'>5555</span> <span class='ocrx_word' id='word_1_170' title='bbox 735 1458 856 1522; x_wconf 88' lang='grc'>5555155</span> <span class='ocrx_word' id='word_1_171' title='bbox 876 1455 961 1539; x_wconf 88' lang='grc'>5555</span> <span class='ocrx_word' id='word_1_172' title='bbox 980 1456 1111 1521; x_wconf 90' lang='lat' dir='ltr'>Psalmo</span> <span class='ocrx_word' id='word_1_173' title='bbox 1128 1456 1213 1534; x_wconf 86' lang='lat'>91,1</span> <span class='ocrx_word' id='word_1_174' title='bbox 1266 1477 1302 1522; x_wconf 89' lang='grc'>55</span> <span class='ocrx_word' id='word_1_175' title='bbox 1324 1478 1454 1540; x_wconf 90' lang='lat' dir='ltr'>sperare</span> <span class='ocrx_word' id='word_1_176' title='bbox 1475 1457 1639 1541; x_wconf 87' lang='lat' dir='ltr'>iutelligit.</span> <span class='ocrx_word' id='word_1_177' title='bbox 1673 1462 1781 1540; x_wconf 86' lang='lat' dir='ltr'>Atque</span> <span class='ocrx_word' id='word_1_178' title='bbox 1803 1459 1849 1523; x_wconf 90' lang='lat' dir='ltr'>ita</span> <span class='ocrx_word' id='word_1_179' title='bbox 1869 1458 1995 1524; x_wconf 91' lang='lat' dir='ltr'>coelum</span> <span class='ocrx_word' id='word_1_180' title='bbox 2017 1461 2153 1541; x_wconf 91' lang='lat' dir='ltr'>opponit</span> <span class='ocrx_word' id='word_1_181' title='bbox 2173 1470 2234 1522; x_wconf 88' lang='lat' dir='ltr'>ter·</span> 
     </span>
     <span class='ocr_line' id='line_1_14' title="bbox 246 1540 2235 1628; baseline -0.003 -16"><span class='ocrx_word' id='word_1_182' title='bbox 246 1547 444 1622; x_wconf 89' lang='lat' dir='ltr'>videbimus,</span> <span class='ocrx_word' id='word_1_183' title='bbox 478 1543 544 1624; x_wconf 84' lang='lat' dir='ltr'>Qui</span> <span class='ocrx_word' id='word_1_184' title='bbox 566 1545 601 1608; x_wconf 92' lang='lat' dir='ltr'>iu</span> <span class='ocrx_word' id='word_1_185' title='bbox 625 1543 825 1628; x_wconf 90' lang='lat' dir='ltr'>protectione</span> <span class='ocrx_word' id='word_1_186' title='bbox 850 1540 913 1607; x_wconf 89' lang='lat' dir='ltr'>Dei</span> <span class='ocrx_word' id='word_1_187' title='bbox 943 1542 1109 1618; x_wconf 88' lang='lat' dir='ltr'>habitant,</span> <span class='ocrx_word' id='word_1_188' title='bbox 1144 1551 1213 1606; x_wconf 92' lang='lat' dir='ltr'>tuto</span> <span class='ocrx_word' id='word_1_189' title='bbox 1267 1547 1355 1607; x_wconf 87' lang='lat' dir='ltr'>renis</span> <span class='ocrx_word' id='word_1_190' title='bbox 1379 1541 1493 1608; x_wconf 90' lang='lat' dir='ltr'>mediis</span> <span class='ocrx_word' id='word_1_191' title='bbox 1516 1544 1568 1608; x_wconf 93' lang='lat' dir='ltr'>vel</span> <span class='ocrx_word' id='word_1_192' title='bbox 1587 1543 1801 1609; x_wconf 80' lang='lat' dir='ltr'>naturalibus,</span> <span class='ocrx_word' id='word_1_193' title='bbox 1835 1542 1932 1625; x_wconf 80' lang='lat' dir='ltr'>Quod</span> <span class='ocrx_word' id='word_1_194' title='bbox 1950 1547 2107 1627; x_wconf 90' lang='lat' dir='ltr'>sequitur,</span> <span class='ocrx_word' id='word_1_195' title='bbox 2130 1555 2235 1626; x_wconf 89' lang='lat' dir='ltr'>potest</span> 
     </span>
     <span class='ocr_line' id='line_1_15' title="bbox 246 1625 2234 1713; baseline -0.003 -15"><span class='ocrx_word' id='word_1_196' title='bbox 246 1642 280 1698; x_wconf 91' lang='lat' dir='ltr'>et</span> <span class='ocrx_word' id='word_1_197' title='bbox 297 1631 425 1698; x_wconf 87' lang='lat' dir='ltr'>excelso</span> <span class='ocrx_word' id='word_1_198' title='bbox 447 1629 518 1695; x_wconf 91' lang='lat' dir='ltr'>loco</span> <span class='ocrx_word' id='word_1_199' title='bbox 540 1630 715 1713; x_wconf 90' lang='lat' dir='ltr'>quiescere.</span> <span class='ocrx_word' id='word_1_200' title='bbox 749 1629 934 1707; x_wconf 85' lang='lat' dir='ltr'>anterum,</span> <span class='ocrx_word' id='word_1_201' title='bbox 952 1627 1017 1691; x_wconf 92' lang='lat' dir='ltr'>Dei</span> <span class='ocrx_word' id='word_1_202' title='bbox 1035 1625 1215 1694; x_wconf 88' lang='lat' dir='ltr'>custodiam</span> <span class='ocrx_word' id='word_1_203' title='bbox 1267 1627 1394 1694; x_wconf 91' lang='lat' dir='ltr'>duobus</span> <span class='ocrx_word' id='word_1_204' title='bbox 1423 1628 1529 1693; x_wconf 91' lang='lat' dir='ltr'>modis</span> <span class='ocrx_word' id='word_1_205' title='bbox 1557 1629 1685 1712; x_wconf 90' lang='lat' dir='ltr'>exponi.</span> <span class='ocrx_word' id='word_1_206' title='bbox 1730 1629 1795 1710; x_wconf 79' lang='lat' dir='ltr'>Qui</span> <span class='ocrx_word' id='word_1_207' title='bbox 1824 1641 1957 1695; x_wconf 89' lang='lat' dir='ltr'>vertunt</span> <span class='ocrx_word' id='word_1_208' title='bbox 1989 1629 2028 1695; x_wconf 87' lang='lat' dir='ltr'>ab</span> <span class='ocrx_word' id='word_1_209' title='bbox 2059 1628 2234 1712; x_wconf 75' lang='lat' dir='ltr'>opprobrio,</span> 
     </span>
     <span class='ocr_line' id='line_1_16' title="bbox 245 1711 2232 1796; baseline -0.003 -12"><span class='ocrx_word' id='word_1_210' title='bbox 245 1719 380 1784; x_wconf 88' lang='lat' dir='ltr'>umbrae</span> <span class='ocrx_word' id='word_1_211' title='bbox 401 1717 528 1781; x_wconf 89' lang='lat' dir='ltr'>alarum</span> <span class='ocrx_word' id='word_1_212' title='bbox 551 1714 707 1794; x_wconf 81' lang='lat' dir='ltr'>conferri,</span> <span class='ocrx_word' id='word_1_213' title='bbox 736 1713 812 1780; x_wconf 89' lang='lat' dir='ltr'>alibi</span> <span class='ocrx_word' id='word_1_214' title='bbox 830 1712 991 1779; x_wconf 82' lang='lat' dir='ltr'>diximus:</span> <span class='ocrx_word' id='word_1_215' title='bbox 1025 1712 1102 1796; x_wconf 92' lang='lat' dir='ltr'>quia</span> <span class='ocrx_word' id='word_1_216' title='bbox 1123 1711 1215 1777; x_wconf 89' lang='lat' dir='ltr'>Deus</span> <span class='ocrx_word' id='word_1_217' title='bbox 1267 1713 1467 1779; x_wconf 88' lang='lat' dir='ltr'>subaudiunt</span> <span class='ocrx_word' id='word_1_218' title='bbox 1488 1714 1616 1780; x_wconf 88' lang='lat' dir='ltr'>literam</span> <span class='ocrx_word' id='word_1_219' title='bbox 1639 1728 1678 1795; x_wconf 67' lang='lat' dir='ltr'>n.</span> <span class='ocrx_word' id='word_1_220' title='bbox 1724 1712 1789 1780; x_wconf 85' lang='lat' dir='ltr'>Sed</span> <span class='ocrx_word' id='word_1_221' title='bbox 1811 1716 1893 1779; x_wconf 87' lang='lat' dir='ltr'>lorte</span> <span class='ocrx_word' id='word_1_222' title='bbox 1915 1736 1978 1779; x_wconf 92' lang='lat' dir='ltr'>nou</span> <span class='ocrx_word' id='word_1_223' title='bbox 2008 1715 2119 1779; x_wconf 90' lang='lat' dir='ltr'>miuus</span> <span class='ocrx_word' id='word_1_224' title='bbox 2148 1736 2232 1779; x_wconf 91' lang='lat' dir='ltr'>com·</span> 
     </span>
     <span class='ocr_line' id='line_1_17' title="bbox 245 1797 2234 1884; baseline -0.003 -15"><span class='ocrx_word' id='word_1_225' title='bbox 245 1814 284 1869; x_wconf 93' lang='lat' dir='ltr'>ut</span> <span class='ocrx_word' id='word_1_226' title='bbox 312 1825 372 1869; x_wconf 91' lang='lat' dir='ltr'>nos</span> <span class='ocrx_word' id='word_1_227' title='bbox 403 1801 595 1867; x_wconf 81' lang='lat' dir='ltr'>familiarius</span> <span class='ocrx_word' id='word_1_228' title='bbox 624 1800 665 1865; x_wconf 92' lang='grc'>55</span> <span class='ocrx_word' id='word_1_229' title='bbox 699 1821 733 1867; x_wconf 90' lang='grc'>55</span> <span class='ocrx_word' id='word_1_230' title='bbox 765 1799 899 1878; x_wconf 88' lang='lat' dir='ltr'>invitet,</span> <span class='ocrx_word' id='word_1_231' title='bbox 932 1797 1010 1864; x_wconf 92' lang='lat' dir='ltr'>dicit</span> <span class='ocrx_word' id='word_1_232' title='bbox 1043 1819 1077 1863; x_wconf 91' lang='lat' dir='ltr'>se</span> <span class='ocrx_word' id='word_1_233' title='bbox 1109 1799 1215 1862; x_wconf 89' lang='lat' dir='ltr'>instar</span> <span class='ocrx_word' id='word_1_234' title='bbox 1268 1799 1401 1864; x_wconf 92' lang='lat' dir='ltr'>modum</span> <span class='ocrx_word' id='word_1_235' title='bbox 1420 1811 1508 1864; x_wconf 90' lang='lat' dir='ltr'>esset</span> <span class='ocrx_word' id='word_1_236' title='bbox 1522 1801 1702 1884; x_wconf 89' lang='lat' dir='ltr'>appositive</span> <span class='ocrx_word' id='word_1_237' title='bbox 1718 1801 1873 1882; x_wconf 88' lang='lat' dir='ltr'>accipere,</span> <span class='ocrx_word' id='word_1_238' title='bbox 1896 1800 2037 1866; x_wconf 81' lang='lat' dir='ltr'>Seraabil</span> <span class='ocrx_word' id='word_1_239' title='bbox 2058 1820 2107 1866; x_wconf 86' lang='lat' dir='ltr'>me</span> <span class='ocrx_word' id='word_1_240' title='bbox 2128 1801 2165 1865; x_wconf 80' lang='lat' dir='ltr'>in</span> <span class='ocrx_word' id='word_1_241' title='bbox 2182 1820 2234 1880; x_wconf 84' lang='grc'>55-</span> 
     </span>
     <span class='ocr_line' id='line_1_18' title="bbox 247 1882 2235 1976; baseline -0.002 -23"><span class='ocrx_word' id='word_1_242' title='bbox 247 1889 388 1976; x_wconf 80' lang='lat' dir='ltr'>gallinae</span> <span class='ocrx_word' id='word_1_243' title='bbox 410 1888 464 1952; x_wconf 92' lang='lat' dir='ltr'>vel</span> <span class='ocrx_word' id='word_1_244' title='bbox 486 1888 574 1970; x_wconf 91' lang='lat' dir='ltr'>avis,</span> <span class='ocrx_word' id='word_1_245' title='bbox 603 1887 672 1951; x_wconf 87' lang='lat' dir='ltr'>alas</span> <span class='ocrx_word' id='word_1_246' title='bbox 694 1884 879 1970; x_wconf 87' lang='lat' dir='ltr'>expandere</span> <span class='ocrx_word' id='word_1_247' title='bbox 901 1882 943 1948; x_wconf 91' lang='lat' dir='ltr'>ad</span> <span class='ocrx_word' id='word_1_248' title='bbox 964 1905 1023 1949; x_wconf 91' lang='lat' dir='ltr'>uos</span> <span class='ocrx_word' id='word_1_249' title='bbox 1044 1882 1212 1960; x_wconf 88' lang='grc'>15555555,</span> <span class='ocrx_word' id='word_1_250' title='bbox 1261 1885 1427 1965; x_wconf 75' lang='lat' dir='ltr'>probrium</span> <span class='ocrx_word' id='word_1_251' title='bbox 1438 1885 1617 1952; x_wconf 75' lang='grc'>5555555515</span> <span class='ocrx_word' id='word_1_252' title='bbox 1626 1906 1683 1951; x_wconf 83' lang='lat' dir='ltr'>me.</span> <span class='ocrx_word' id='word_1_253' title='bbox 1704 1885 1899 1968; x_wconf 79' lang='lat' dir='ltr'>Quanquam</span> <span class='ocrx_word' id='word_1_254' title='bbox 1913 1887 2119 1969; x_wconf 90' lang='lat' dir='ltr'>participium</span> <span class='ocrx_word' id='word_1_255' title='bbox 2131 1898 2235 1972; x_wconf 63' lang='grc'>55555</span> 
     </span>
     <span class='ocr_line' id='line_1_19' title="bbox 247 1967 2233 2120; baseline -0.004 -80"><span class='ocrx_word' id='word_1_256' title='bbox 247 1997 310 2060; x_wconf 91' lang='grc'>555</span> <span class='ocrx_word' id='word_1_257' title='bbox 344 1974 452 2039; x_wconf 91' lang='lat' dir='ltr'>miuus</span> <span class='ocrx_word' id='word_1_258' title='bbox 485 1971 681 2038; x_wconf 87' lang='lat' dir='ltr'>excusabilis</span> <span class='ocrx_word' id='word_1_259' title='bbox 714 1981 764 2036; x_wconf 92' lang='lat' dir='ltr'>est</span> <span class='ocrx_word' id='word_1_260' title='bbox 797 1980 908 2036; x_wconf 87' lang='lat' dir='ltr'>nostra</span> <span class='ocrx_word' id='word_1_261' title='bbox 947 1967 1148 2054; x_wconf 82' lang='lat' dir='ltr'>ingratitudo</span> <span class='ocrx_word' id='word_1_262' title='bbox 1182 1979 1215 2034; x_wconf 93' lang='lat' dir='ltr'>et</span> <span class='ocrx_word' id='word_1_263' title='bbox 1266 1990 1327 2120; x_wconf 51' lang='lat' dir='ltr'>Ero</span> <span class='ocrx_word' id='word_1_264' title='bbox 1356 1982 1564 2052; x_wconf 77' lang='lat' dir='ltr'>exspectante</span> <span class='ocrx_word' id='word_1_265' title='bbox 1593 1973 1677 2035; x_wconf 89' lang='lat' dir='ltr'>sumi</span> <span class='ocrx_word' id='word_1_266' title='bbox 1700 1980 1825 2053; x_wconf 85' lang='lat' dir='ltr'>posset:</span> <span class='ocrx_word' id='word_1_267' title='bbox 1848 1993 1886 2038; x_wconf 90' lang='grc'>55</span> <span class='ocrx_word' id='word_1_268' title='bbox 1907 1972 1935 2036; x_wconf 87' lang='grc'>51</span> <span class='ocrx_word' id='word_1_269' title='bbox 1958 1972 2093 2038; x_wconf 88' lang='lat' dir='ltr'>dixisset</span> <span class='ocrx_word' id='word_1_270' title='bbox 2116 1971 2233 2045; x_wconf 86' lang='lat' dir='ltr'>David,</span> 
     </span>
     <span class='ocr_line' id='line_1_20' title="bbox 245 2054 2235 2147; baseline -0.004 -22"><span class='ocrx_word' id='word_1_271' title='bbox 245 2061 400 2147; x_wconf 87' lang='lat' dir='ltr'>pravitas,</span> <span class='ocrx_word' id='word_1_272' title='bbox 419 2058 481 2124; x_wconf 88' lang='grc'>5151</span> <span class='ocrx_word' id='word_1_273' title='bbox 501 2056 542 2123; x_wconf 89' lang='grc'>55</span> <span class='ocrx_word' id='word_1_274' title='bbox 561 2067 628 2122; x_wconf 89' lang='lat' dir='ltr'>tam</span> <span class='ocrx_word' id='word_1_275' title='bbox 647 2055 798 2122; x_wconf 89' lang='lat' dir='ltr'>blandam</span> <span class='ocrx_word' id='word_1_276' title='bbox 817 2055 1052 2122; x_wconf 85' lang='lat' dir='ltr'>invenationem</span> <span class='ocrx_word' id='word_1_277' title='bbox 1065 2054 1215 2120; x_wconf 87' lang='lat' dir='ltr'>celeriter</span> <span class='ocrx_word' id='word_1_278' title='bbox 1302 2064 1388 2121; x_wconf 91' lang='lat' dir='ltr'>ostes</span> <span class='ocrx_word' id='word_1_279' title='bbox 1409 2055 1540 2138; x_wconf 92' lang='lat' dir='ltr'>quidem</span> <span class='ocrx_word' id='word_1_280' title='bbox 1568 2058 1631 2121; x_wconf 92' lang='lat' dir='ltr'>mei</span> <span class='ocrx_word' id='word_1_281' title='bbox 1661 2056 1777 2139; x_wconf 92' lang='lat' dir='ltr'>cupide</span> <span class='ocrx_word' id='word_1_282' title='bbox 1805 2057 1935 2121; x_wconf 89' lang='lat' dir='ltr'>inhiant</span> <span class='ocrx_word' id='word_1_283' title='bbox 1961 2078 2033 2123; x_wconf 89' lang='lat' dir='ltr'>meo</span> <span class='ocrx_word' id='word_1_284' title='bbox 2060 2057 2175 2133; x_wconf 89' lang='lat' dir='ltr'>exitio,</span> <span class='ocrx_word' id='word_1_285' title='bbox 2203 2070 2235 2118; x_wconf 89' lang='lat' dir='ltr'>et</span> 
     </span>
     <span class='ocr_line' id='line_1_21' title="bbox 246 2140 2233 2225; baseline -0.004 -12"><span class='ocrx_word' id='word_1_286' title='bbox 246 2146 456 2214; x_wconf 87' lang='lat' dir='ltr'>accurrimus.</span> <span class='ocrx_word' id='word_1_287' title='bbox 501 2141 594 2208; x_wconf 83' lang='lat' dir='ltr'>Adde</span> <span class='ocrx_word' id='word_1_288' title='bbox 617 2142 700 2225; x_wconf 90' lang='grc'>5555</span> <span class='ocrx_word' id='word_1_289' title='bbox 724 2163 814 2224; x_wconf 90' lang='lat' dir='ltr'>spem</span> <span class='ocrx_word' id='word_1_290' title='bbox 836 2161 929 2206; x_wconf 88' lang='lat' dir='ltr'>suam</span> <span class='ocrx_word' id='word_1_291' title='bbox 955 2160 1022 2206; x_wconf 91' lang='lat' dir='ltr'>non</span> <span class='ocrx_word' id='word_1_292' title='bbox 1052 2140 1122 2206; x_wconf 90' lang='lat' dir='ltr'>sine</span> <span class='ocrx_word' id='word_1_293' title='bbox 1151 2140 1213 2205; x_wconf 90' lang='lat' dir='ltr'>cir·</span> <span class='ocrx_word' id='word_1_294' title='bbox 1266 2163 1308 2206; x_wconf 90' lang='lat' dir='ltr'>ex</span> <span class='ocrx_word' id='word_1_295' title='bbox 1331 2140 1460 2208; x_wconf 88' lang='lat' dir='ltr'>insidiis</span> <span class='ocrx_word' id='word_1_296' title='bbox 1492 2143 1695 2207; x_wconf 88' lang='lat' dir='ltr'>occasionem</span> <span class='ocrx_word' id='word_1_297' title='bbox 1729 2163 1780 2207; x_wconf 87' lang='lat' dir='ltr'>mc</span> <span class='ocrx_word' id='word_1_298' title='bbox 1809 2141 1965 2224; x_wconf 90' lang='lat' dir='ltr'>perdendi</span> <span class='ocrx_word' id='word_1_299' title='bbox 1995 2153 2146 2225; x_wconf 84' lang='lat' dir='ltr'>captant:</span> <span class='ocrx_word' id='word_1_300' title='bbox 2179 2141 2233 2206; x_wconf 91' lang='lat' dir='ltr'>sed</span> 
     </span>
     <span class='ocr_line' id='line_1_22' title="bbox 248 2224 2234 2311; baseline -0.005 -13"><span class='ocrx_word' id='word_1_301' title='bbox 248 2231 445 2298; x_wconf 86' lang='lat' dir='ltr'>cumstantia</span> <span class='ocrx_word' id='word_1_302' title='bbox 465 2232 564 2293; x_wconf 88' lang='lat' dir='ltr'>fixam</span> <span class='ocrx_word' id='word_1_303' title='bbox 587 2229 622 2292; x_wconf 92' lang='lat' dir='ltr'>iu</span> <span class='ocrx_word' id='word_1_304' title='bbox 645 2228 716 2293; x_wconf 89' lang='lat' dir='ltr'>Deo</span> <span class='ocrx_word' id='word_1_305' title='bbox 737 2227 808 2293; x_wconf 86' lang='lat' dir='ltr'>fore</span> <span class='ocrx_word' id='word_1_306' title='bbox 830 2226 925 2309; x_wconf 91' lang='lat' dir='ltr'>dicit,</span> <span class='ocrx_word' id='word_1_307' title='bbox 953 2235 986 2291; x_wconf 93' lang='lat' dir='ltr'>et</span> <span class='ocrx_word' id='word_1_308' title='bbox 1007 2224 1068 2291; x_wconf 89' lang='lat' dir='ltr'>sub</span> <span class='ocrx_word' id='word_1_309' title='bbox 1097 2226 1215 2290; x_wconf 91' lang='lat' dir='ltr'>umbra</span> <span class='ocrx_word' id='word_1_310' title='bbox 1268 2228 1359 2292; x_wconf 85' lang='lat' dir='ltr'>Deus</span> <span class='ocrx_word' id='word_1_311' title='bbox 1381 2248 1454 2293; x_wconf 92' lang='lat' dir='ltr'>cum</span> <span class='ocrx_word' id='word_1_312' title='bbox 1477 2227 1623 2311; x_wconf 88' lang='lat' dir='ltr'>ipsorum</span> <span class='ocrx_word' id='word_1_313' title='bbox 1646 2225 1802 2292; x_wconf 82' lang='lat' dir='ltr'>dedecore</span> <span class='ocrx_word' id='word_1_314' title='bbox 1823 2247 1876 2291; x_wconf 92' lang='lat' dir='ltr'>me</span> <span class='ocrx_word' id='word_1_315' title='bbox 1898 2228 2024 2311; x_wconf 87' lang='lat' dir='ltr'>eripiet.</span> <span class='ocrx_word' id='word_1_316' title='bbox 2068 2227 2234 2292; x_wconf 90' lang='lat' dir='ltr'>Pudorem</span> 
     </span>
     <span class='ocr_line' id='line_1_23' title="bbox 249 2311 2234 2397; baseline -0.004 -13"><span class='ocrx_word' id='word_1_317' title='bbox 249 2318 377 2384; x_wconf 90' lang='lat' dir='ltr'>alarum</span> <span class='ocrx_word' id='word_1_318' title='bbox 409 2316 478 2381; x_wconf 91' lang='lat' dir='ltr'>eius</span> <span class='ocrx_word' id='word_1_319' title='bbox 509 2315 708 2397; x_wconf 86' lang='lat' dir='ltr'>quieturam,</span> <span class='ocrx_word' id='word_1_320' title='bbox 742 2312 799 2378; x_wconf 90' lang='lat' dir='ltr'>sed</span> <span class='ocrx_word' id='word_1_321' title='bbox 833 2333 896 2396; x_wconf 88' lang='lat' dir='ltr'>quo</span> <span class='ocrx_word' id='word_1_322' title='bbox 929 2320 1076 2397; x_wconf 90' lang='lat' dir='ltr'>tempore</span> <span class='ocrx_word' id='word_1_323' title='bbox 1109 2311 1215 2376; x_wconf 89' lang='lat' dir='ltr'>instar</span> <span class='ocrx_word' id='word_1_324' title='bbox 1267 2313 1354 2378; x_wconf 92' lang='lat' dir='ltr'>euim</span> <span class='ocrx_word' id='word_1_325' title='bbox 1375 2323 1409 2378; x_wconf 95' lang='lat' dir='ltr'>et</span> <span class='ocrx_word' id='word_1_326' title='bbox 1430 2311 1585 2396; x_wconf 86' lang='lat' dir='ltr'>probrum</span> <span class='ocrx_word' id='word_1_327' title='bbox 1609 2316 1753 2378; x_wconf 90' lang='lat' dir='ltr'>incutere</span> <span class='ocrx_word' id='word_1_328' title='bbox 1773 2314 1862 2377; x_wconf 89' lang='lat' dir='ltr'>Deus</span> <span class='ocrx_word' id='word_1_329' title='bbox 1879 2313 1989 2395; x_wconf 88' lang='lat' dir='ltr'>impiis</span> <span class='ocrx_word' id='word_1_330' title='bbox 2006 2313 2133 2394; x_wconf 89' lang='lat' dir='ltr'>dicitur,</span> <span class='ocrx_word' id='word_1_331' title='bbox 2157 2313 2234 2377; x_wconf 89' lang='lat' dir='ltr'>dum</span> 
     </span>
     <span class='ocr_line' id='line_1_24' title="bbox 249 2397 2234 2487; baseline -0.003 -19"><span class='ocrx_word' id='word_1_332' title='bbox 249 2400 407 2487; x_wconf 89' lang='lat' dir='ltr'>procellae</span> <span class='ocrx_word' id='word_1_333' title='bbox 429 2400 479 2466; x_wconf 89' lang='grc'>551</span> <span class='ocrx_word' id='word_1_334' title='bbox 501 2398 641 2464; x_wconf 85' lang='lat' dir='ltr'>turbinis</span> <span class='ocrx_word' id='word_1_335' title='bbox 661 2398 814 2464; x_wconf 88' lang='lat' dir='ltr'>transibit</span> <span class='ocrx_word' id='word_1_336' title='bbox 840 2398 1004 2481; x_wconf 88' lang='lat' dir='ltr'>iniquitas.</span> <span class='ocrx_word' id='word_1_337' title='bbox 1048 2397 1119 2462; x_wconf 90' lang='lat' dir='ltr'>Nisi</span> <span class='ocrx_word' id='word_1_338' title='bbox 1140 2397 1214 2479; x_wconf 88' lang='lat' dir='ltr'>quis</span> <span class='ocrx_word' id='word_1_339' title='bbox 1265 2421 1340 2482; x_wconf 87' lang='lat' dir='ltr'>spes</span> <span class='ocrx_word' id='word_1_340' title='bbox 1362 2419 1474 2463; x_wconf 88' lang='lat' dir='ltr'>eorum</span> <span class='ocrx_word' id='word_1_341' title='bbox 1496 2398 1684 2464; x_wconf 81' lang='lat' dir='ltr'>frustratur.</span> <span class='ocrx_word' id='word_1_342' title='bbox 1729 2398 1833 2463; x_wconf 81' lang='lat' dir='ltr'>Sicuti</span> <span class='ocrx_word' id='word_1_343' title='bbox 1862 2409 1970 2463; x_wconf 88' lang='lat' dir='ltr'>autem</span> <span class='ocrx_word' id='word_1_344' title='bbox 2000 2401 2091 2482; x_wconf 90' lang='lat' dir='ltr'>prius</span> <span class='ocrx_word' id='word_1_345' title='bbox 2120 2398 2234 2463; x_wconf 88' lang='lat' dir='ltr'>mirifi-</span> 
     </span>
     <span class='ocr_line' id='line_1_25' title="bbox 248 2482 2234 2569; baseline -0.004 -15"><span class='ocrx_word' id='word_1_346' title='bbox 248 2492 331 2554; x_wconf 87' lang='lat' dir='ltr'>lorte</span> <span class='ocrx_word' id='word_1_347' title='bbox 359 2506 475 2553; x_wconf 90' lang='lat' dir='ltr'>nomen</span> <span class='ocrx_word' id='word_1_348' title='bbox 498 2497 570 2569; x_wconf 65' lang='lat' dir='ltr'>mn</span> <span class='ocrx_word' id='word_1_349' title='bbox 598 2485 689 2549; x_wconf 91' lang='lat' dir='ltr'>malit</span> <span class='ocrx_word' id='word_1_350' title='bbox 711 2483 897 2550; x_wconf 90' lang='lat' dir='ltr'>Potentiam</span> <span class='ocrx_word' id='word_1_351' title='bbox 927 2493 1064 2549; x_wconf 89' lang='lat' dir='ltr'>vertere.</span> <span class='ocrx_word' id='word_1_352' title='bbox 1109 2482 1213 2563; x_wconf 78' lang='lat' dir='ltr'>Quid·</span> <span class='ocrx_word' id='word_1_353' title='bbox 1268 2504 1339 2549; x_wconf 88' lang='lat' dir='ltr'>cam</span> <span class='ocrx_word' id='word_1_354' title='bbox 1362 2495 1395 2549; x_wconf 94' lang='lat' dir='ltr'>et</span> <span class='ocrx_word' id='word_1_355' title='bbox 1416 2485 1513 2568; x_wconf 91' lang='lat' dir='ltr'>plane</span> <span class='ocrx_word' id='word_1_356' title='bbox 1542 2486 1713 2551; x_wconf 90' lang='lat' dir='ltr'>coelestem</span> <span class='ocrx_word' id='word_1_357' title='bbox 1742 2483 1802 2549; x_wconf 90' lang='lat' dir='ltr'>sibi</span> <span class='ocrx_word' id='word_1_358' title='bbox 1832 2483 2055 2550; x_wconf 89' lang='lat' dir='ltr'>liberationem</span> <span class='ocrx_word' id='word_1_359' title='bbox 2085 2484 2234 2567; x_wconf 91' lang='lat' dir='ltr'>promisit</span> 
     </span>
     <span class='ocr_line' id='line_1_26' title="bbox 247 2568 2233 2658; baseline -0.003 -19"><span class='ocrx_word' id='word_1_360' title='bbox 247 2573 325 2658; x_wconf 91' lang='grc'>5515</span> <span class='ocrx_word' id='word_1_361' title='bbox 347 2573 398 2653; x_wconf 84' lang='grc'>515,</span> <span class='ocrx_word' id='word_1_362' title='bbox 418 2570 561 2637; x_wconf 83' lang='lat' dir='ltr'>affirmat</span> <span class='ocrx_word' id='word_1_363' title='bbox 581 2569 690 2634; x_wconf 93' lang='lat' dir='ltr'>David</span> <span class='ocrx_word' id='word_1_364' title='bbox 714 2569 776 2634; x_wconf 91' lang='lat' dir='ltr'>sibi</span> <span class='ocrx_word' id='word_1_365' title='bbox 799 2569 868 2634; x_wconf 84' lang='lat' dir='ltr'>lore</span> <span class='ocrx_word' id='word_1_366' title='bbox 890 2570 924 2633; x_wconf 91' lang='lat' dir='ltr'>in</span> <span class='ocrx_word' id='word_1_367' title='bbox 950 2570 1020 2635; x_wconf 89' lang='grc'>1155</span> <span class='ocrx_word' id='word_1_368' title='bbox 1042 2568 1214 2652; x_wconf 79' lang='lat' dir='ltr'>refugium,</span> <span class='ocrx_word' id='word_1_369' title='bbox 1268 2570 1394 2648; x_wconf 90' lang='lat' dir='ltr'>David,</span> <span class='ocrx_word' id='word_1_370' title='bbox 1421 2572 1468 2634; x_wconf 91' lang='lat' dir='ltr'>ita</span> <span class='ocrx_word' id='word_1_371' title='bbox 1490 2590 1577 2635; x_wconf 92' lang='lat' dir='ltr'>nunc</span> <span class='ocrx_word' id='word_1_372' title='bbox 1604 2592 1640 2635; x_wconf 90' lang='lat' dir='ltr'>se</span> <span class='ocrx_word' id='word_1_373' title='bbox 1669 2591 1740 2634; x_wconf 92' lang='lat' dir='ltr'>cam</span> <span class='ocrx_word' id='word_1_374' title='bbox 1770 2590 1903 2651; x_wconf 90' lang='lat' dir='ltr'>sperare</span> <span class='ocrx_word' id='word_1_375' title='bbox 1930 2569 2007 2635; x_wconf 89' lang='grc'>51515</span> <span class='ocrx_word' id='word_1_376' title='bbox 2037 2571 2142 2636; x_wconf 90' lang='grc'>51151</span> <span class='ocrx_word' id='word_1_377' title='bbox 2174 2569 2233 2634; x_wconf 90' lang='lat' dir='ltr'>cle-</span> 
     </span>
     <span class='ocr_line' id='line_1_27' title="bbox 248 2652 2233 2739; baseline -0.004 -12"><span class='ocrx_word' id='word_1_378' title='bbox 248 2670 280 2727; x_wconf 88' lang='lat' dir='ltr'>et</span> <span class='ocrx_word' id='word_1_379' title='bbox 309 2659 377 2724; x_wconf 87' lang='lat' dir='ltr'>alas</span> <span class='ocrx_word' id='word_1_380' title='bbox 406 2659 478 2722; x_wconf 91' lang='lat' dir='ltr'>eius</span> <span class='ocrx_word' id='word_1_381' title='bbox 506 2656 568 2720; x_wconf 89' lang='lat' dir='ltr'>sibi</span> <span class='ocrx_word' id='word_1_382' title='bbox 598 2656 668 2719; x_wconf 83' lang='lat' dir='ltr'>fore</span> <span class='ocrx_word' id='word_1_383' title='bbox 697 2654 768 2720; x_wconf 93' lang='lat' dir='ltr'>loco</span> <span class='ocrx_word' id='word_1_384' title='bbox 797 2652 1015 2737; x_wconf 82' lang='lat' dir='ltr'>integumenti</span> <span class='ocrx_word' id='word_1_385' title='bbox 1048 2674 1214 2736; x_wconf 89' lang='lat' dir='ltr'>quousque</span> <span class='ocrx_word' id='word_1_386' title='bbox 1267 2656 1389 2720; x_wconf 90' lang='lat' dir='ltr'>mentia</span> <span class='ocrx_word' id='word_1_387' title='bbox 1411 2666 1445 2720; x_wconf 91' lang='lat' dir='ltr'>et</span> <span class='ocrx_word' id='word_1_388' title='bbox 1467 2654 1547 2719; x_wconf 87' lang='lat' dir='ltr'>fide:</span> <span class='ocrx_word' id='word_1_389' title='bbox 1581 2676 1699 2738; x_wconf 88' lang='lat' dir='ltr'>easque</span> <span class='ocrx_word' id='word_1_390' title='bbox 1727 2655 1843 2719; x_wconf 92' lang='lat' dir='ltr'>statuit</span> <span class='ocrx_word' id='word_1_391' title='bbox 1872 2665 2026 2739; x_wconf 89' lang='lat' dir='ltr'>tanquam</span> <span class='ocrx_word' id='word_1_392' title='bbox 2057 2654 2233 2721; x_wconf 88' lang='lat' dir='ltr'>auxiliares</span> 
     </span>
     <span class='ocr_line' id='line_1_28' title="bbox 248 2738 1488 2822; baseline -0.003 -12"><span class='ocrx_word' id='word_1_393' title='bbox 248 2743 439 2811; x_wconf 89' lang='lat' dir='ltr'>transierint</span> <span class='ocrx_word' id='word_1_394' title='bbox 460 2761 573 2805; x_wconf 87' lang='lat' dir='ltr'>omnes</span> <span class='ocrx_word' id='word_1_395' title='bbox 601 2740 816 2805; x_wconf 88' lang='lat' dir='ltr'>afflictionum</span> <span class='ocrx_word' id='word_1_396' title='bbox 846 2738 1014 2822; x_wconf 89' lang='lat' dir='ltr'>procellae.</span> <span class='ocrx_word' id='word_1_397' title='bbox 1060 2739 1104 2802; x_wconf 80' lang='lat' dir='ltr'>Et</span> <span class='ocrx_word' id='word_1_398' title='bbox 1127 2749 1214 2804; x_wconf 87' lang='lat' dir='ltr'>certe</span> <span class='ocrx_word' id='word_1_399' title='bbox 1269 2741 1338 2807; x_wconf 88' lang='lat' dir='ltr'>eius</span> <span class='ocrx_word' id='word_1_400' title='bbox 1360 2761 1488 2806; x_wconf 89' lang='lat' dir='ltr'>manus.</span> 
     </span>
    </p>

    <p class='ocr_par' dir='ltr' id='par_1_3' title="bbox 249 2822 1215 2915">
     <span class='ocr_line' id='line_1_29' title="bbox 249 2822 1215 2915; baseline -0.007 -21"><span class='ocrx_word' id='word_1_401' title='bbox 249 2829 398 2915; x_wconf 89' lang='lat' dir='ltr'>quamvis</span> <span class='ocrx_word' id='word_1_402' title='bbox 418 2825 585 2890; x_wconf 87' lang='lat' dir='ltr'>interdum</span> <span class='ocrx_word' id='word_1_403' title='bbox 610 2826 701 2891; x_wconf 89' lang='lat' dir='ltr'>uobis</span> <span class='ocrx_word' id='word_1_404' title='bbox 719 2845 835 2890; x_wconf 85' lang='lat' dir='ltr'>screno</span> <span class='ocrx_word' id='word_1_405' title='bbox 857 2833 891 2889; x_wconf 93' lang='lat' dir='ltr'>et</span> <span class='ocrx_word' id='word_1_406' title='bbox 920 2824 1095 2907; x_wconf 90' lang='lat' dir='ltr'>tranquillo</span> <span class='ocrx_word' id='word_1_407' title='bbox 1126 2822 1215 2889; x_wconf 89' lang='lat' dir='ltr'>coelo</span> 
     </span>
    </p>

    <p class='ocr_par' dir='ltr' id='par_1_4' title="bbox 248 2906 2233 3508">
     <span class='ocr_line' id='line_1_30' title="bbox 249 2906 2233 2998; baseline -0.002 -18"><span class='ocrx_word' id='word_1_408' title='bbox 249 2913 388 2998; x_wconf 88' lang='lat' dir='ltr'>apricari</span> <span class='ocrx_word' id='word_1_409' title='bbox 409 2911 519 2978; x_wconf 89' lang='lat' dir='ltr'>liceat:</span> <span class='ocrx_word' id='word_1_410' title='bbox 543 2912 620 2994; x_wconf 92' lang='lat' dir='ltr'>quia</span> <span class='ocrx_word' id='word_1_411' title='bbox 638 2920 746 2975; x_wconf 89' lang='lat' dir='ltr'>tamen</span> <span class='ocrx_word' id='word_1_412' title='bbox 770 2910 886 2976; x_wconf 89' lang='lat' dir='ltr'>subitis</span> <span class='ocrx_word' id='word_1_413' title='bbox 904 2910 1054 2993; x_wconf 88' lang='lat' dir='ltr'>procellis</span> <span class='ocrx_word' id='word_1_414' title='bbox 1072 2906 1215 2993; x_wconf 90' lang='lat' dir='ltr'>quotidie</span> <span class='ocrx_word' id='word_1_415' title='bbox 1353 2913 1383 2978; x_wconf 84' lang='lat' dir='ltr'>b.</span> <span class='ocrx_word' id='word_1_416' title='bbox 1407 2912 1529 2976; x_wconf 82' lang='lat' dir='ltr'>Animo</span> <span class='ocrx_word' id='word_1_417' title='bbox 1550 2932 1620 2976; x_wconf 81' lang='lat' dir='ltr'>msa</span> <span class='ocrx_word' id='word_1_418' title='bbox 1641 2914 1677 2978; x_wconf 83' lang='grc'>15</span> <span class='ocrx_word' id='word_1_419' title='bbox 1698 2914 1798 2978; x_wconf 76' lang='lat' dir='ltr'>medio</span> <span class='ocrx_word' id='word_1_420' title='bbox 1817 2914 1953 2992; x_wconf 78' lang='lat' dir='ltr'>leonum,</span> <span class='ocrx_word' id='word_1_421' title='bbox 1976 2913 2060 2977; x_wconf 80' lang='lat' dir='ltr'>iaceo</span> <span class='ocrx_word' id='word_1_422' title='bbox 2081 2914 2233 2979; x_wconf 72' lang='grc'>1555555-</span> 
     </span>
     <span class='ocr_line' id='line_1_31' title="bbox 248 2996 2233 3081; baseline -0.001 -15"><span class='ocrx_word' id='word_1_423' title='bbox 248 2999 389 3066; x_wconf 91' lang='lat' dir='ltr'>obnoxia</span> <span class='ocrx_word' id='word_1_424' title='bbox 401 3009 451 3064; x_wconf 90' lang='lat' dir='ltr'>est</span> <span class='ocrx_word' id='word_1_425' title='bbox 464 2997 631 3077; x_wconf 88' lang='lat' dir='ltr'>haecvita,</span> <span class='ocrx_word' id='word_1_426' title='bbox 644 3018 718 3080; x_wconf 90' lang='lat' dir='ltr'>spes</span> <span class='ocrx_word' id='word_1_427' title='bbox 726 3007 854 3061; x_wconf 90' lang='lat' dir='ltr'>nostras</span> <span class='ocrx_word' id='word_1_428' title='bbox 862 2997 897 3060; x_wconf 93' lang='lat' dir='ltr'>in</span> <span class='ocrx_word' id='word_1_429' title='bbox 907 2997 1014 3062; x_wconf 89' lang='lat' dir='ltr'>Deum</span> <span class='ocrx_word' id='word_1_430' title='bbox 1022 2996 1214 3061; x_wconf 76' lang='lat' dir='ltr'>contrahere</span> <span class='ocrx_word' id='word_1_431' title='bbox 1266 3001 1386 3077; x_wconf 71' lang='grc'>555155,</span> <span class='ocrx_word' id='word_1_432' title='bbox 1419 3000 1499 3062; x_wconf 80' lang='lat' dir='ltr'>inter</span> <span class='ocrx_word' id='word_1_433' title='bbox 1526 2999 1612 3078; x_wconf 74' lang='grc'>51155</span> <span class='ocrx_word' id='word_1_434' title='bbox 1643 2998 1817 3064; x_wconf 80' lang='lat' dir='ltr'>bominum:</span> <span class='ocrx_word' id='word_1_435' title='bbox 1853 2998 1966 3081; x_wconf 80' lang='grc'>551555</span> <span class='ocrx_word' id='word_1_436' title='bbox 1995 2999 2100 3064; x_wconf 81' lang='grc'>555155</span> <span class='ocrx_word' id='word_1_437' title='bbox 2130 2998 2233 3064; x_wconf 81' lang='lat' dir='ltr'>lancea</span> 
     </span>
     <span class='ocr_line' id='line_1_32' title="bbox 248 3080 2232 3169; baseline -0.003 -16"><span class='ocrx_word' id='word_1_438' title='bbox 248 3085 409 3162; x_wconf 90' lang='lat' dir='ltr'>convenit,</span> <span class='ocrx_word' id='word_1_439' title='bbox 433 3095 469 3148; x_wconf 94' lang='lat' dir='ltr'>ut</span> <span class='ocrx_word' id='word_1_440' title='bbox 490 3104 548 3147; x_wconf 92' lang='lat' dir='ltr'>nos</span> <span class='ocrx_word' id='word_1_441' title='bbox 571 3083 719 3164; x_wconf 89' lang='lat' dir='ltr'>operiant</span> <span class='ocrx_word' id='word_1_442' title='bbox 748 3082 818 3145; x_wconf 90' lang='lat' dir='ltr'>alae</span> <span class='ocrx_word' id='word_1_443' title='bbox 851 3082 929 3148; x_wconf 90' lang='lat' dir='ltr'>eius.</span> <span class='ocrx_word' id='word_1_444' title='bbox 974 3080 1054 3164; x_wconf 80' lang='lat' dir='ltr'>Spei</span> <span class='ocrx_word' id='word_1_445' title='bbox 1083 3082 1214 3145; x_wconf 90' lang='lat' dir='ltr'>invoca·</span> <span class='ocrx_word' id='word_1_446' title='bbox 1266 3090 1341 3150; x_wconf 83' lang='lat' dir='ltr'>sant</span> <span class='ocrx_word' id='word_1_447' title='bbox 1369 3104 1407 3149; x_wconf 86' lang='lat' dir='ltr'>oo</span> <span class='ocrx_word' id='word_1_448' title='bbox 1438 3085 1585 3167; x_wconf 80' lang='grc'>55515155,</span> <span class='ocrx_word' id='word_1_449' title='bbox 1617 3089 1647 3148; x_wconf 83' lang='lat' dir='ltr'>ct</span> <span class='ocrx_word' id='word_1_450' title='bbox 1678 3084 1791 3168; x_wconf 79' lang='grc'>115555</span> <span class='ocrx_word' id='word_1_451' title='bbox 1822 3105 1926 3151; x_wconf 82' lang='lat' dir='ltr'>eoram</span> <span class='ocrx_word' id='word_1_452' title='bbox 1954 3083 2082 3169; x_wconf 77' lang='grc'>5155155</span> <span class='ocrx_word' id='word_1_453' title='bbox 2115 3089 2232 3149; x_wconf 80' lang='lat' dir='ltr'>acutas.</span> 
     </span>
     <span class='ocr_line' id='line_1_33' title="bbox 249 3167 2233 3253; baseline -0.001 -17"><span class='ocrx_word' id='word_1_454' title='bbox 249 3173 370 3237; x_wconf 91' lang='lat' dir='ltr'>tionem</span> <span class='ocrx_word' id='word_1_455' title='bbox 393 3169 535 3235; x_wconf 90' lang='lat' dir='ltr'>subiicit:</span> <span class='ocrx_word' id='word_1_456' title='bbox 559 3168 635 3250; x_wconf 91' lang='lat' dir='ltr'>quia</span> <span class='ocrx_word' id='word_1_457' title='bbox 649 3167 720 3234; x_wconf 84' lang='lat' dir='ltr'>fieri</span> <span class='ocrx_word' id='word_1_458' title='bbox 739 3187 804 3232; x_wconf 90' lang='lat' dir='ltr'>uon</span> <span class='ocrx_word' id='word_1_459' title='bbox 827 3175 933 3250; x_wconf 89' lang='lat' dir='ltr'>potest</span> <span class='ocrx_word' id='word_1_460' title='bbox 954 3180 992 3231; x_wconf 92' lang='lat' dir='ltr'>ut</span> <span class='ocrx_word' id='word_1_461' title='bbox 1014 3187 1080 3231; x_wconf 91' lang='lat' dir='ltr'>nou</span> <span class='ocrx_word' id='word_1_462' title='bbox 1104 3187 1215 3251; x_wconf 86' lang='lat' dir='ltr'>preces</span> <span class='ocrx_word' id='word_1_463' title='bbox 1267 3173 1297 3237; x_wconf 89' lang='grc'>6.</span> <span class='ocrx_word' id='word_1_464' title='bbox 1321 3168 1475 3235; x_wconf 63' lang='grc'>11555555</span> <span class='ocrx_word' id='word_1_465' title='bbox 1496 3190 1592 3253; x_wconf 81' lang='lat' dir='ltr'>saper</span> <span class='ocrx_word' id='word_1_466' title='bbox 1612 3170 1712 3235; x_wconf 82' lang='lat' dir='ltr'>coelos</span> <span class='ocrx_word' id='word_1_467' title='bbox 1732 3169 1840 3236; x_wconf 72' lang='lat' dir='ltr'>Deras:</span> <span class='ocrx_word' id='word_1_468' title='bbox 1865 3190 1961 3252; x_wconf 77' lang='lat' dir='ltr'>super</span> <span class='ocrx_word' id='word_1_469' title='bbox 1980 3188 2100 3235; x_wconf 80' lang='grc'>555555</span> <span class='ocrx_word' id='word_1_470' title='bbox 2121 3175 2233 3235; x_wconf 66' lang='lat' dir='ltr'>utram</span> 
     </span>
     <span class='ocr_line' id='line_1_34' title="bbox 249 3252 2232 3341; baseline -0.003 -17"><span class='ocrx_word' id='word_1_471' title='bbox 249 3278 325 3324; x_wconf 90' lang='lat' dir='ltr'>suas</span> <span class='ocrx_word' id='word_1_472' title='bbox 341 3254 383 3320; x_wconf 89' lang='lat' dir='ltr'>ad</span> <span class='ocrx_word' id='word_1_473' title='bbox 406 3256 513 3320; x_wconf 91' lang='lat' dir='ltr'>Deum</span> <span class='ocrx_word' id='word_1_474' title='bbox 536 3253 681 3337; x_wconf 85' lang='lat' dir='ltr'>dirigant</span> <span class='ocrx_word' id='word_1_475' title='bbox 703 3255 756 3336; x_wconf 89' lang='lat' dir='ltr'>qui</span> <span class='ocrx_word' id='word_1_476' title='bbox 778 3253 813 3317; x_wconf 91' lang='lat' dir='ltr'>in</span> <span class='ocrx_word' id='word_1_477' title='bbox 835 3274 909 3318; x_wconf 92' lang='lat' dir='ltr'>eum</span> <span class='ocrx_word' id='word_1_478' title='bbox 932 3252 1107 3331; x_wconf 88' lang='lat' dir='ltr'>confidunt,</span> <span class='ocrx_word' id='word_1_479' title='bbox 1130 3253 1214 3317; x_wconf 84' lang='lat' dir='ltr'>ideo-</span> <span class='ocrx_word' id='word_1_480' title='bbox 1265 3257 1369 3341; x_wconf 73' lang='lat' dir='ltr'>pierio</span> <span class='ocrx_word' id='word_1_481' title='bbox 1389 3260 1452 3321; x_wconf 82' lang='lat' dir='ltr'>tao.</span> <span class='ocrx_word' id='word_1_482' title='bbox 1497 3254 1628 3322; x_wconf 75' lang='grc'>’511515</span> <span class='ocrx_word' id='word_1_483' title='bbox 1651 3261 1847 3337; x_wconf 72' lang='lat' dir='ltr'>perecount</span> <span class='ocrx_word' id='word_1_484' title='bbox 1874 3254 2034 3339; x_wconf 76' lang='lat' dir='ltr'>praesidas</span> <span class='ocrx_word' id='word_1_485' title='bbox 2061 3255 2156 3320; x_wconf 81' lang='grc'>55515.-</span> <span class='ocrx_word' id='word_1_486' title='bbox 2188 3257 2232 3319; x_wconf 81' lang='lat' dir='ltr'>ia·</span> 
     </span>
     <span class='ocr_line' id='line_1_35' title="bbox 248 3336 2230 3427; baseline -0.003 -21"><span class='ocrx_word' id='word_1_487' title='bbox 248 3365 311 3427; x_wconf 91' lang='lat' dir='ltr'>que</span> <span class='ocrx_word' id='word_1_488' title='bbox 332 3362 423 3424; x_wconf 92' lang='lat' dir='ltr'>spem</span> <span class='ocrx_word' id='word_1_489' title='bbox 446 3361 539 3405; x_wconf 88' lang='lat' dir='ltr'>suam</span> <span class='ocrx_word' id='word_1_490' title='bbox 568 3338 609 3403; x_wconf 91' lang='lat' dir='ltr'>ab</span> <span class='ocrx_word' id='word_1_491' title='bbox 637 3339 754 3404; x_wconf 85' lang='lat' dir='ltr'>effectu</span> <span class='ocrx_word' id='word_1_492' title='bbox 778 3340 895 3421; x_wconf 91' lang='lat' dir='ltr'>probat</span> <span class='ocrx_word' id='word_1_493' title='bbox 916 3338 1040 3418; x_wconf 88' lang='lat' dir='ltr'>David,</span> <span class='ocrx_word' id='word_1_494' title='bbox 1069 3339 1145 3421; x_wconf 88' lang='lat' dir='ltr'>quia</span> <span class='ocrx_word' id='word_1_495' title='bbox 1174 3336 1214 3402; x_wconf 92' lang='lat' dir='ltr'>ad</span> <span class='ocrx_word' id='word_1_496' title='bbox 1266 3346 1395 3409; x_wconf 77' lang='lat' dir='ltr'>carecta</span> <span class='ocrx_word' id='word_1_497' title='bbox 1417 3345 1462 3406; x_wconf 80' lang='lat' dir='ltr'>eat</span> <span class='ocrx_word' id='word_1_498' title='bbox 1482 3342 1592 3408; x_wconf 80' lang='lat' dir='ltr'>anima</span> <span class='ocrx_word' id='word_1_499' title='bbox 1612 3362 1696 3407; x_wconf 81' lang='lat' dir='ltr'>mea.-</span> <span class='ocrx_word' id='word_1_500' title='bbox 1725 3342 1870 3423; x_wconf 75' lang='lat' dir='ltr'>sederant</span> <span class='ocrx_word' id='word_1_501' title='bbox 1890 3360 1995 3407; x_wconf 81' lang='lat' dir='ltr'>eoram</span> <span class='ocrx_word' id='word_1_502' title='bbox 2025 3361 2075 3405; x_wconf 81' lang='lat' dir='ltr'>me</span> <span class='ocrx_word' id='word_1_503' title='bbox 2101 3341 2230 3423; x_wconf 77' lang='lat' dir='ltr'>foueam,</span> 
     </span>
     <span class='ocr_line' id='line_1_36' title="bbox 248 3423 1738 3508; baseline -0.002 -15"><span class='ocrx_word' id='word_1_504' title='bbox 248 3431 357 3493; x_wconf 93' lang='lat' dir='ltr'>Deum</span> <span class='ocrx_word' id='word_1_505' title='bbox 380 3427 415 3488; x_wconf 91' lang='lat' dir='ltr'>in</span> <span class='ocrx_word' id='word_1_506' title='bbox 437 3425 631 3490; x_wconf 88' lang='lat' dir='ltr'>necessitate</span> <span class='ocrx_word' id='word_1_507' title='bbox 652 3423 826 3508; x_wconf 85' lang='lat' dir='ltr'>confugiet.</span> <span class='ocrx_word' id='word_1_508' title='bbox 860 3425 969 3490; x_wconf 92' lang='lat' dir='ltr'>Deum</span> <span class='ocrx_word' id='word_1_509' title='bbox 990 3435 1100 3489; x_wconf 91' lang='lat' dir='ltr'>autem</span> <span class='ocrx_word' id='word_1_510' title='bbox 1119 3432 1216 3488; x_wconf 91' lang='lat' dir='ltr'>ornat</span> <span class='ocrx_word' id='word_1_511' title='bbox 1267 3429 1438 3495; x_wconf 72' lang='grc'>5555555555</span> <span class='ocrx_word' id='word_1_512' title='bbox 1455 3428 1491 3492; x_wconf 80' lang='lat' dir='ltr'>in</span> <span class='ocrx_word' id='word_1_513' title='bbox 1512 3448 1589 3493; x_wconf 77' lang='lat' dir='ltr'>caera</span> <span class='ocrx_word' id='word_1_514' title='bbox 1636 3427 1738 3494; x_wconf 79' lang='lat' dir='ltr'>Salat.</span> 
     </span>
    </p>

    <p class='ocr_par' dir='ltr' id='par_1_5' title="bbox 250 3509 1215 3595">
     <span class='ocr_line' id='line_1_37' title="bbox 250 3509 1215 3595; baseline -0.004 -17"><span class='ocrx_word' id='word_1_515' title='bbox 250 3513 372 3595; x_wconf 88' lang='lat' dir='ltr'>insigni</span> <span class='ocrx_word' id='word_1_516' title='bbox 391 3509 543 3593; x_wconf 89' lang='lat' dir='ltr'>epitheto,</span> <span class='ocrx_word' id='word_1_517' title='bbox 560 3530 679 3592; x_wconf 89' lang='lat' dir='ltr'>nempe</span> <span class='ocrx_word' id='word_1_518' title='bbox 697 3509 781 3592; x_wconf 89' lang='lat' dir='ltr'>quod</span> <span class='ocrx_word' id='word_1_519' title='bbox 798 3530 876 3594; x_wconf 90' lang='lat' dir='ltr'>erga</span> <span class='ocrx_word' id='word_1_520' title='bbox 894 3530 929 3574; x_wconf 92' lang='lat' dir='ltr'>se</span> <span class='ocrx_word' id='word_1_521' title='bbox 946 3510 1108 3592; x_wconf 92' lang='lat' dir='ltr'>compleat</span> <span class='ocrx_word' id='word_1_522' title='bbox 1118 3529 1215 3591; x_wconf 92' lang='lat' dir='ltr'>quae·</span> 
     </span>
    </p>

    <p class='ocr_par' dir='ltr' id='par_1_6' title="bbox 250 3593 2302 5296">
     <span class='ocr_line' id='line_1_38' title="bbox 251 3593 2233 3684; baseline 0 -21"><span class='ocrx_word' id='word_1_523' title='bbox 251 3615 379 3679; x_wconf 88' lang='lat' dir='ltr'>cunque</span> <span class='ocrx_word' id='word_1_524' title='bbox 412 3605 461 3660; x_wconf 88' lang='lat' dir='ltr'>est</span> <span class='ocrx_word' id='word_1_525' title='bbox 493 3593 673 3678; x_wconf 84' lang='lat' dir='ltr'>pollicitus:</span> <span class='ocrx_word' id='word_1_526' title='bbox 709 3594 763 3661; x_wconf 91' lang='lat' dir='ltr'>vel</span> <span class='ocrx_word' id='word_1_527' title='bbox 795 3595 880 3678; x_wconf 91' lang='lat' dir='ltr'>quod</span> <span class='ocrx_word' id='word_1_528' title='bbox 913 3593 953 3660; x_wconf 91' lang='lat' dir='ltr'>ad</span> <span class='ocrx_word' id='word_1_529' title='bbox 982 3596 1081 3660; x_wconf 86' lang='lat' dir='ltr'>finam</span> <span class='ocrx_word' id='word_1_530' title='bbox 1114 3615 1216 3677; x_wconf 92' lang='lat' dir='ltr'>usque</span> <span class='ocrx_word' id='word_1_531' title='bbox 1353 3599 1383 3664; x_wconf 88' lang='lat'>5.</span> <span class='ocrx_word' id='word_1_532' title='bbox 1405 3596 1540 3683; x_wconf 78' lang='lat' dir='ltr'>(Animo</span> <span class='ocrx_word' id='word_1_533' title='bbox 1560 3598 1652 3684; x_wconf 78' lang='lat' dir='ltr'>orca.)</span> <span class='ocrx_word' id='word_1_534' title='bbox 1685 3599 1851 3665; x_wconf 86' lang='lat' dir='ltr'>Describit</span> <span class='ocrx_word' id='word_1_535' title='bbox 1873 3621 1986 3665; x_wconf 91' lang='lat' dir='ltr'>rursus</span> <span class='ocrx_word' id='word_1_536' title='bbox 1998 3598 2152 3663; x_wconf 87' lang='lat' dir='ltr'>hostium</span> <span class='ocrx_word' id='word_1_537' title='bbox 2162 3619 2233 3663; x_wconf 90' lang='lat' dir='ltr'>suo·</span> 
     </span>
     <span class='ocr_line' id='line_1_39' title="bbox 252 3679 2234 3768; baseline 0 -20"><span class='ocrx_word' id='word_1_538' title='bbox 252 3681 428 3766; x_wconf 89' lang='lat' dir='ltr'>perducere</span> <span class='ocrx_word' id='word_1_539' title='bbox 459 3679 538 3745; x_wconf 91' lang='lat' dir='ltr'>velit</span> <span class='ocrx_word' id='word_1_540' title='bbox 565 3679 650 3762; x_wconf 91' lang='lat' dir='ltr'>quod</span> <span class='ocrx_word' id='word_1_541' title='bbox 678 3679 800 3762; x_wconf 89' lang='lat' dir='ltr'>incepit</span> <span class='ocrx_word' id='word_1_542' title='bbox 828 3700 919 3763; x_wconf 92' lang='lat' dir='ltr'>opus.</span> <span class='ocrx_word' id='word_1_543' title='bbox 974 3679 1098 3746; x_wconf 80' lang='lat' dir='ltr'>Eodem</span> <span class='ocrx_word' id='word_1_544' title='bbox 1127 3679 1215 3745; x_wconf 91' lang='lat' dir='ltr'>enim</span> <span class='ocrx_word' id='word_1_545' title='bbox 1268 3706 1342 3748; x_wconf 90' lang='lat' dir='ltr'>rum</span> <span class='ocrx_word' id='word_1_546' title='bbox 1365 3684 1551 3749; x_wconf 86' lang='lat' dir='ltr'>saevitiam:</span> <span class='ocrx_word' id='word_1_547' title='bbox 1573 3705 1637 3766; x_wconf 92' lang='lat' dir='ltr'>quo</span> <span class='ocrx_word' id='word_1_548' title='bbox 1656 3686 1764 3750; x_wconf 91' lang='lat' dir='ltr'>Deum</span> <span class='ocrx_word' id='word_1_549' title='bbox 1782 3685 1880 3750; x_wconf 90' lang='lat' dir='ltr'>citius</span> <span class='ocrx_word' id='word_1_550' title='bbox 1896 3685 1937 3748; x_wconf 92' lang='grc'>55</span> <span class='ocrx_word' id='word_1_551' title='bbox 1955 3705 2050 3768; x_wconf 92' lang='lat' dir='ltr'>opem</span> <span class='ocrx_word' id='word_1_552' title='bbox 2068 3683 2234 3749; x_wconf 87' lang='lat' dir='ltr'>ferendam</span> 
     </span>
     <span class='ocr_line' id='line_1_40' title="bbox 250 3766 2234 3853; baseline 0 -20"><span class='ocrx_word' id='word_1_553' title='bbox 250 3788 349 3833; x_wconf 86' lang='lat' dir='ltr'>seusu</span> <span class='ocrx_word' id='word_1_554' title='bbox 381 3766 435 3832; x_wconf 88' lang='lat' dir='ltr'>hic</span> <span class='ocrx_word' id='word_1_555' title='bbox 467 3766 610 3849; x_wconf 87' lang='lat' dir='ltr'>positum</span> <span class='ocrx_word' id='word_1_556' title='bbox 643 3786 714 3832; x_wconf 86' lang='lat' dir='ltr'>esse</span> <span class='ocrx_word' id='word_1_557' title='bbox 745 3766 943 3849; x_wconf 87' lang='lat' dir='ltr'>interpretor</span> <span class='ocrx_word' id='word_1_558' title='bbox 964 3766 1102 3832; x_wconf 91' lang='lat' dir='ltr'>verbum</span> <span class='ocrx_word' id='word_1_559' title='bbox 1129 3778 1215 3848; x_wconf 63' lang='grc' dir='ltr'>Ἶω,</span> <span class='ocrx_word' id='word_1_560' title='bbox 1269 3770 1414 3835; x_wconf 87' lang='grc'>15511555.</span> <span class='ocrx_word' id='word_1_561' title='bbox 1447 3769 1595 3833; x_wconf 90' lang='lat' dir='ltr'>Primum</span> <span class='ocrx_word' id='word_1_562' title='bbox 1617 3783 1785 3853; x_wconf 90' lang='lat' dir='ltr'>comparat</span> <span class='ocrx_word' id='word_1_563' title='bbox 1805 3771 1970 3837; x_wconf 88' lang='lat' dir='ltr'>leonibus:</span> <span class='ocrx_word' id='word_1_564' title='bbox 1991 3769 2108 3834; x_wconf 92' lang='lat' dir='ltr'>deiude</span> <span class='ocrx_word' id='word_1_565' title='bbox 2126 3770 2234 3835; x_wconf 89' lang='lat' dir='ltr'>furore</span> 
     </span>
     <span class='ocr_line' id='line_1_41' title="bbox 251 3850 2234 3939; baseline 0 -22"><span class='ocrx_word' id='word_1_566' title='bbox 251 3873 315 3936; x_wconf 92' lang='lat' dir='ltr'>quo</span> <span class='ocrx_word' id='word_1_567' title='bbox 343 3852 463 3935; x_wconf 91' lang='lat' dir='ltr'>legitur</span> <span class='ocrx_word' id='word_1_568' title='bbox 492 3850 624 3916; x_wconf 84' lang='lat' dir='ltr'>Psalmo</span> <span class='ocrx_word' id='word_1_569' title='bbox 652 3850 771 3929; x_wconf 75' lang='lat' dir='ltr'>138,ss</span> <span class='ocrx_word' id='word_1_570' title='bbox 800 3853 876 3934; x_wconf 92' lang='lat' dir='ltr'>quia</span> <span class='ocrx_word' id='word_1_571' title='bbox 903 3851 1017 3916; x_wconf 88' lang='lat' dir='ltr'>eadem</span> <span class='ocrx_word' id='word_1_572' title='bbox 1045 3851 1216 3935; x_wconf 92' lang='lat' dir='ltr'>utrobique</span> <span class='ocrx_word' id='word_1_573' title='bbox 1269 3855 1384 3922; x_wconf 87' lang='lat' dir='ltr'>ardere</span> <span class='ocrx_word' id='word_1_574' title='bbox 1407 3855 1485 3921; x_wconf 90' lang='lat' dir='ltr'>dicit</span> <span class='ocrx_word' id='word_1_575' title='bbox 1507 3855 1559 3918; x_wconf 88' lang='lat' dir='ltr'>vel</span> <span class='ocrx_word' id='word_1_576' title='bbox 1581 3855 1779 3939; x_wconf 91' lang='lat' dir='ltr'>implacabili</span> <span class='ocrx_word' id='word_1_577' title='bbox 1801 3857 1893 3935; x_wconf 89' lang='lat' dir='ltr'>odio,</span> <span class='ocrx_word' id='word_1_578' title='bbox 1922 3868 1954 3920; x_wconf 88' lang='lat' dir='ltr'>st</span> <span class='ocrx_word' id='word_1_579' title='bbox 1978 3854 2092 3921; x_wconf 92' lang='lat' dir='ltr'>dentes</span> <span class='ocrx_word' id='word_1_580' title='bbox 2124 3875 2234 3919; x_wconf 91' lang='lat' dir='ltr'>eorum</span> 
     </span>
     <span class='ocr_line' id='line_1_42' title="bbox 252 3935 2235 4026; baseline 0 -22"><span class='ocrx_word' id='word_1_581' title='bbox 252 3938 335 4004; x_wconf 91' lang='lat' dir='ltr'>ratio</span> <span class='ocrx_word' id='word_1_582' title='bbox 353 3945 412 4003; x_wconf 90' lang='grc'>555.</span> <span class='ocrx_word' id='word_1_583' title='bbox 447 3938 558 4019; x_wconf 84' lang='lat' dir='ltr'>Atque</span> <span class='ocrx_word' id='word_1_584' title='bbox 580 3937 642 4003; x_wconf 89' lang='lat' dir='ltr'>hoc</span> <span class='ocrx_word' id='word_1_585' title='bbox 664 3936 759 4002; x_wconf 88' lang='lat' dir='ltr'>nobis</span> <span class='ocrx_word' id='word_1_586' title='bbox 780 3957 950 4003; x_wconf 91' lang='lat' dir='ltr'>occurrere</span> <span class='ocrx_word' id='word_1_587' title='bbox 972 3935 1068 4003; x_wconf 88' lang='lat' dir='ltr'>debet</span> <span class='ocrx_word' id='word_1_588' title='bbox 1089 3935 1216 4021; x_wconf 25' lang='grc'>551151-</span> <span class='ocrx_word' id='word_1_589' title='bbox 1269 3940 1391 4006; x_wconf 88' lang='lat' dir='ltr'>similes</span> <span class='ocrx_word' id='word_1_590' title='bbox 1421 3962 1491 4006; x_wconf 89' lang='lat' dir='ltr'>esse</span> <span class='ocrx_word' id='word_1_591' title='bbox 1520 3939 1651 4005; x_wconf 89' lang='lat' dir='ltr'>lanceae</span> <span class='ocrx_word' id='word_1_592' title='bbox 1680 3953 1713 4006; x_wconf 90' lang='lat' dir='ltr'>et</span> <span class='ocrx_word' id='word_1_593' title='bbox 1742 3943 1880 4026; x_wconf 86' lang='lat' dir='ltr'>sagittis.</span> <span class='ocrx_word' id='word_1_594' title='bbox 1926 3941 2022 4022; x_wconf 78' lang='lat' dir='ltr'>Quod</span> <span class='ocrx_word' id='word_1_595' title='bbox 2053 3941 2093 4006; x_wconf 86' lang='lat' dir='ltr'>de</span> <span class='ocrx_word' id='word_1_596' title='bbox 2123 3940 2235 4023; x_wconf 88' lang='lat' dir='ltr'>lingua</span> 
     </span>
     <span class='ocr_line' id='line_1_43' title="bbox 251 4019 2233 4109; baseline 0.001 -19"><span class='ocrx_word' id='word_1_597' title='bbox 251 4022 398 4090; x_wconf 90' lang='lat' dir='ltr'>ciendam</span> <span class='ocrx_word' id='word_1_598' title='bbox 420 4019 489 4105; x_wconf 91' lang='lat' dir='ltr'>spei</span> <span class='ocrx_word' id='word_1_599' title='bbox 512 4031 644 4088; x_wconf 89' lang='lat' dir='ltr'>nostrae</span> <span class='ocrx_word' id='word_1_600' title='bbox 666 4023 959 4106; x_wconf 88' lang='lat' dir='ltr'>perseverantiam,</span> <span class='ocrx_word' id='word_1_601' title='bbox 993 4023 1117 4100; x_wconf 88' lang='lat' dir='ltr'>Deum,</span> <span class='ocrx_word' id='word_1_602' title='bbox 1140 4025 1215 4105; x_wconf 91' lang='lat' dir='ltr'>quia</span> <span class='ocrx_word' id='word_1_603' title='bbox 1268 4027 1408 4100; x_wconf 85' lang='lat' dir='ltr'>subiicit,</span> <span class='ocrx_word' id='word_1_604' title='bbox 1427 4036 1502 4107; x_wconf 88' lang='lat' dir='ltr'>apto</span> <span class='ocrx_word' id='word_1_605' title='bbox 1519 4025 1658 4109; x_wconf 88' lang='lat' dir='ltr'>intelligi</span> <span class='ocrx_word' id='word_1_606' title='bbox 1676 4039 1784 4109; x_wconf 87' lang='lat' dir='ltr'>potest</span> <span class='ocrx_word' id='word_1_607' title='bbox 1802 4029 1842 4092; x_wconf 94' lang='lat' dir='ltr'>de</span> <span class='ocrx_word' id='word_1_608' title='bbox 1860 4027 2033 4093; x_wconf 89' lang='lat' dir='ltr'>virulentis</span> <span class='ocrx_word' id='word_1_609' title='bbox 2050 4025 2233 4101; x_wconf 89' lang='lat' dir='ltr'>calumniis,</span> 
     </span>
     <span class='ocr_line' id='line_1_44' title="bbox 250 4107 2232 4196; baseline 0.001 -21"><span class='ocrx_word' id='word_1_610' title='bbox 250 4130 332 4192; x_wconf 88' lang='grc'>5555</span> <span class='ocrx_word' id='word_1_611' title='bbox 354 4127 506 4172; x_wconf 90' lang='lat' dir='ltr'>manuum</span> <span class='ocrx_word' id='word_1_612' title='bbox 529 4127 662 4172; x_wconf 87' lang='lat' dir='ltr'>suarum</span> <span class='ocrx_word' id='word_1_613' title='bbox 681 4129 746 4172; x_wconf 91' lang='lat' dir='ltr'>nou</span> <span class='ocrx_word' id='word_1_614' title='bbox 764 4107 892 4186; x_wconf 88' lang='lat' dir='ltr'>deserit,</span> <span class='ocrx_word' id='word_1_615' title='bbox 914 4108 1053 4174; x_wconf 91' lang='lat' dir='ltr'>salutem</span> <span class='ocrx_word' id='word_1_616' title='bbox 1072 4108 1215 4174; x_wconf 85' lang='lat' dir='ltr'>fidelium</span> <span class='ocrx_word' id='word_1_617' title='bbox 1268 4133 1352 4196; x_wconf 91' lang='grc'>5555</span> <span class='ocrx_word' id='word_1_618' title='bbox 1371 4112 1467 4175; x_wconf 88' lang='lat' dir='ltr'>altius</span> <span class='ocrx_word' id='word_1_619' title='bbox 1486 4123 1657 4191; x_wconf 89' lang='lat' dir='ltr'>penetrant</span> <span class='ocrx_word' id='word_1_620' title='bbox 1674 4110 1716 4176; x_wconf 92' lang='lat' dir='ltr'>ad</span> <span class='ocrx_word' id='word_1_621' title='bbox 1734 4113 1951 4179; x_wconf 90' lang='lat' dir='ltr'>vulnerandos</span> <span class='ocrx_word' id='word_1_622' title='bbox 1969 4113 2121 4178; x_wconf 90' lang='lat' dir='ltr'>innoxios</span> <span class='ocrx_word' id='word_1_623' title='bbox 2139 4132 2232 4195; x_wconf 88' lang='lat' dir='ltr'>qoam</span> 
     </span>
     <span class='ocr_line' id='line_1_45' title="bbox 250 4191 2234 4283; baseline 0.001 -23"><span class='ocrx_word' id='word_1_624' title='bbox 250 4193 397 4260; x_wconf 89' lang='lat' dir='ltr'>numeris</span> <span class='ocrx_word' id='word_1_625' title='bbox 418 4191 567 4257; x_wconf 92' lang='lat' dir='ltr'>omnibus</span> <span class='ocrx_word' id='word_1_626' title='bbox 589 4193 758 4276; x_wconf 87' lang='lat' dir='ltr'>complere,</span> <span class='ocrx_word' id='word_1_627' title='bbox 781 4203 813 4257; x_wconf 91' lang='lat' dir='ltr'>et</span> <span class='ocrx_word' id='word_1_628' title='bbox 834 4193 899 4259; x_wconf 91' lang='lat' dir='ltr'>illis</span> <span class='ocrx_word' id='word_1_629' title='bbox 920 4213 1047 4277; x_wconf 87' lang='lat' dir='ltr'>semper</span> <span class='ocrx_word' id='word_1_630' title='bbox 1067 4194 1135 4259; x_wconf 87' lang='lat' dir='ltr'>lore</span> <span class='ocrx_word' id='word_1_631' title='bbox 1158 4193 1217 4260; x_wconf 92' lang='lat' dir='ltr'>du·</span> <span class='ocrx_word' id='word_1_632' title='bbox 1270 4197 1328 4262; x_wconf 91' lang='lat' dir='ltr'>ulli</span> <span class='ocrx_word' id='word_1_633' title='bbox 1356 4195 1464 4281; x_wconf 89' lang='lat' dir='ltr'>gladii.</span> <span class='ocrx_word' id='word_1_634' title='bbox 1516 4195 1560 4259; x_wconf 83' lang='lat' dir='ltr'>Et</span> <span class='ocrx_word' id='word_1_635' title='bbox 1588 4198 1709 4263; x_wconf 90' lang='lat' dir='ltr'>scimus</span> <span class='ocrx_word' id='word_1_636' title='bbox 1736 4198 1858 4264; x_wconf 90' lang='lat' dir='ltr'>Davidi</span> <span class='ocrx_word' id='word_1_637' title='bbox 1894 4199 2103 4283; x_wconf 87' lang='lat' dir='ltr'>praecipuum</span> <span class='ocrx_word' id='word_1_638' title='bbox 2134 4198 2234 4263; x_wconf 82' lang='lat' dir='ltr'>fuisse</span> 
     </span>
     <span class='ocr_line' id='line_1_46' title="bbox 251 4277 2233 4367; baseline 0.001 -21"><span class='ocrx_word' id='word_1_639' title='bbox 251 4302 331 4359; x_wconf 89' lang='lat' dir='ltr'>cem,</span> <span class='ocrx_word' id='word_1_640' title='bbox 354 4278 455 4344; x_wconf 88' lang='lat' dir='ltr'>donec</span> <span class='ocrx_word' id='word_1_641' title='bbox 477 4297 532 4342; x_wconf 87' lang='lat' dir='ltr'>eos</span> <span class='ocrx_word' id='word_1_642' title='bbox 555 4277 596 4343; x_wconf 88' lang='lat' dir='ltr'>ad</span> <span class='ocrx_word' id='word_1_643' title='bbox 619 4290 739 4345; x_wconf 90' lang='lat' dir='ltr'>metam</span> <span class='ocrx_word' id='word_1_644' title='bbox 760 4299 862 4361; x_wconf 90' lang='lat' dir='ltr'>usque</span> <span class='ocrx_word' id='word_1_645' title='bbox 885 4279 1083 4362; x_wconf 84' lang='lat' dir='ltr'>perduxerit</span> <span class='ocrx_word' id='word_1_646' title='bbox 1121 4279 1216 4361; x_wconf 78' lang='lat' dir='ltr'>Quod</span> <span class='ocrx_word' id='word_1_647' title='bbox 1269 4293 1432 4347; x_wconf 90' lang='lat' dir='ltr'>certamen</span> <span class='ocrx_word' id='word_1_648' title='bbox 1455 4300 1530 4346; x_wconf 90' lang='lat' dir='ltr'>cum</span> <span class='ocrx_word' id='word_1_649' title='bbox 1553 4280 1643 4345; x_wconf 86' lang='lat' dir='ltr'>falsis</span> <span class='ocrx_word' id='word_1_650' title='bbox 1660 4284 1848 4350; x_wconf 80' lang='lat' dir='ltr'>criminibus</span> <span class='ocrx_word' id='word_1_651' title='bbox 1866 4285 1982 4367; x_wconf 92' lang='lat' dir='ltr'>quibus</span> <span class='ocrx_word' id='word_1_652' title='bbox 2000 4304 2076 4349; x_wconf 90' lang='lat' dir='ltr'>eum</span> <span class='ocrx_word' id='word_1_653' title='bbox 2093 4283 2233 4367; x_wconf 91' lang='lat' dir='ltr'>improbi</span> 
     </span>
     <span class='ocr_line' id='line_1_47' title="bbox 252 4361 2233 4453; baseline 0.002 -22"><span class='ocrx_word' id='word_1_654' title='bbox 252 4366 308 4432; x_wconf 90' lang='lat' dir='ltr'>alii</span> <span class='ocrx_word' id='word_1_655' title='bbox 330 4372 479 4442; x_wconf 89' lang='lat' dir='ltr'>vertunt,</span> <span class='ocrx_word' id='word_1_656' title='bbox 512 4361 555 4427; x_wconf 85' lang='lat' dir='ltr'>ad</span> <span class='ocrx_word' id='word_1_657' title='bbox 577 4362 680 4428; x_wconf 86' lang='lat' dir='ltr'>Deum</span> <span class='ocrx_word' id='word_1_658' title='bbox 701 4364 756 4446; x_wconf 79' lang='grc'>551</span> <span class='ocrx_word' id='word_1_659' title='bbox 775 4365 916 4447; x_wconf 76' lang='lat' dir='ltr'>rependit</span> <span class='ocrx_word' id='word_1_660' title='bbox 936 4364 1031 4444; x_wconf 78' lang='lat' dir='ltr'>mibi,</span> <span class='ocrx_word' id='word_1_661' title='bbox 1061 4365 1216 4449; x_wconf 82' lang='lat' dir='ltr'>frigidum</span> <span class='ocrx_word' id='word_1_662' title='bbox 1269 4369 1460 4453; x_wconf 87' lang='lat' dir='ltr'>gravabant.</span> <span class='ocrx_word' id='word_1_663' title='bbox 1499 4364 1639 4445; x_wconf 83' lang='lat' dir='ltr'>Quando</span> <span class='ocrx_word' id='word_1_664' title='bbox 1660 4383 1768 4433; x_wconf 89' lang='lat' dir='ltr'>autem</span> <span class='ocrx_word' id='word_1_665' title='bbox 1791 4382 1939 4435; x_wconf 90' lang='lat' dir='ltr'>sanctum</span> <span class='ocrx_word' id='word_1_666' title='bbox 1963 4370 2071 4434; x_wconf 91' lang='lat' dir='ltr'>virum</span> <span class='ocrx_word' id='word_1_667' title='bbox 2094 4370 2141 4434; x_wconf 91' lang='lat' dir='ltr'>ita</span> <span class='ocrx_word' id='word_1_668' title='bbox 2163 4390 2233 4435; x_wconf 87' lang='lat' dir='ltr'>eru·</span> 
     </span>
     <span class='ocr_line' id='line_1_48' title="bbox 251 4447 2234 4538; baseline 0.002 -21"><span class='ocrx_word' id='word_1_669' title='bbox 251 4461 309 4518; x_wconf 89' lang='lat' dir='ltr'>est.</span> <span class='ocrx_word' id='word_1_670' title='bbox 355 4449 475 4515; x_wconf 81' lang='lat' dir='ltr'>Melius</span> <span class='ocrx_word' id='word_1_671' title='bbox 497 4447 687 4531; x_wconf 87' lang='lat' dir='ltr'>quadraret,</span> <span class='ocrx_word' id='word_1_672' title='bbox 710 4448 934 4525; x_wconf 89' lang='lat' dir='ltr'>meoiudicio,</span> <span class='ocrx_word' id='word_1_673' title='bbox 963 4449 1141 4518; x_wconf 73' lang='grc'>5511555</span> <span class='ocrx_word' id='word_1_674' title='bbox 1162 4452 1218 4533; x_wconf 78' lang='lat' dir='ltr'>qui</span> <span class='ocrx_word' id='word_1_675' title='bbox 1270 4453 1386 4518; x_wconf 84' lang='lat' dir='ltr'>daliter</span> <span class='ocrx_word' id='word_1_676' title='bbox 1408 4461 1440 4516; x_wconf 91' lang='lat' dir='ltr'>et</span> <span class='ocrx_word' id='word_1_677' title='bbox 1463 4451 1561 4516; x_wconf 88' lang='lat' dir='ltr'>variis</span> <span class='ocrx_word' id='word_1_678' title='bbox 1583 4451 1688 4518; x_wconf 88' lang='lat' dir='ltr'>modis</span> <span class='ocrx_word' id='word_1_679' title='bbox 1709 4468 1933 4538; x_wconf 89' lang='lat' dir='ltr'>oppugnatum</span> <span class='ocrx_word' id='word_1_680' title='bbox 1952 4456 2054 4521; x_wconf 87' lang='lat' dir='ltr'>fuisse</span> <span class='ocrx_word' id='word_1_681' title='bbox 2074 4453 2234 4532; x_wconf 89' lang='lat' dir='ltr'>audimus,</span> 
     </span>
     <span class='ocr_line' id='line_1_49' title="bbox 251 4533 2302 4620; baseline 0.001 -17"><span class='ocrx_word' id='word_1_682' title='bbox 251 4537 354 4619; x_wconf 73' lang='lat' dir='ltr'>deficit</span> <span class='ocrx_word' id='word_1_683' title='bbox 374 4555 448 4620; x_wconf 78' lang='lat' dir='ltr'>erpa</span> <span class='ocrx_word' id='word_1_684' title='bbox 468 4552 526 4598; x_wconf 85' lang='lat' dir='ltr'>me.</span> <span class='ocrx_word' id='word_1_685' title='bbox 569 4533 786 4599; x_wconf 84' lang='lat' dir='ltr'>Adversative</span> <span class='ocrx_word' id='word_1_686' title='bbox 815 4545 923 4599; x_wconf 90' lang='lat' dir='ltr'>autem</span> <span class='ocrx_word' id='word_1_687' title='bbox 954 4535 1014 4601; x_wconf 93' lang='lat' dir='ltr'>hoc</span> <span class='ocrx_word' id='word_1_688' title='bbox 1043 4536 1138 4602; x_wconf 92' lang='lat' dir='ltr'>modo</span> <span class='ocrx_word' id='word_1_689' title='bbox 1165 4558 1217 4602; x_wconf 89' lang='lat' dir='ltr'>re·</span> <span class='ocrx_word' id='word_1_690' title='bbox 1270 4560 1312 4605; x_wconf 93' lang='lat' dir='ltr'>ne</span> <span class='ocrx_word' id='word_1_691' title='bbox 1341 4537 1512 4602; x_wconf 86' lang='lat' dir='ltr'>molestum</span> <span class='ocrx_word' id='word_1_692' title='bbox 1540 4535 1633 4603; x_wconf 91' lang='lat' dir='ltr'>nobis</span> <span class='ocrx_word' id='word_1_693' title='bbox 1661 4539 1705 4604; x_wconf 91' lang='lat' dir='ltr'>sit</span> <span class='ocrx_word' id='word_1_694' title='bbox 1734 4543 1768 4604; x_wconf 93' lang='lat' dir='ltr'>iu</span> <span class='ocrx_word' id='word_1_695' title='bbox 1799 4541 1935 4606; x_wconf 88' lang='lat' dir='ltr'>eandem</span> <span class='ocrx_word' id='word_1_696' title='bbox 1966 4561 2100 4607; x_wconf 90' lang='lat' dir='ltr'>arenam</span> <span class='ocrx_word' id='word_1_697' title='bbox 2131 4540 2233 4605; x_wconf 86' lang='lat' dir='ltr'>trahi:</span> <span class='ocrx_word' id='word_1_698' title='bbox 2300 4542 2302 4547; x_wconf 83' lang='grc'><strong>’</strong></span> 
     </span>
     <span class='ocr_line' id='line_1_50' title="bbox 253 4618 2234 4706; baseline 0 -17"><span class='ocrx_word' id='word_1_699' title='bbox 253 4621 407 4689; x_wconf 87' lang='grc'>55155555</span> <span class='ocrx_word' id='word_1_700' title='bbox 425 4631 510 4685; x_wconf 88' lang='lat' dir='ltr'>esset</span> <span class='ocrx_word' id='word_1_701' title='bbox 527 4621 703 4683; x_wconf 91' lang='lat' dir='ltr'>sententia:</span> <span class='ocrx_word' id='word_1_702' title='bbox 726 4619 822 4685; x_wconf 82' lang='lat' dir='ltr'>Licet</span> <span class='ocrx_word' id='word_1_703' title='bbox 839 4641 927 4685; x_wconf 91' lang='lat' dir='ltr'>nunc</span> <span class='ocrx_word' id='word_1_704' title='bbox 938 4618 1030 4686; x_wconf 91' lang='lat' dir='ltr'>Deus</span> <span class='ocrx_word' id='word_1_705' title='bbox 1047 4643 1100 4687; x_wconf 89' lang='lat' dir='ltr'>me</span> <span class='ocrx_word' id='word_1_706' title='bbox 1119 4622 1216 4688; x_wconf 88' lang='lat' dir='ltr'>desti·</span> <span class='ocrx_word' id='word_1_707' title='bbox 1270 4624 1325 4689; x_wconf 90' lang='lat' dir='ltr'>sed</span> <span class='ocrx_word' id='word_1_708' title='bbox 1345 4623 1562 4706; x_wconf 88' lang='lat' dir='ltr'>querimonias</span> <span class='ocrx_word' id='word_1_709' title='bbox 1580 4635 1709 4688; x_wconf 88' lang='lat' dir='ltr'>nostras</span> <span class='ocrx_word' id='word_1_710' title='bbox 1726 4645 1834 4691; x_wconf 88' lang='lat' dir='ltr'>coram</span> <span class='ocrx_word' id='word_1_711' title='bbox 1854 4626 1924 4692; x_wconf 90' lang='lat' dir='ltr'>Deo</span> <span class='ocrx_word' id='word_1_712' title='bbox 1942 4626 2068 4692; x_wconf 82' lang='lat' dir='ltr'>deferre</span> <span class='ocrx_word' id='word_1_713' title='bbox 2085 4627 2234 4703; x_wconf 87' lang='lat' dir='ltr'>sulliciat,</span> 
     </span>
     <span class='ocr_line' id='line_1_51' title="bbox 252 4703 2234 4794; baseline 0.001 -21"><span class='ocrx_word' id='word_1_714' title='bbox 252 4718 332 4791; x_wconf 92' lang='lat' dir='ltr'>tuat,</span> <span class='ocrx_word' id='word_1_715' title='bbox 356 4727 461 4789; x_wconf 89' lang='lat' dir='ltr'>neque</span> <span class='ocrx_word' id='word_1_716' title='bbox 483 4723 536 4770; x_wconf 92' lang='lat' dir='ltr'>me</span> <span class='ocrx_word' id='word_1_717' title='bbox 557 4714 687 4770; x_wconf 90' lang='lat' dir='ltr'>exserta</span> <span class='ocrx_word' id='word_1_718' title='bbox 705 4725 803 4768; x_wconf 89' lang='lat' dir='ltr'>manu</span> <span class='ocrx_word' id='word_1_719' title='bbox 822 4703 923 4785; x_wconf 91' lang='lat' dir='ltr'>iuvet,</span> <span class='ocrx_word' id='word_1_720' title='bbox 945 4705 1089 4771; x_wconf 86' lang='lat' dir='ltr'>clamabo</span> <span class='ocrx_word' id='word_1_721' title='bbox 1102 4707 1218 4771; x_wconf 91' lang='lat' dir='ltr'>nihilo·</span> <span class='ocrx_word' id='word_1_722' title='bbox 1269 4709 1363 4776; x_wconf 88' lang='lat' dir='ltr'>cuius</span> <span class='ocrx_word' id='word_1_723' title='bbox 1395 4722 1446 4773; x_wconf 85' lang='lat' dir='ltr'>cst</span> <span class='ocrx_word' id='word_1_724' title='bbox 1476 4707 1604 4773; x_wconf 87' lang='lat' dir='ltr'>fallaces</span> <span class='ocrx_word' id='word_1_725' title='bbox 1636 4708 1767 4794; x_wconf 89' lang='lat' dir='ltr'>linguas</span> <span class='ocrx_word' id='word_1_726' title='bbox 1800 4725 1832 4777; x_wconf 92' lang='lat' dir='ltr'>et</span> <span class='ocrx_word' id='word_1_727' title='bbox 1864 4713 2037 4778; x_wconf 83' lang='lat' dir='ltr'>sceleratas</span> <span class='ocrx_word' id='word_1_728' title='bbox 2071 4732 2190 4779; x_wconf 88' lang='lat' dir='ltr'>manus</span> <span class='ocrx_word' id='word_1_729' title='bbox 2216 4732 2234 4775; x_wconf 92' lang='grc'>5</span> 
     </span>
     <span class='ocr_line' id='line_1_52' title="bbox 253 4790 2233 4874; baseline 0.002 -15"><span class='ocrx_word' id='word_1_730' title='bbox 253 4795 362 4859; x_wconf 90' lang='lat' dir='ltr'>minus</span> <span class='ocrx_word' id='word_1_731' title='bbox 386 4792 427 4856; x_wconf 91' lang='lat' dir='ltr'>ad</span> <span class='ocrx_word' id='word_1_732' title='bbox 449 4812 532 4857; x_wconf 85' lang='lat' dir='ltr'>cum.</span> <span class='ocrx_word' id='word_1_733' title='bbox 577 4790 727 4856; x_wconf 75' lang='lat' dir='ltr'>Coactior</span> <span class='ocrx_word' id='word_1_734' title='bbox 754 4809 870 4854; x_wconf 90' lang='lat' dir='ltr'>sensus</span> <span class='ocrx_word' id='word_1_735' title='bbox 898 4804 963 4867; x_wconf 90' lang='lat' dir='ltr'>est,</span> <span class='ocrx_word' id='word_1_736' title='bbox 993 4791 1148 4859; x_wconf 79' lang='lat' dir='ltr'>Clamabo</span> <span class='ocrx_word' id='word_1_737' title='bbox 1176 4790 1216 4856; x_wconf 88' lang='lat' dir='ltr'>ad</span> <span class='ocrx_word' id='word_1_738' title='bbox 1270 4814 1357 4858; x_wconf 91' lang='lat' dir='ltr'>noxa</span> <span class='ocrx_word' id='word_1_739' title='bbox 1377 4812 1588 4874; x_wconf 87' lang='lat' dir='ltr'>compescere.</span> <span class='ocrx_word' id='word_1_740' title='bbox 1633 4795 1711 4863; x_wconf 91' lang='lat' dir='ltr'>Ideo</span> <span class='ocrx_word' id='word_1_741' title='bbox 1733 4818 1808 4862; x_wconf 92' lang='lat' dir='ltr'>mox</span> <span class='ocrx_word' id='word_1_742' title='bbox 1836 4820 1911 4862; x_wconf 91' lang='lat' dir='ltr'>eum</span> <span class='ocrx_word' id='word_1_743' title='bbox 1932 4796 2043 4863; x_wconf 91' lang='lat' dir='ltr'>David</span> <span class='ocrx_word' id='word_1_744' title='bbox 2073 4796 2233 4864; x_wconf 87' lang='lat' dir='ltr'>vindicam</span> 
     </span>
     <span class='ocr_line' id='line_1_53' title="bbox 254 4874 2235 4961; baseline 0.002 -17"><span class='ocrx_word' id='word_1_745' title='bbox 254 4880 360 4944; x_wconf 91' lang='lat' dir='ltr'>Deum</span> <span class='ocrx_word' id='word_1_746' title='bbox 383 4878 438 4961; x_wconf 92' lang='lat' dir='ltr'>qui</span> <span class='ocrx_word' id='word_1_747' title='bbox 460 4877 594 4961; x_wconf 87' lang='lat' dir='ltr'>perficit,</span> <span class='ocrx_word' id='word_1_748' title='bbox 619 4875 668 4941; x_wconf 90' lang='lat' dir='ltr'>vel</span> <span class='ocrx_word' id='word_1_749' title='bbox 691 4874 833 4959; x_wconf 84' lang='lat' dir='ltr'>perfecte</span> <span class='ocrx_word' id='word_1_750' title='bbox 855 4876 1045 4958; x_wconf 90' lang='lat' dir='ltr'>exsequitur</span> <span class='ocrx_word' id='word_1_751' title='bbox 1075 4878 1216 4961; x_wconf 89' lang='lat' dir='ltr'>rigorem</span> <span class='ocrx_word' id='word_1_752' title='bbox 1269 4878 1431 4961; x_wconf 90' lang='lat' dir='ltr'>implorat.</span> <span class='ocrx_word' id='word_1_753' title='bbox 1476 4879 1548 4942; x_wconf 81' lang='lat' dir='ltr'>Etsi</span> <span class='ocrx_word' id='word_1_754' title='bbox 1571 4880 1657 4944; x_wconf 91' lang='lat' dir='ltr'>enim</span> <span class='ocrx_word' id='word_1_755' title='bbox 1681 4893 1775 4946; x_wconf 89' lang='lat' dir='ltr'>extra</span> <span class='ocrx_word' id='word_1_756' title='bbox 1805 4905 1873 4946; x_wconf 91' lang='lat' dir='ltr'>rem</span> <span class='ocrx_word' id='word_1_757' title='bbox 1896 4883 2025 4949; x_wconf 91' lang='lat' dir='ltr'>videtur</span> <span class='ocrx_word' id='word_1_758' title='bbox 2054 4904 2127 4950; x_wconf 83' lang='lat' dir='ltr'>esse</span> <span class='ocrx_word' id='word_1_759' title='bbox 2156 4882 2235 4948; x_wconf 89' lang='lat' dir='ltr'>haec</span> 
     </span>
     <span class='ocr_line' id='line_1_54' title="bbox 252 4960 2234 5053; baseline 0.002 -23"><span class='ocrx_word' id='word_1_760' title='bbox 252 4985 347 5030; x_wconf 91' lang='lat' dir='ltr'>suum</span> <span class='ocrx_word' id='word_1_761' title='bbox 371 4984 449 5046; x_wconf 89' lang='lat' dir='ltr'>erga</span> <span class='ocrx_word' id='word_1_762' title='bbox 472 4984 532 5039; x_wconf 87' lang='lat' dir='ltr'>me,</span> <span class='ocrx_word' id='word_1_763' title='bbox 555 4973 588 5026; x_wconf 91' lang='lat' dir='ltr'>et</span> <span class='ocrx_word' id='word_1_764' title='bbox 607 4969 780 5028; x_wconf 88' lang='lat' dir='ltr'>contextus</span> <span class='ocrx_word' id='word_1_765' title='bbox 803 4960 945 5043; x_wconf 88' lang='lat' dir='ltr'>postulat</span> <span class='ocrx_word' id='word_1_766' title='bbox 968 4963 1074 5043; x_wconf 91' lang='lat' dir='ltr'>potius</span> <span class='ocrx_word' id='word_1_767' title='bbox 1095 4962 1136 5026; x_wconf 90' lang='lat' dir='ltr'>ad</span> <span class='ocrx_word' id='word_1_768' title='bbox 1153 4961 1239 5027; x_wconf 86' lang='lat' dir='ltr'>Dei·</span> <span class='ocrx_word' id='word_1_769' title='bbox 1269 4963 1430 5046; x_wconf 90' lang='lat' dir='ltr'>precatio,</span> <span class='ocrx_word' id='word_1_770' title='bbox 1453 4961 1606 5028; x_wconf 72' lang='grc'>1155515555</span> <span class='ocrx_word' id='word_1_771' title='bbox 1626 4986 1720 5047; x_wconf 81' lang='lat' dir='ltr'>saper</span> <span class='ocrx_word' id='word_1_772' title='bbox 1740 4968 1837 5034; x_wconf 78' lang='lat' dir='ltr'>coelos</span> <span class='ocrx_word' id='word_1_773' title='bbox 1867 4968 1967 5050; x_wconf 81' lang='grc'>11555,</span> <span class='ocrx_word' id='word_1_774' title='bbox 1995 4989 2092 5053; x_wconf 82' lang='lat' dir='ltr'>saper</span> <span class='ocrx_word' id='word_1_775' title='bbox 2121 4975 2234 5035; x_wconf 66' lang='grc'>5555555</span> 
     </span>
     <span class='ocr_line' id='line_1_55' title="bbox 253 5046 2234 5138; baseline 0.002 -25"><span class='ocrx_word' id='word_1_776' title='bbox 253 5047 409 5113; x_wconf 90' lang='lat' dir='ltr'>beneficia</span> <span class='ocrx_word' id='word_1_777' title='bbox 431 5049 552 5124; x_wconf 80' lang='lat' dir='ltr'>referri,</span> <span class='ocrx_word' id='word_1_778' title='bbox 575 5057 611 5111; x_wconf 90' lang='lat' dir='ltr'>ut</span> <span class='ocrx_word' id='word_1_779' title='bbox 628 5065 758 5130; x_wconf 89' lang='lat' dir='ltr'>semper</span> <span class='ocrx_word' id='word_1_780' title='bbox 779 5046 871 5110; x_wconf 91' lang='lat' dir='ltr'>nobis</span> <span class='ocrx_word' id='word_1_781' title='bbox 893 5056 1042 5112; x_wconf 87' lang='lat' dir='ltr'>occurrat</span> <span class='ocrx_word' id='word_1_782' title='bbox 1059 5047 1123 5113; x_wconf 93' lang='lat' dir='ltr'>Dei</span> <span class='ocrx_word' id='word_1_783' title='bbox 1140 5068 1217 5113; x_wconf 90' lang='lat' dir='ltr'>con·</span> <span class='ocrx_word' id='word_1_784' title='bbox 1266 5048 1369 5132; x_wconf 72' lang='lat' dir='ltr'>glorio</span> <span class='ocrx_word' id='word_1_785' title='bbox 1391 5051 1454 5125; x_wconf 80' lang='lat' dir='ltr'>tua,</span> <span class='ocrx_word' id='word_1_786' title='bbox 1475 5047 1502 5113; x_wconf 92' lang='lat' dir='ltr'>si</span> <span class='ocrx_word' id='word_1_787' title='bbox 1526 5057 1634 5114; x_wconf 88' lang='lat' dir='ltr'>tamen</span> <span class='ocrx_word' id='word_1_788' title='bbox 1656 5065 1846 5134; x_wconf 89' lang='lat' dir='ltr'>reputamus</span> <span class='ocrx_word' id='word_1_789' title='bbox 1860 5064 1982 5136; x_wconf 90' lang='lat' dir='ltr'>quauta</span> <span class='ocrx_word' id='word_1_790' title='bbox 1998 5055 2043 5120; x_wconf 94' lang='lat' dir='ltr'>sit</span> <span class='ocrx_word' id='word_1_791' title='bbox 2059 5055 2234 5138; x_wconf 91' lang='lat' dir='ltr'>impiorum</span> 
     </span>
     <span class='ocr_line' id='line_1_56' title="bbox 252 5131 2234 5220; baseline 0.002 -21"><span class='ocrx_word' id='word_1_792' title='bbox 252 5135 373 5199; x_wconf 89' lang='lat' dir='ltr'>stantia</span> <span class='ocrx_word' id='word_1_793' title='bbox 393 5135 429 5197; x_wconf 92' lang='grc'>15</span> <span class='ocrx_word' id='word_1_794' title='bbox 451 5131 674 5216; x_wconf 89' lang='lat' dir='ltr'>prosequenda</span> <span class='ocrx_word' id='word_1_795' title='bbox 695 5150 756 5199; x_wconf 92' lang='lat' dir='ltr'>sua</span> <span class='ocrx_word' id='word_1_796' title='bbox 778 5132 929 5208; x_wconf 88' lang='lat' dir='ltr'>bonitate,</span> <span class='ocrx_word' id='word_1_797' title='bbox 952 5133 1027 5214; x_wconf 93' lang='lat' dir='ltr'>quia</span> <span class='ocrx_word' id='word_1_798' title='bbox 1045 5154 1126 5219; x_wconf 91' lang='lat' dir='ltr'>opus</span> <span class='ocrx_word' id='word_1_799' title='bbox 1148 5154 1216 5198; x_wconf 91' lang='lat' dir='ltr'>ma·</span> <span class='ocrx_word' id='word_1_800' title='bbox 1269 5132 1452 5216; x_wconf 90' lang='lat' dir='ltr'>protervia,</span> <span class='ocrx_word' id='word_1_801' title='bbox 1486 5143 1517 5197; x_wconf 90' lang='lat' dir='ltr'>ut</span> <span class='ocrx_word' id='word_1_802' title='bbox 1546 5154 1643 5216; x_wconf 88' lang='lat' dir='ltr'>quam</span> <span class='ocrx_word' id='word_1_803' title='bbox 1673 5139 1807 5220; x_wconf 88' lang='lat' dir='ltr'>supinus</span> <span class='ocrx_word' id='word_1_804' title='bbox 1837 5141 1956 5216; x_wconf 81' lang='lat' dir='ltr'>fastus,</span> <span class='ocrx_word' id='word_1_805' title='bbox 1989 5139 2047 5206; x_wconf 88' lang='lat' dir='ltr'>ubi</span> <span class='ocrx_word' id='word_1_806' title='bbox 2069 5141 2163 5207; x_wconf 91' lang='lat' dir='ltr'>Deus</span> <span class='ocrx_word' id='word_1_807' title='bbox 2195 5138 2234 5205; x_wconf 92' lang='lat' dir='ltr'>ad</span> 
     </span>
     <span class='ocr_line' id='line_1_57' title="bbox 254 5216 2234 5296; baseline 0.004 -13"><span class='ocrx_word' id='word_1_808' title='bbox 254 5240 355 5285; x_wconf 89' lang='lat' dir='ltr'>uuum</span> <span class='ocrx_word' id='word_1_809' title='bbox 378 5236 509 5282; x_wconf 88' lang='lat' dir='ltr'>suarum</span> <span class='ocrx_word' id='word_1_810' title='bbox 531 5216 719 5283; x_wconf 90' lang='lat' dir='ltr'>inchoatum</span> <span class='ocrx_word' id='word_1_811' title='bbox 737 5238 802 5283; x_wconf 90' lang='lat' dir='ltr'>nou</span> <span class='ocrx_word' id='word_1_812' title='bbox 825 5218 953 5283; x_wconf 90' lang='lat' dir='ltr'>deserit.</span> <span class='ocrx_word' id='word_1_813' title='bbox 1269 5216 1408 5282; x_wconf 86' lang='lat' dir='ltr'>iniurias</span> <span class='ocrx_word' id='word_1_814' title='bbox 1425 5219 1587 5296; x_wconf 90' lang='lat' dir='ltr'>connivet,</span> <span class='ocrx_word' id='word_1_815' title='bbox 1608 5219 1705 5285; x_wconf 83' lang='lat' dir='ltr'>facile</span> <span class='ocrx_word' id='word_1_816' title='bbox 1722 5221 1936 5291; x_wconf 88' lang='lat' dir='ltr'>iudicabimus</span> <span class='ocrx_word' id='word_1_817' title='bbox 1959 5246 2024 5292; x_wconf 91' lang='lat' dir='ltr'>nou</span> <span class='ocrx_word' id='word_1_818' title='bbox 2042 5225 2102 5292; x_wconf 90' lang='lat' dir='ltr'>abs</span> <span class='ocrx_word' id='word_1_819' title='bbox 2119 5248 2156 5292; x_wconf 89' lang='lat' dir='ltr'>re</span> <span class='ocrx_word' id='word_1_820' title='bbox 2173 5226 2234 5291; x_wconf 87' lang='lat' dir='ltr'>hoc</span> 
     </span>
    </p>
   </div>
   <div class='ocr_carea' id='block_1_3' title="bbox 0 0 2343 5856">
    <p class='ocr_par' dir='ltr' id='par_1_7' title="bbox 0 0 2343 5856">
     <span class='ocr_line' id='line_1_58' title="bbox 0 0 2343 5856; baseline 0 0"><span class='ocrx_word' id='word_1_821' title='bbox 0 0 2343 5856; x_wconf 95' lang='lat' dir='ltr'> </span> 
     </span>
    </p>
   </div>
  </div>
 </body>
</html>
