4658 5856
159 315 200 381 41
1014 311 1231 382 selanus
1254 312 1299 380 11.
2118 319 2160 401 42.

162 506 290 570 omnia:
323 502 378 569 sed
413 505 521 570 felices
551 526 622 570 esse
654 519 769 588 negat,
798 505 861 571 nisi
892 502 996 570 solida
1025 525 1079 571 eos
1102 512 1136 570 at
1188 501 1267 584 quin
1276 502 1455 569 anxieeum
1468 504 1918 588 gravissimistentationibus
1929 506 2157 573 eiluctandum

161 591 258 654 firma
287 590 459 673 integritas
488 592 665 666 sustineat,
696 611 771 655 nam
800 613 842 656 ex
872 588 1064 673 probatione
1085 591 1135 656 iu·
1186 588 1293 652 fuerit.
1340 587 1405 654 Sed
1428 591 1504 673 quia
1526 590 1587 656 sibi
1615 591 1716 673 probe
1738 592 1885 658 conscius
1908 601 1989 675 erat,
2018 614 2052 657 εθ
2073 593 2156 659 nihil

162 687 291 742 storum
331 698 411 741 vera
450 677 582 741 demum
622 678 797 760 integritas
829 686 975 761 apparet.
1031 677 1136 741 Porro
1187 682 1309 738 temere
1332 684 1483 752 tentasse,
1505 686 1543 741 ut
1564 676 1700 743 ambitio
1721 699 1889 760 pravaque
1908 677 2069 760 cupiditas
2087 679 2156 762 plc-

162 763 314 846 quamvis
336 764 501 827 Dominus
528 764 694 841 iudicium,
722 785 785 846 quo
812 765 918 828 iustos
947 783 967 827 a
988 761 1136 844 reprobis
1187 780 1304 841 rosque
1327 759 1441 828 adres
1464 783 1563 826 novas
1581 763 1736 846 impellit:
1760 766 1839 846 quin
1858 764 2064 845 potiuscerto
2083 787 2156 846 per-

163 847 334 925 diseernit,
364 847 508 931 quotidie
538 858 697 929 exerceat,
728 849 806 931 quia
835 859 946 914 tamen
976 847 1009 912 id
1035 850 1073 912 fit
1096 870 1136 913 ex
1188 866 1303 911 suasus
1322 858 1416 930 esset,
1437 869 1481 925 se,
1504 870 1602 931 qaum
1622 848 1702 913 nihil
1722 849 1787 914 tale
1799 859 1976 932 appeteret,
1998 849 2156 916 divinitus

163 942 256 1016 parte
284 943 429 1007 tantum,
460 935 558 998 altius
588 935 698 999 oculos
726 934 875 999 attollere
904 935 1074 1016 convenit,
1107 934 1136 998 si
1187 941 1329 995 creatum
1352 954 1423 997 esse
1441 955 1567 1017 regem:
1592 934 1656 999 alta
1675 935 1794 1000 fiducia
1812 944 1924 1000 contra
1940 943 2043 999 totum
2062 958 2155 1001 mun-

163 1020 315 1100 cupimus
343 1019 515 1084 consilium
538 1021 710 1089 iustorum,
740 1022 833 1086 cuius
861 1020 914 1086 hio
943 1022 980 1083 fit
1003 1019 1136 1097 mentio,
1187 1014 1265 1080 dum
1287 1037 1357 1082 εθεθ
1381 1021 1494 1096 erexit,
1526 1019 1795 1102 quemadmodum
1825 1021 1876 1086 his
1899 1021 2007 1086 verbis
2035 1025 2157 1103 magni-

162 1107 321 1188 aspicere.
366 1105 488 1189 Incipit
509 1106 640 1188 quidem
663 1128 750 1172 nunc
784 1108 926 1171 defluere
958 1106 1136 1188 impiorum
1187 1103 1248 1166 fiee
1271 1110 1337 1167 tam
1360 1105 1503 1188 regibus,
1526 1126 1621 1187 quam
1645 1126 1755 1170 eorum
1779 1108 1882 1188 copiis
1905 1107 2048 1171 insultat.
2092 1108 2155 1173 Fa·

163 1191 373 1274 prosperitas,
403 1192 529 1275 quoties
556 1192 606 1256 sui
636 1193 748 1257 iudicii
773 1192 869 1276 signa
889 1192 1013 1275 profert
1033 1190 1136 1270 Deus,
1187 1198 1275 1252 tetur
1297 1188 1427 1270 quidem
1452 1192 1514 1256 sibi
1538 1189 1674 1256 arduum
1697 1213 1768 1256 esse
1790 1200 1966 1272 certamen,
1990 1193 2155 1275 quianon

164 1287 243 1340 tunc
254 1277 341 1340 enim
355 1278 582 1360 expergefacti,
596 1277 699 1341 velint
710 1278 815 1342 nolint
832 1285 957 1343 aooetu
974 1277 1135 1341 iustorum
1187 1274 1306 1357 exigua
1324 1284 1452 1340 tantam
1472 1298 1600 1356 manus,
1619 1276 1676 1342 sed
1694 1278 1814 1360 integri
1836 1278 1947 1361 populi
1969 1301 2043 1344 eum
2068 1281 2153 1362 regi·

163 1382 199 1427 se
226 1361 370 1426 abdicari
398 1375 589 1446 agnoscunt.
629 1361 696 1429 Sed
726 1365 890 1445 quianon
913 1383 1043 1445 semper
1065 1363 1136 1442 hoo,
1188 1359 1247 1423 bus
1270 1363 1304 1423 in
1328 1381 1401 1424 oum
1424 1362 1629 1445 conspirent:
1661 1362 1718 1428 sed
1741 1362 1857 1429 deinde
1876 1361 2022 1430 animose
2045 1364 2154 1449 iactat,

164 1468 270 1530 neque
288 1452 324 1511 in
342 1450 494 1514 omnibus
511 1450 703 1531 completur,
722 1451 884 1533 patienter
895 1448 1136 1531 exspectandus
1187 1445 1310 1509 frustra
1326 1446 1359 1509 id
1379 1449 1464 1511 fieri:
1487 1449 1563 1531 quia
1584 1447 1706 1514 bellum
1729 1469 1796 1513 non
1818 1471 1893 1515 cum
1916 1451 2047 1515 homine
2070 1472 2156 1515 mor·

163 1549 213 1599 eet
224 1533 359 1599 ultimae
370 1535 581 1600 revelationis
598 1536 675 1612 dies,
699 1558 762 1618 quo
781 1534 965 1619 segregabit
983 1534 1136 1600 Christus
1188 1529 1255 1610 tali,
1276 1531 1333 1597 sed
1356 1554 1430 1598 cum
1453 1533 1525 1599 Deo
1546 1536 1616 1617 ipso
1640 1535 1833 1615 suscipiunt.
1869 1536 1973 1601 Porro
1995 1536 2157 1602 incertum

163 1640 267 1703 agnos
289 1618 331 1683 ab
353 1619 475 1685 hoedis.
499 1620 699 1703 Quanquam
719 1620 893 1686 tenendum
918 1628 977 1699 est,
1000 1641 1134 1703 genera·
1188 1625 1253 1689 est,
1284 1617 1477 1700 loquaturne
1505 1629 1633 1683 tantum
1664 1621 1703 1685 do
1733 1621 1881 1686 hostibus
1911 1623 2085 1704 intestinis,
2114 1646 2156 1687 an

161 1704 238 1769 liter
260 1706 411 1769 miseriae
432 1705 537 1770 addici
567 1708 703 1789 impios,
733 1708 810 1790 quia
838 1708 930 1771 intus
961 1705 1023 1770 sibi
1050 1706 1136 1769 male
1188 1722 1265 1766 vero
1278 1705 1514 1786 querimoniam
1526 1727 1617 1769 suam
1637 1705 1677 1771 ad
1697 1714 1825 1772 exteros
1846 1727 1972 1790 quoque
1991 1709 2156 1773 extendat.

162 1791 282 1856 conscii
313 1801 408 1856 sunt:
438 1802 471 1855 θῖ
500 1795 625 1874 quoties
651 1791 818 1857 reddenda
847 1802 896 1857 θεῖ
928 1792 1015 1858 vitae
1045 1792 1136 1867 ratio,
1189 1787 1491 1872 Etcertequumin
1510 1813 1583 1855 eum
1607 1790 1717 1857 hostes
1741 1792 1883 1875 undique
1905 1794 2155 1872 insurrexerint,

161 1886 320 1959 tanquam
350 1877 587 1961 expergefacti,
617 1879 781 1943 somnium
807 1879 908 1944 luisse
936 1877 1136 1960 intelligunt,
1188 1885 1220 1935 et
1237 1883 1408 1958 postquam
1432 1877 1544 1941 turbas
1566 1878 1601 1940 in
1624 1879 1743 1960 populo
1764 1880 1954 1962 composuit,
1977 1901 2035 1945 suo
2058 1881 2157 1944 etiam

163 1961 251 2045 quod
272 1960 333 2028 sibi
350 1963 413 2028 visi
434 1972 513 2028 sunt
530 1973 624 2028 extra
647 1965 785 2047 seipsos
807 1964 925 2030 felices.
949 1964 1137 2042 Caeterum,
1188 1959 1301 2024 ordine
1331 1961 1440 2027 infesti
1470 1963 1592 2027 fuerint
1614 1965 1727 2029 vicini:
1758 1986 1818 2048 ego
1841 1976 1993 2048 utrosque
2016 1964 2157 2030 libenter

164 2049 239 2131 quia
258 2068 312 2111 res
329 2048 483 2114 videntur
501 2051 635 2114 fortuito
658 2049 712 2114 hic
735 2050 871 2130 versari,
894 2069 953 2114 nee
975 2048 1069 2114 facile
1087 2057 1138 2114 est
1188 2046 1400 2131 complector,
1437 2058 1503 2113 tam
1532 2047 1670 2114 Iudaeos
1703 2071 1800 2132 quam
1833 2049 1969 2115 Gentes.
2027 2052 2155 2117 Durum

163 2134 200 2197 in
221 2137 355 2199 confusa
372 2137 586 2216 permistione
607 2155 782 2218 agnoscere
804 2134 889 2218 quod
912 2135 1040 2199 dixerat
1062 2155 1137 2215 pro·
1188 2132 1276 2195 enim
1306 2144 1392 2197 esset
1414 2132 1474 2199 sub
1495 2135 1644 2218 pluribus
1667 2136 1819 2217 gentibus
1841 2157 1878 2202 aa
1900 2136 2028 2218 populis
2050 2138 2156 2203 notari

163 2219 274 2303 pheta,
296 2219 370 2283 ideo
389 2241 448 2285 nos
470 2221 510 2286 ad
534 2221 621 2285 aliud
645 2222 840 2303 principium
863 2229 1005 2297 revocat,
1028 2220 1136 2283 Deum
1188 2238 1288 2280 unam
1312 2228 1460 2299 gentem:
1491 2221 1568 2284 item
1591 2219 1630 2285 de
1653 2220 1766 2286 multis
1787 2221 1919 2305 regibus
1941 2224 2012 2286 fieri
2034 2242 2157 2288 sermo·

163 2304 289 2370 scilieet
306 2325 376 2369 esse
396 2307 508 2370 mundi
527 2306 676 2386 iudicem,
700 2307 787 2371 unde
805 2307 961 2389 sequitur,
979 2306 1050 2369 fieri
1072 2326 1136 2369 non
1189 2323 1275 2381 nem,
1304 2303 1330 2367 si
1361 2305 1396 2367 in
1428 2327 1529 2369 unum
1554 2305 1686 2371 Saulem
1715 2307 1900 2391 respiceret.
1946 2307 2048 2386 Adde,
2071 2308 2156 2392 quod

162 2411 258 2471 posse
285 2392 362 2473 quin
393 2393 492 2457 rectis
520 2404 553 2456 et
579 2392 676 2456 iustis
703 2392 787 2457 bene
813 2392 864 2470 sit,
893 2390 1004 2475 impiis
1026 2401 1136 2455 autem
1188 2389 1313 2470 figurae
1340 2390 1577 2473 complemento
1606 2392 1722 2456 melius
1752 2392 1898 2474 quadrat,
1927 2394 2074 2459 diversas
2096 2394 2155 2458 ho·

162 2478 342 2559 pessimum
375 2479 512 2542 exitium
546 2480 744 2562 impendeat.
800 2477 963 2557 Quamvis
994 2498 1072 2559 ergo
1101 2476 1137 2540 in
1188 2474 1289 2537 stium
1319 2476 1442 2556 species
1472 2477 1643 2558 coniungi:
1670 2479 1746 2559 quia
1775 2480 1896 2543 scimus
1926 2479 2058 2544 Christo
2090 2502 2156 2545 non

164 2564 306 2645 speciem
337 2562 418 2627 nihil
434 2564 505 2628 'Dei
535 2564 712 2629 cultoribus
743 2564 846 2646 prosit
873 2584 934 2628 sua
955 2561 1136 2645 integritas,
1189 2559 1285 2622 modo
1313 2579 1386 2624 oum
1408 2561 1592 2627 domesticis
1616 2562 1773 2643 hostibus,
1802 2563 1978 2628 sedetiam
2001 2586 2075 2630 eum
2098 2589 2156 2631 ex-

163 2647 240 2730 quia
272 2656 381 2712 tamen
411 2651 575 2732 proprium
606 2651 668 2714 Dei
699 2671 817 2714 munus
847 2656 897 2713 est
925 2649 1012 2732 ipsos
1042 2648 1136 2724 tueri,
1188 2644 1311 2709 traneis
1345 2647 1445 2710 fuisse
1479 2648 1665 2731 negotium:
1699 2649 1776 2732 quia
1807 2651 1988 2714 communis
2020 2651 2082 2714 suit
2114 2651 2155 2716 ad

165 2742 328 2798 eteorum
349 2734 446 2799 saluti
465 2737 643 2811 consulere,
668 2734 728 2800 sub
751 2735 821 2799 eius
843 2733 1004 2818 praesidio
1027 2733 1136 2798 felices
1189 2731 1441 2796 machinandam
1454 2734 1523 2797 eius
1541 2734 1671 2799 ruinam
1689 2735 1790 2799 totius
1813 2735 1926 2799 mundi
1950 2736 2153 2818 conspiratio.

163 2840 236 2884 esse
256 2840 389 2886 neeesse
412 2830 470 2885 est.
516 2821 599 2886 Inde
620 2842 700 2887 vero
721 2841 852 2887 rursum
875 2819 1028 2903 colligere
1050 2819 1135 2898 licet,
1188 2816 1234 2879 Et
1254 2815 1369 2882 Iudaei
1399 2818 1528 2900 quidem
1559 2820 1591 2883 in
1616 2819 1798 2901 Christum,
1822 2821 1905 2885 siout
1927 2822 1960 2885 in
1986 2823 2155 2898 Davidem,

186 2906 240 2969 uia
262 2914 372 2972 certus
393 2918 443 2972 est
464 2907 624 2973 scelerum
647 2908 743 2984 ultor,
770 2907 919 2989 quamvis
942 2903 983 2969 ad
1005 2917 1136 2986 tempus
1189 2901 1315 2984 priores
1325 2902 1434 2968 furere
1456 2915 1646 2988 coeperunt:
1670 2905 1787 2970 deinde
1810 2906 1891 2971 alias
1913 2917 2025 2990 gentes
2043 2908 2156 2974 eadem

164 2925 358 3071 dissimula,
377 2992 508 3057 tandem
520 2992 726 3075 perditurum
739 3012 854 3057 omnes
871 2991 1000 3074 impios.
1023 2990 1136 3070 Quare
1189 2988 1318 3053 insania
1340 2990 1506 3072 corripuit.
1551 2991 1642 3056 Haec
1665 3012 1793 3056 summa
1816 2999 1874 3069 cst,
1905 2993 2084 3074 quamlibet
2107 3017 2155 3060 ro·

162 3097 207 3140 ne
237 3076 331 3141 fallat
359 3099 418 3142 nos
447 3078 644 3162 imaginaria
674 3098 785 3143 eorum
809 3077 957 3159 felicitas,
981 3077 1014 3140 in
1039 3076 1136 3140 rebus
1190 3072 1295 3138 bustis
1310 3076 1479 3156 praesidiis
1499 3078 1631 3141 valeant
1649 3078 1878 3159 quiconantur
1901 3098 1976 3141 eum
1998 3088 2157 3160 evertere,

164 3161 305 3227 turbatis
316 3184 445 3246 semper
462 3165 555 3230 nobis
567 3174 715 3230 occurrat
725 3163 788 3228 Dei
807 3162 1025 3246 providentia.
1045 3163 1137 3225 euius
1190 3159 1299 3224 irritos
1310 3168 1418 3224 tamon
1438 3183 1508 3226 esse
1525 3183 1638 3227 eorum
1657 3162 1827 3241 tumultus,
1850 3177 1883 3227 θῖ
1904 3184 1991 3228 vana
2012 3166 2156 3232 consilia.

164 3257 215 3313 cst
243 3259 368 3314 statum
398 3250 512 3315 mundi
542 3250 583 3317 ad
614 3262 737 3315 rectam
759 3270 908 3314 normam
931 3268 1135 3330 componere.
1190 3245 1325 3326 Populis
1353 3254 1477 3311 motum
1506 3256 1539 3311 et
1567 3248 1732 3312 fremitum
1761 3250 1941 3331 assignans,
1970 3252 2101 3332 regibus
2123 3260 2158 3317 et

1190 3331 1375 3412 proceribus
1413 3341 1611 3397 conventum
1640 3333 1680 3398 ad
1711 3333 1854 3398 ineunda
1882 3334 2026 3413 consilia,
2057 3338 2156 3420 aptis-

1190 3417 1270 3480 sime
1291 3415 1443 3499 loquutus
1465 3427 1524 3483 est.
1559 3419 1696 3482 Interim
1720 3419 1891 3504 significat,
1913 3420 1968 3485 ubi
1993 3420 2048 3486 diu
2071 3422 2156 3487 mul-

1190 3510 1326 3584 tumque
1356 3503 1614 3570 consultaverint
1638 3525 1740 3589 reges,
1771 3505 1826 3569 ubi
1849 3506 1959 3589 populi
1981 3507 2157 3573 effuderint

1190 3605 1267 3652 suos
1277 3587 1427 3670 impetus,
1451 3611 1565 3655 omnes
1584 3590 1664 3654 nihil
1684 3590 1899 3675 profecturos.
1923 3591 1988 3657 Sed
2012 3592 2156 3658 notanda

1190 3682 1239 3737 est
1268 3673 1407 3740 fiduciae
1430 3676 1512 3740 ratio
1534 3677 1618 3759 quod
1642 3677 1765 3741 seilicet
1786 3698 1849 3740 non
1873 3686 1995 3741 temere
2018 3680 2069 3743 vel
2090 3681 2155 3762 pri-

511 3587 717 3655 PSALllUS
739 3587 790 3654 ΙΙ.

165 3759 249 3814 ABG.
270 3760 410 3814 Gloriatur
418 3759 508 3813 David
524 3775 635 3828 regnum
651 3775 741 3821 suum,
758 3758 882 3827 quamvis
900 3759 1002 3827 ingenti
1021 3758 1139 3812 hostium

269 3828 444 3882 multitudine
468 3836 497 3881 et
520 3827 610 3881 valida
627 3829 751 3896 potentia
768 3836 947 3896 oppugnetur,
971 3828 1030 3881 fore
1048 3835 1138 3881 tamen

270 3915 320 3968 per
341 3904 447 3950 etuurn:
478 3897 543 3965 quia
566 3895 615 3948 Dei
643 3897 780 3948 suffultum
805 3904 848 3949 est
871 3913 951 3948 manu
976 3903 1005 3949 st
1027 3897 1137 3949 virtute.

270 3915 357 4020 Addit
382 3966 473 4030 etiarn,
499 3965 593 4017 inritis
610 3963 734 4018 hostibus
752 3971 929 4033 propagatum
948 3965 982 4016 iri
1001 3981 1086 4033 usque
1103 3964 1138 4017 ad

269 4036 379 4088 ultimos
402 4042 493 4087 terrae
517 4034 592 4086 fines.
621 4033 685 4086 ldeo
706 4050 739 4086 ue
764 4048 842 4102 reges
866 4038 895 4086 et
917 4033 985 4087 alios
1003 4035 1138 4103 primores

270 4103 405 4168 hortatur,
422 4108 453 4155 ut
471 4102 595 4170 deposita
612 4051 738 4170 super-qbia
756 4102 847 4171 iugum
866 4120 882 4154 a
900 4102 957 4155 Deo
980 4102 1137 4171 impositum

269 4173 418 4226 mansuetis
442 4171 536 4224 animis
561 4171 722 4239 suscipiant:
747 4173 810 4239 quia
831 4170 934 4224 frustra
952 4179 1080 4224 excutere
1098 4172 1138 4223 ni·

269 4251 370 4294 tentus.
407 4239 551 4293 Caeterum
569 4238 613 4292 hio
631 4250 713 4309 typus
731 4239 887 4292 vaticinium
906 4241 1029 4292 continet
1046 4239 1080 4292 de
1096 4240 1138 4292 fa·

269 4315 333 4362 turo
351 4308 452 4364 Christi
470 4323 562 4375 regno.

255 4448 285 4510 1.
308 4445 349 4511 Ut
358 4445 437 4528 qnid
453 4444 683 4510 tnnsnltnantnr
702 4450 806 4530 pentes
827 4444 984 4527 etpopnli
1003 4445 1140 4526 fremunt

166 4532 289 4598 inane?
316 4532 347 4596 2.
374 4531 584 4597 Convenerunt
606 4551 696 4613 repes
717 4536 819 4596 terroe
842 4534 870 4595 et
886 4531 1045 4612 pnnnpes
1066 4551 1137 4596 oon·

164 4618 289 4703 prepeti
310 4621 385 4682 sant
406 4617 503 4681 nonni
520 4622 626 4682 contro
644 4616 793 4682 Ieboeam
813 4621 841 4680 et
862 4622 967 4681 contro
980 4616 1138 4681 oannem

168 4706 246 4770 eina
270 4703 290 4766 3
308 4702 560 4784 Disrumpamus
576 4701 703 4768 encenia
719 4722 824 4768 eornm
844 4708 873 4767 et
884 4702 1097 4784 proiiciomns
1117 4723 1139 4766 n

167 4790 258 4855 nobis
279 4790 390 4872 ingan
411 4790 562 4870 ipsorum.

257 4958 387 5026 Scimus
409 4978 507 5040 quam
536 4959 631 5023 multi
652 4959 914 5042 conspiraverint
935 4970 1049 5026 eontra
1071 4960 1139 5026 Da·

1189 3768 1266 3824 vato
1284 3772 1376 3825 motu
1395 3782 1429 3825 se
1452 3762 1625 3845 ingesserit
1647 3761 1688 3827 ad
1712 3761 1926 3846 regnandum,
1950 3763 2005 3828 sed
2029 3773 2155 3829 tantum

1190 3845 1252 3908 Dei
1275 3847 1479 3911 vocationem
1502 3856 1661 3930 sequutus
1683 3850 1735 3912 sit.
1775 3846 1873 3914 Unde
1894 3847 2018 3932 colligit
2040 3851 2074 3913 in
2098 3871 2157 3914 sua

1190 3950 1328 4011 persona
1350 3930 1460 3995 Deum
1489 3934 1620 4016 impeti:
1650 3935 1726 4014 quia
1754 3935 1824 3998 fieri
1855 3955 1921 3996 non
1951 3943 2056 4016 potest
2078 3937 2156 4018 quin

1190 4016 1292 4098 regni,
1316 4017 1410 4081 cuius
1433 4025 1483 4082 θεῖ
1506 4028 1627 4092 auctor,
1650 4040 1685 4084 se
1708 4018 1868 4084 vindicem
1891 4020 2049 4085 ostendat.
2074 4021 2158 4086 Nam

1190 4123 1225 4164 se
1247 4102 1342 4165 titulo
1361 4103 1500 4168 Moesiae
1525 4103 1574 4169 vol
1594 4103 1718 4170 Christi
1741 4106 1922 4188 insigniens
1945 4108 2076 4172 nonnisi
2095 4107 2157 4171 Dei

1190 4187 1343 4269 auspiciis
1379 4208 1416 4252 aa
1450 4188 1605 4254 mandato
1635 4211 1670 4254 se
1700 4211 1838 4274 regnare
1867 4190 2046 4274 praedicat:
2083 4195 2158 4276 quia

1189 4272 1289 4337 allata
1311 4295 1369 4356 per
1389 4296 1523 4338 manum
1543 4273 1706 4340 Samuelis
1738 4277 1847 4342 unctio
1877 4298 1952 4342 eum
1982 4299 2090 4363 regem
2115 4300 2155 4342 ex

1189 4360 1315 4439 privato
1350 4358 1483 4424 homine
1513 4363 1683 4427 creaverit.
1734 4361 1810 4426 Nou
1837 4365 1999 4444 putabant
2028 4364 2156 4446 quidem
2204 4368 2208 4373 '

1189 4444 1299 4509 hostes
1327 4444 1466 4510 Davidis
1495 4468 1531 4512 se
1557 4457 1671 4512 contra
1700 4448 1806 4512 Deum
1836 4469 1946 4525 ruere,
1975 4450 2041 4513 imo
2071 4450 2157 4514 hunc

1189 4530 1251 4595 sibi
1263 4552 1333 4596 θεεθ
1345 4533 1491 4596 animum
1514 4532 1640 4598 fortiter
1663 4543 1856 4617 negassent:
1879 4556 1944 4599 non
1968 4544 2077 4599 tamon
2100 4534 2157 4599 abs

1189 4636 1225 4680 rc
1249 4617 1355 4682 David
1390 4617 1456 4682 illis
1486 4617 1592 4684 Deum
1626 4621 1769 4702 opponit,
1803 4620 1896 4701 quasi
1927 4631 2016 4684 recta
2045 4628 2157 4684 eontra

1190 4722 1265 4766 eum
1295 4724 1371 4769 suos
1400 4705 1540 4786 impetus
1570 4703 1728 4789 dirigant:
1758 4703 1834 4788 quia
1862 4726 1999 4788 regnum
2021 4705 2155 4788 abipso

1190 4795 1335 4855 erectum
1348 4789 1553 4855 hebefaotare
1566 4791 1719 4870 volentes,
1742 4810 1838 4858 caeca
1856 4791 1975 4856 ferocia
1993 4791 2027 4853 in
2049 4791 2154 4873 ipsum

1189 4874 1372 4940 incurrunt.
1394 4875 1479 4942 Nam
1498 4876 1525 4940 si
1544 4872 1616 4941 Deo
1639 4884 1718 4941 sunt
1739 4876 1875 4943 rebelles
1895 4876 2079 4958 quicunque
2102 4897 2155 4960 po·

1190 4960 1302 5025 testati
1335 4964 1375 5026 ab
1397 4983 1434 5026 eo
1467 4961 1636 5028 ordinatae
1666 4964 1831 5040 resistunt,
1861 4960 1893 5025 id
1921 4959 2017 5045 longe
2044 4964 2155 5029 verius

170 5046 289 5124 videm,
311 5056 344 5110 et
365 5046 474 5111 conati
496 5046 562 5110 sint
583 5045 712 5111 obstare
735 5067 777 5110 ne
797 5054 959 5129 regnaret,
985 5044 1140 5129 aquibus
1190 5055 1373 5129 competere
1409 5046 1520 5113 debuit
1553 5047 1588 5110 in
1621 5067 1750 5113 sacrum
1782 5046 1865 5112 illud
1899 5069 1916 5111 r
1959 5069 2036 5112 num
2070 5049 2154 5132 quod

170 5133 217 5199 sic
240 5131 356 5196 terreri
379 5132 485 5212 potuit
504 5132 682 5197 secundum
699 5131 806 5198 carnis
824 5153 965 5209 sensum,
990 5139 1026 5197 ut
1046 5152 1139 5215 spem
1190 5131 1348 5216 singulari
1377 5133 1549 5217 privilegio
1578 5134 1741 5200 sancitum
1763 5133 1835 5199 fuit
1880 5131 1925 5198 Se
1969 5134 2033 5211 iam
2054 5133 2096 5200 ad
2118 5136 2156 5198 fi-

170 5216 333 5302 regnandi
354 5218 506 5298 protinus
536 5214 699 5283 abiiceret.
732 5217 801 5283 Neo
824 5237 902 5282 vero
930 5216 1066 5282 dubium
1088 5224 1140 5284 est
1189 5239 1291 5304 gurae
1305 5218 1519 5285 substantiam
1541 5219 1652 5284 venire
1675 5238 1793 5302 operae
1815 5219 1957 5302 pretium
1978 5235 2035 5286 cst.
2059 5219 2156 5301 Quod
