4658 5856
234 310 291 373 [ll
1069 303 1284 375 Psanites
1306 307 1384 373 XV.
2158 303 2219 366 148

230 499 327 562 aliam
350 498 382 560 in
405 498 574 579 promissis
594 498 811 562 constantiam
835 516 854 560 a
872 496 949 562 filiis
971 498 1035 563 Dei
1053 495 1198 578 requirit.
1228 494 1336 561 ‘idem
1358 497 1401 562 sit
1422 513 1525 576 rapax
1547 503 1580 557 et
1602 491 1714 574 iniquo
1737 491 1889 643 turpigue
1911 490 2063 573 quaestui
2081 489 2219 558 deditus.

229 582 295 647 Hic
330 581 395 645 iam
436 583 588 646 oriuntur
616 584 832 665 quaestiones,
874 582 902 646 si
931 582 1050 647 latroni
1077 580 1199 664 promi·
1223 618 1226 667 Ι
1249 582 1365 664 Itaque
1403 601 1469 646 nen
1508 577 1671 643 immerito
1708 576 1787 641 olim
1852 588 1906 641 ato
1938 575 1974 641 in
2006 575 2118 641 eodem
2152 577 2220 643 fere

229 669 310 733 seris
328 665 560 749 redemptionis
580 670 731 750 pret-ium,
750 680 848 750 atque
863 667 1198 744 itadimiseussueris,
1222 672 1226 761 l
1249 666 1352 751 gradu
1381 666 1491 750 posuit
1519 665 1680 730 foenerari
1709 674 1742 728 et
1763 662 1929 728 hominem
1951 661 2114 728 occideret
2144 665 2220 745 quia

228 774 268 818 an
292 752 490 835 praestanda
522 753 566 820 sit
599 754 688 818 fides.
732 752 874 833 Deinde,
907 755 935 818 si
963 754 1034 837 quis
1064 752 1199 836 indigne
1222 772 1225 851 q
1249 754 1325 817 huic
1346 752 1516 818 hominurn
1539 751 1651 833 generi
1674 750 1876 832 propositum
1897 761 1948 814 est
1977 749 2121 813 alienum
2143 770 2219 814 san·

228 837 400 902 fraudatus
430 837 539 916 fuerit,
568 860 610 902 an
633 836 862 904 iusiurandum
886 839 1070 905 rescindere
1093 838 1198 904 liceat.
1222 860 1225 875 ·
1249 840 1383 923 guinem
1405 858 1573 921 exsugere.
1618 836 1681 901 Est
1702 837 1801 899 etiam
1821 832 1915 900 valde
1931 834 2117 918 indignum,
2140 833 2220 899 dum

227 922 324 1005 Quod
347 921 388 988 ad
406 922 566 988 latronem
587 934 722 1005 spectat,
744 924 799 1007 qui
818 925 989 1008 pecuniam
1008 925 1056 988 illi
1074 925 1198 997 afferet,
1222 892 1225 959 Ι
1248 925 1371 1008 singuli
1404 924 1563 990 laboriose
1595 921 1720 987 vietum
1753 918 1813 986 sihi
1846 920 2031 1003 acquirunt,
2070 918 2149 985 dum
2183 941 2219 985 se

226 1009 261 1073 in
283 1007 373 1073 aliud
401 1009 548 1073 incurret
570 1010 705 1074 vitium:
734 1011 811 1092 quia
833 1029 1038 1074 communem
1063 1011 1197 1075 humani
1221 966 1225 1059 l
1248 1011 1409 1095 agricolae
1427 1007 1625 1093 quotidianis
1642 1006 1750 1091 operis
1766 1005 1916 1090 fatigant,
1934 1005 2068 1088 opifices
2078 1005 2219 1070 multum

226 1094 357 1179 generis
375 1094 501 1159 hostem
520 1116 584 1158 non
606 1095 677 1159 sine
700 1095 830 1177 publiea
851 1097 994 1179 pernicie
1015 1096 1198 1179 sumptibus
1248 1096 1397 1162 sudando
1430 1095 1503 1162 aliis
1534 1094 1693 1172 serviunt,
1729 1103 1927 1157 mercatores
1957 1112 2022 1156 non
2054 1089 2151 1156 modo
2185 1113 2220 1156 se

227 1181 296 1245 suis
329 1177 404 1244 alet.
455 1179 523 1244 Neo
556 1201 635 1246 vero
669 1181 754 1244 hanc
788 1183 1014 1247 necessitatem
1048 1181 1198 1247 fidelibus
1249 1194 1403 1249 exercent
1432 1178 1605 1256 laboribus,
1638 1177 1694 1245 sed
1723 1177 1828 1242 multa
1856 1197 1985 1260 quoque
2013 1177 2221 1243 incommoda

227 1266 366 1348 imponit
393 1263 512 1345 David,
541 1264 597 1330 sed
626 1279 755 1330 tanturn
778 1266 916 1350 privatis
937 1268 1114 1333 commodis
1137 1286 1197 1331 sua
1248 1277 1282 1334 et
1304 1268 1446 1352 pericula
1468 1265 1618 1340 subeunt,
1647 1263 1733 1330 solos
1755 1265 1931 1346 trapezitas
1952 1262 2095 1329 sedendo
2117 1263 2221 1329 veeti-

227 1352 396 1434 promissa,
426 1354 568 1416 maxime
589 1352 616 1416 si
639 1353 823 1416 iuramento
845 1355 971 1419 sancita
992 1354 1069 1425 siut,
1102 1374 1196 1437 prae·
1220 1394 1224 1441 Ι
1248 1353 1302 1439 gal
1329 1375 1371 1420 ex
1401 1353 1548 1418 omnium
1570 1350 1678 1417 labore
1701 1349 1865 1433 colligere.
1909 1347 1963 1414 Ad
1984 1349 2065 1415 haec
2088 1351 2221 1423 scimus,

226 1438 305 1501 ferri
327 1435 426 1501 iubet.
470 1436 533 1502 Ubi
557 1436 629 1519 quis
651 1437 725 1503 dolo
745 1438 830 1502 malo
848 1439 1091 1505 circumventus
1109 1441 1195 1503 iura-
1220 1444 1223 1503 t
1248 1451 1284 1504 ut
1317 1440 1494 1524 plurimum
1535 1458 1600 1502 non
1633 1457 1688 1501 eos
1721 1435 1774 1518 qui
1811 1433 1930 1499 divites
1962 1446 2042 1499 sunt
2087 1434 2222 1500 foenore

227 1523 285 1600 vit,
309 1522 393 1586 tanti
416 1520 510 1587 debet
532 1545 602 1587 esse
620 1523 762 1588 nominis
781 1523 843 1589 Dei
860 1526 1027 1597 sanctitas,
1050 1534 1088 1590 ut
1105 1524 1195 1589 dam·
1247 1525 1433 1591 exhauriri:
1462 1525 1519 1590 sed
1548 1535 1663 1587 tenues
1692 1521 1850 1599 homines,
1880 1521 1936 1603 qui
1958 1522 2065 1603 potius
2087 1519 2220 1584 levandi

226 1628 308 1672 num
339 1609 446 1689 potius
469 1609 632 1691 patienter
652 1610 819 1688 sustineat,
850 1631 946 1693 quam
971 1611 1072 1676 violet
1092 1610 1195 1675 iusiu·
1247 1624 1351 1676 erant.
1396 1610 1508 1692 Quare
1536 1629 1600 1673 non
1631 1608 1689 1672 abs
1711 1628 1747 1671 re
1767 1606 1861 1670 Deus
1883 1606 1991 1672 Lavit.
2015 1606 2067 1685 25,
2087 1606 2131 1671 25
2153 1606 2219 1671 foe·

226 1691 381 1758 randum:
419 1694 516 1758 modo
548 1703 657 1758 tamen
689 1696 836 1779 privatae
866 1696 1017 1761 utilitatis
1047 1708 1195 1778 respectu
1247 1698 1356 1762 nerari
1383 1698 1498 1773 vetuit,
1528 1694 1687 1759 rationem
1710 1692 1796 1758 hano
1818 1691 1950 1769 addens,
1978 1692 2007 1757 si
2030 1702 2221 1756 attenuat-us

227 1800 293 1843 non
323 1779 468 1856 dueatur,
499 1778 647 1844 fraudem
678 1781 741 1845 sibi
763 1782 881 1845 factam
904 1781 1055 1865 detegere
1077 1781 1196 1863 licebit,
1246 1784 1345 1849 fuerit
1384 1782 1522 1866 populus
1556 1799 1663 1857 meua,
1702 1799 1769 1842 non
1806 1778 1959 1861 gravabis
1985 1799 2074 1864 ,eum
2110 1798 2220 1842 usura.

226 1864 319 1929 nulla
348 1866 445 1929 edam
473 1867 556 1930 ratio
584 1865 740 1947 impediet
768 1886 832 1948 que
863 1869 972 1933 minus
1002 1888 1074 1932 eum
1104 1880 1196 1949 parte
1247 1867 1406 1934 Videmus
1441 1870 1541 1933 finem
1582 1865 1674 1949 legis,
1711 1886 1753 1928 ne
1786 1861 1961 1928 crudeliter
1992 1865 2222 1946 opprimantur

226 1948 364 2015 adversa
385 1948 511 2032 placide
529 1953 699 2034 transigat.
739 1952 916 2036 Perperam
936 1954 1032 2018 multi
1051 1953 1195 2017 Hebraei
1247 1975 1417 2039 pauperes,
1435 1953 1490 2037 qui
1508 1952 1617 2037 potius
1635 1948 1856 2015 misericordia
1873 1949 1965 2032 digni
1980 1959 2084 2013 erant.
2108 1949 2221 2030 Quan-

226 2037 422 2120 iuterpretes
452 2036 556 2101 locum
579 2035 667 2103 huuc
689 2036 730 2101 ad
752 2048 830 2103 vota
853 2040 1075 2123 restringunt:
1104 2040 1196 2122 quasi
1247 2062 1343 2124 qnam
1374 2049 1485 2105 autem
1512 2036 1643 2122 politica
1670 2036 1731 2100 fuit
1759 2035 1814 2099 lex
1842 2056 1939 2117 quam
1963 2037 2055 2100 Deus
2076 2035 2219 2118 peculia·

226 2122 377 2186 hortetur
406 2121 517 2186 David
540 2121 653 2187 fidelos
674 2122 715 2187 ad
737 2124 901 2206 implenda
924 2135 1011 2208 vota,
1042 2125 1098 2190 uhi
1120 2145 1196 2207 pro·
1247 2128 1328 2192 riter
1360 2125 1492 2191 Iudaeis
1524 2123 1615 2188 tulit:
1646 2121 1831 2188 communis
1864 2134 1973 2187 tamen
2004 2121 2154 2205 gentium
2186 2132 2221 2186 et

225 2207 376 2272 miserint
407 2230 442 2272 se
482 2208 602 2273 ieiunio
635 2209 791 2290 affligere.
847 2210 939 2276 Nihil
972 2212 1059 2276 enim
1092 2210 1197 2289 magis
1221 2268 1224 2295 ,
1248 2222 1391 2278 aetatum
1422 2209 1572 2277 omnium
1600 2216 1651 2274 est
1671 2208 1735 2272 ista
1757 2207 1914 2289 aequitas,
1943 2228 1984 2271 ne
2002 2207 2138 2273 miseros
2160 2206 2220 2271 ho·

227 2305 389 2359 remotum
411 2295 452 2359 ah
473 2293 564 2358 illius
585 2304 712 2358 mente:
734 2297 810 2377 quia
832 2318 896 2362 non
915 2297 979 2363 nisi
996 2296 1037 2361 de
1054 2296 1197 2362 secunda
1247 2299 1353 2363 mines
1381 2308 1414 2362 et
1443 2296 1571 2361 attritos
1601 2293 1804 2358 devoremus.
1849 2291 1945 2357 Unde
1970 2294 2131 2375 sequitur,
2160 2293 2221 2357 auh

226 2378 308 2462 legis
320 2378 430 2443 tabula
441 2380 689 2445 etmutuainter
698 2379 1195 2448 hominesrectitudinedisserit.
1248 2383 1361 2449 illicito
1381 2383 1512 2447 foenore
1534 2402 1599 2478 non
1622 2377 1854 2477 comprehendi
1877 2378 2016 2456 lucrum,
2039 2377 2127 2460 quod
2147 2379 2220 2477 sine

1248 2464 1700 2643 territoreas
1723 2464 2017 2615 terruere
2038 2484 2221 2614 terrra

1056 2624 1114 2668 '¹⁰⁹²
1133 2624 1195 2668 '²¹⁰'
1248 2640 1433 2714 deductum,
1457 2639 1536 2703 satis
1559 2637 1711 2713 ostendit,
1734 2657 1862 2716 usuras,
1883 2601 2068 2718 quadrenus
2090 2633 2220 2699 furandi

1248 2735 1282 2791 et
1315 2723 1492 2808 praedandi
1526 2722 1690 2786 licentiam
1724 2741 1835 2786 seeum
1874 2721 2018 2799 trahunt,
2060 2720 2220 2785 damnari.

311 2807 385 2870 Hoc
423 2827 521 2870 versu
555 2806 704 2871 fidelibus
736 2806 845 2872 David
879 2809 1036 2892 praecipit
1069 2831 1110 2873 ne
1143 2810 1194 2874 vel
1248 2809 1400 2876 Ezechiel
1422 2808 1552 2893 quidem
1575 2808 1626 2886 28,
1649 2808 1671 2871 4
1692 2806 1828 2890 quodvis
1849 2816 2064 2893 augmentum
2089 2805 2221 2870 videtur

224 2893 356 2956 foenore
379 2904 516 2972 gravent
538 2893 702 2974 proximos
724 2913 809 2970 suos,
839 2896 891 2958 vel
913 2894 1103 2960 muneribus
1125 2917 1195 2960 eor·
1249 2896 1423 2961 damnare:
1455 2895 1514 2961 sed
1544 2914 1607 2959 non
1632 2893 1766 2958 dubium
1789 2904 1839 2958 cst
1861 2897 1940 2977 quin
1963 2891 2004 2958 ad
2025 2893 2166 2957 iniustas
2188 2902 2221 2954 et

223 2977 311 3059 rupti
335 2977 464 3042 iniustis
487 2978 594 3042 causis
615 2976 759 3043 faveant.
811 2978 908 3059 Quod
927 2980 966 3043 ad
987 2982 1077 3062 prius
1095 3001 1196 3045 mom·
1249 2980 1570 3066 captiosaslucraudi
1583 2992 1670 3045 artes
1686 2978 1848 3061 respiciat,
1871 2977 1988 3062 quihus
2006 2977 2126 3043 divites
2143 2997 2219 3060 ege·

226 3065 317 3129 brum
341 3073 474 3146 spectat,
496 3065 572 3146 quia
594 3064 723 3128 videtur
744 3064 854 3129 David
877 3068 908 3130 in
927 3085 1049 3148 genere
1071 3076 1104 3131 et
1125 3068 1195 3132 sine
1248 3089 1323 3132 nam
1362 3067 1487 3151 plebem
1529 3064 1695 3131 rodebant.
1752 3062 1890 3130 Summa
1920 3064 2001 3130 haee
2034 3065 2086 3141 sit,
2125 3062 2221 3127 modo

225 3150 415 3232 exceptione
445 3148 600 3214 damnare
633 3170 751 3214 usuras
779 3171 902 3228 omnes,
939 3173 1058 3217 noman
1087 3154 1193 3237 ipsum
1248 3152 1398 3220 cordibus
1445 3153 1565 3219 nostris
1610 3151 1773 3232 insculpta
1817 3151 1871 3229 sit,
1921 3170 2017 3233 quam
2062 3147 2220 3214 Christus

224 3235 344 3319 passim
367 3233 557 3300 detestabile
586 3235 659 3301 luit.
705 3233 771 3301 Sed
801 3258 900 3320 quum
925 3241 1023 3303 astuti
1047 3239 1196 3304 homines
1248 3239 1366 3305 Matth.
1397 3239 1427 3318 7,
1458 3239 1499 3303 12
1527 3235 1728 3320 praescrihit,
1757 3235 1930 3318 aequitatis
1959 3234 2088 3320 regula:
2123 3232 2221 3315 Quod

223 3323 284 3388 sibi
307 3319 522 3386 fabricassent
542 3322 705 3403 speciosos
727 3322 847 3402 titulos,
869 3323 929 3388 hoe
953 3325 1090 3391 artificio
1108 3325 1194 3407 clap
1247 3324 1385 3408 quisque
1418 3324 1481 3390 sibi
1514 3322 1585 3388 fieri
1619 3321 1699 3400 vult,
1732 3332 1770 3384 ut
1797 3322 1955 3403 proximis
1978 3322 2086 3389 iaciat.
2120 3319 2219 3402 longa

225 3430 277 3473 sos
317 3426 352 3470 se
392 3416 556 3489 putantes,
596 3408 718 3472 maiore
760 3407 893 3474 lieentia
926 3410 1073 3490 praedati
1106 3426 1194 3493 suut,
1247 3411 1467 3494 disputatione
1501 3408 1540 3473 de
1575 3408 1682 3473 usuris
1711 3407 1846 3472 minime
1875 3428 1958 3490 opus
1987 3408 2064 3471 iore.
2121 3405 2220 3485 Quod

247 3512 323 3555 uum
353 3490 381 3554 si
414 3491 521 3573 palam
550 3506 583 3555 et
615 3501 726 3574 aperte
747 3493 907 3558 foenerati
930 3506 1047 3559 essent.
1090 3496 1195 3579 Atqui
1247 3510 1357 3579 postea
1396 3497 1543 3578 sequitur
1578 3496 1613 3557 in
1646 3502 1810 3569 contextu,
1850 3493 1981 3576 proprie
2012 3492 2143 3575 quidem
2178 3490 2219 3554 ad

225 3515 319 3641 heus
356 3575 529 3658 sophistice
559 3585 593 3640 et
621 3577 741 3642 fucosis
770 3578 931 3645 coloribus
961 3581 1095 3645 minime
1124 3581 1196 3647 vult
1245 3582 1369 3648 iudices
1401 3590 1535 3665 spectat,
1569 3579 1625 3662 qui
1658 3578 1807 3644 mercede
1837 3577 1997 3655 conducti,
2031 3579 2081 3642 ius
2115 3585 2150 3640 et
2171 3575 2221 3640 fas

228 3682 337 3727 seeum
356 3663 418 3745 agi,
440 3661 497 3727 sed
516 3682 585 3727 rent
603 3663 708 3744 ipsam
726 3663 916 3745 simpliciter
935 3666 1076 3749 respicit,
1096 3687 1196 3748 quare
1247 3688 1343 3732 omne
1376 3676 1586 3751 pervertunt:
1626 3664 1757 3747 longius
1790 3678 1900 3728 tamen
1934 3663 2067 3728 extendi
2101 3672 2220 3746 potest,

228 3748 318 3812 nulla
350 3746 489 3813 deterior
521 3756 571 3813 est
603 3748 744 3812 foeneris
776 3752 910 3832 species,
944 3772 1039 3834 quam
1074 3753 1197 3817 iniusta
1219 3766 1223 3847 j
1247 3754 1324 3835 quia
1345 3774 1442 3852 saepe
1464 3751 1624 3835 contingit
1646 3753 1792 3832 privatos
1815 3769 1943 3832 quoque
1960 3749 2110 3814 homines
2128 3746 2220 3813 lucro

228 3832 441 3900 contrahendi
470 3833 563 3913 ratio,
592 3834 647 3897 ubi
676 3849 792 3899 mutua
814 3838 960 3919 aequitas
983 3857 1046 3901 non
1069 3837 1196 3903 celitur.
1247 3859 1421 3922 corrumpi,
1444 3846 1480 3901 ut
1502 3852 1599 3902 suum
1622 3835 1838 3919 patrocinium
1858 3834 1952 3900 malis
1969 3835 2075 3900 causis
2092 3853 2222 3900 accom-

228 3920 378 3986 Sciamus
410 3939 497 4004 ergo,
530 3929 719 3985 contractus
752 3942 866 3987 omnes
898 3921 1017 4005 quibus
1044 3923 1127 3988 alter
1155 3944 1197 3988 ex
1249 3924 1389 3989 madent.
1434 3923 1531 3988 'Pales
1553 3923 1654 4004 igitur
1676 3920 1886 4002 corruptelas,
1908 3920 2025 4004 quibus
2047 3941 2067 3984 a
2089 3938 2170 3985 vero
2189 3929 2223 3981 et

229 4006 362 4070 alterius
396 4004 514 4069 damno
550 4005 678 4071 luorum
706 4007 816 4089 inique
845 4021 963 4090 captat,
1007 4029 1197 4092 quoeunque
1250 4022 1337 4075 recto
1378 4006 1578 4087 abducimur,
1618 4007 1651 4069 in
1689 4027 1810 4089 genere
1842 4005 2068 4091 complectitur
2099 4002 2222 4068 David.

231 4090 363 4155 taudem
404 4091 535 4154 nomine
575 4092 765 4170 vestiantur,
806 4092 964 4160 damnari.
1019 4093 1199 4174 Quaeritur
1249 4096 1391 4178 Quidam
1424 4093 1566 4159 iudicum
1600 4094 1812 4172 rapacitatem
1845 4093 1952 4158 notari
1981 4098 2109 4176 putant,
2141 4086 2224 4153 dum

231 4190 344 4243 tamen
374 4196 416 4238 un
446 4175 507 4240 hoc
535 4175 604 4241 loco
634 4177 802 4242 habendae
831 4182 897 4244 sint
928 4201 1042 4247 omnes
1066 4202 1197 4246 usurae.
1250 4179 1482 4264 redemptionis
1533 4177 1651 4242 retium
1674 4186 1872 4260 extorquent
1892 4178 1933 4243 ab
1954 4176 2110 4253 innoxiis,
2138 4194 2226 4259 quos

232 4264 269 4329 Si
294 4260 437 4344 praecise
466 4258 673 4338 damnentur,
701 4263 882 4345 periculum
912 4277 961 4330 est
983 4286 1026 4330 ne
1049 4267 1142 4330 multi
1163 4267 1199 4330 in
1251 4268 1354 4353 gratis
1376 4267 1488 4331 iuvare
1510 4200 1707 4328 debuerant:
1729 4265 1786 4329 sed
1809 4263 1975 4328 diversum
1997 4284 2070 4328 esse
2087 4281 2227 4327 sensum

234 4371 288 4415 eas
317 4346 483 4425 angustiae
511 4359 663 4428 potantes
690 4368 724 4411 se
754 4347 912 4426 redactos,
943 4364 980 4415 ιιι
1008 4372 1135 4433 quocun
1160 4373 1200 4417 ue
1252 4376 1292 4419 ox
1326 4351 1423 4418 simili
1451 4348 1634 4415 Ezechielis
1667 4348 1736 4414 loeo
1769 4358 1867 4431 patet.
1912 4347 1991 4435 (Qui
2018 4349 2096 4429 facil
2123 4344 2226 4431 hacc.)

234 4457 268 4505 se
291 4442 439 4506 vertunt,
478 4430 622 4513 undique
647 4433 816 4498 immineat
845 4444 1021 4516 peceatum,
1052 4438 1123 4519 ipsa
1138 4373 1201 4501 de·
1253 4440 1344 4505 Haec
1373 4435 1519 4502 clausula
1547 4455 1662 4498 rursus
1692 4434 1854 4510 admonet,
1882 4455 1949 4499 non
1972 4433 2166 4515 omnesqui
2190 4453 2228 4496 se

235 4520 417 4605 speratione
440 4515 629 4581 audaciores
650 4518 735 4596 facti,
758 4518 878 4603 ubsque
901 4520 1028 4586 delectu
1051 4544 1086 4586 sa
1108 4544 1201 4605 pruc-
1254 4523 1465 4607 ingerentia
1488 4520 1721 4597 sanctuarium,
1743 4532 1917 4602 perpetuos
1939 4541 2010 4585 esse
2032 4520 2120 4585 cives
2140 4518 2229 4583 Hie-

235 4608 380 4689 cipitent,
409 4601 508 4667 simul
533 4621 609 4666 vero
631 4622 668 4667 ae
691 4604 857 4687 quidpiam
880 4627 1071 4673 conoessum
1094 4609 1202 4685 itrorit,
1254 4609 1444 4693 rosolymee,
1485 4605 1542 4671 sed
1581 4626 1654 4670 eum
1695 4603 1834 4669 Ismaele
1870 4605 1934 4690 (cui
1974 4604 2098 4670 similes
2131 4601 2229 4689 sunt)

236 4692 332 4758 multi
359 4691 420 4756 sibi
448 4687 591 4752 hisbeuas
620 4686 787 4764 laxabant,
822 4691 1009 4757 foenerandi
1040 4693 1203 4758 licentium
1255 4696 1393 4759 eiectum
1413 4692 1453 4757 iri
1471 4690 1660 4775 hypocritas
1676 4705 1709 4755 et
1728 4692 1909 4774 quicunque
1926 4702 2111 4757 sanctorum
2130 4690 2231 4755 titulo

238 4781 308 4844 sino
330 4775 426 4843 modo
447 4782 599 4857 putantes
621 4772 681 4838 sibi
704 4773 821 4840 luctam
844 4796 923 4841 osso.
968 4777 1077 4843 l‘riruo
1095 4780 1205 4862 itaquo
1256 4780 1454 4844 ruendaoitor
1476 4797 1511 4842 se
1534 4777 1713 4841 venditant.
1759 4774 1856 4856 Quod
1879 4786 1988 4842 autem
2011 4778 2169 4843 Psalmus
2184 4778 2230 4842 46

239 4866 307 4928 loco
341 4860 523 4928 admonitos
555 4878 624 4925 esse
658 4857 794 4924 lectores
827 4862 935 4938 velim,
969 4884 1012 4928 ne
1046 4865 1205 4947 ingeniosi
1258 4865 1317 4929 toti
1339 4864 1491 4929 eeclesiae
1514 4863 1635 4945 tribuit,
1659 4862 1699 4926 ud
1723 4882 1987 4945 unumquemque
2010 4864 2156 4929 fidelium
2175 4863 2233 4929 hie

239 4951 306 5015 sint
324 4949 364 5013 ad
382 4944 559 5029 captandos
576 4941 747 5009 fraudandi
766 4946 902 5012 colores:
924 4969 984 5013 nec
1002 4948 1061 5015 sihi
1081 4950 1207 5033 lingant
1259 4950 1366 5014 David
1401 4949 1629 5014 accommodat.
1686 4948 1784 5012 Ratio
1817 4948 1883 5011 illie
1913 4950 2119 5033 exprimitur,
2151 4951 2234 5034 quia

240 5033 414 5118 quidquam
437 5052 508 5100 esso
530 5031 666 5113 licitum,
696 5031 780 5113 quod
802 5032 874 5097 aliis
896 5054 998 5115 gravo
1019 5046 1053 5098 ot
1074 5033 1208 5101 damuo·
1261 5036 1350 5100 llous
1372 5035 1406 5099 iu
1429 5031 1533 5097 ruodio
1549 5033 1795 5113 Hierosolymae
1815 5033 1956 5098 habitat:
1979 5037 2101 5100 scimus
2119 5047 2234 5103 autem

242 5141 315 5186 aum
347 5120 401 5185 sit.
444 5119 515 5182 Iam
547 5114 632 5201 quod
665 5114 706 5181 ad
739 5118 851 5181 locrius
884 5130 1017 5201 spectat,
1049 5120 1104 5185 vix
1139 5122 1207 5186 lieri
1260 5118 1433 5203 aperlldis
1456 5130 1488 5184 ot
1506 5118 1669 5203 improbis,
1693 5120 1750 5202 qui
1770 5140 1826 5185 ore
1843 5134 1973 5185 tantum
1991 5132 2027 5186 et
2044 5122 2139 5191 labiis
2156 5124 2235 5190 ficte

242 5216 347 5291 potest
376 5218 412 5270 ut
432 5203 619 5271 inveniatur
641 5201 675 5269 in
698 5202 819 5269 nutudo
842 5200 1035 5281 lootrorutor,
1064 5206 1118 5289 qui
1143 5227 1207 5271 uon
1261 5202 1302 5269 nd
1324 5226 1399 5271 eum
1421 5204 1587 5279 troandum,
1609 5206 1704 5288 louge
1727 5216 1889 5271 remotum
1912 5227 1992 5271 esse.

310 2515 339 2579 5.
360 2514 531 2581 Pecuniam
547 2537 639 2581 meant
656 2538 717 2581 uon
729 2520 821 2599 pouit
838 2502 1019 2601 iu'foeuore,

224 2622 318 2683 super
339 2602 526 2667 irritoeetttem
547 2622 607 2665 uon
622 2604 749 2682 accipit:
774 2605 829 2684 qm'
849 2605 927 2687 facit
949 2603 1032 2687 ltoce,

222 2688 343 2752 rebitur
366 2689 399 2752 ia
420 2688 588 2752 soeculum.
