4658 5856
236 375 301 440 499
1092 366 1307 435 PSALMUS
1330 371 1370 434 L.
2162 365 2226 432 500

325 563 354 627 7.
373 560 477 646 (Audi
489 559 607 642 popule
625 558 679 638 mi,
697 555 872 643 etloqccr.)
901 555 1082 639 Postquam
1100 554 1206 621 officio
1260 556 1316 621 sed
1336 555 1484 640 neglecta
1502 556 1607 621 cordis
1625 554 1783 620 munditie
1802 556 1841 620 ad
1860 554 2102 638 propitiandum
2115 553 2224 619 Deum

238 651 407 733 praeconis
441 647 573 711 functus
605 653 655 709 est
687 642 861 725 propheta,
895 654 927 706 et
954 641 1079 706 addidit
1109 642 1208 707 etiam
1259 643 1391 724 fingunt
1419 662 1489 706 ense
1519 642 1660 723 piacula:
1693 664 1757 706 non
1787 651 1913 707 tantum
1943 661 2002 724 pro
2027 641 2128 705 nihilo
2153 640 2226 706 duci

240 756 322 819 quae
351 732 466 798 merito
494 730 708 814 percellerent
738 726 906 792 hominum
934 737 1071 809 mentes,
1098 727 1207 792 Deum
1261 730 1353 810 quasi
1376 727 1509 792 frivolas
1527 749 1641 811 nugas,
1664 726 1720 793 sed
1739 729 1885 812 graviter
1903 727 2050 792 damnari
2069 738 2226 809 tanquam

241 821 396 887 continuo
420 830 531 882 tenore
549 816 733 898 loquentem
756 811 897 877 inducit:
920 824 1016 896 atque
1035 814 1208 878 utiterum
1261 814 1508 896 inquinamenta
1525 834 1609 895 quae
1621 812 1684 876 Dei
1702 813 1825 878 cultum
1846 813 2028 895 profanant.
2062 814 2226 878 Tenemus

240 905 391 971 ostendat
419 922 550 969 oausam
581 899 716 963 maximi
744 898 899 980 ponderis
929 900 1070 977 tractari,
1102 906 1208 964 atten-
1261 899 1338 983 quid
1361 900 1421 965 sibi
1444 900 1536 964 Deus
1558 899 1638 963 velit
1660 899 1712 962 his
1735 897 1851 976 verbis,
1876 899 1950 962 Non
1972 919 2106 982 arguam
2129 899 2227 963 teob

240 992 363 1055 tionem
386 989 506 1053 excitat
523 984 670 1069 pluribus
690 985 805 1049 verbis.
838 984 923 1049 Nam
943 984 1034 1051 Deus
1050 985 1208 1070 populum
1259 987 1433 1051 sacrificia:
1465 983 1550 1067 quod
1579 984 1703 1050 scilicet
1732 984 1831 1048 altius
1854 983 2013 1065 respiciat.
2057 985 2228 1049 Posterius

240 1098 338 1143 suum
365 1072 548 1158 appellans,
582 1070 789 1135 autoritatem
823 1071 922 1136 verbo
954 1092 1012 1136 suc
1039 1070 1208 1137 vendicet:
1260 1071 1443 1137 membrum
1473 1072 1640 1136 commode
1669 1071 1716 1135 ita
1744 1079 1851 1153 potest
1878 1069 1990 1153 accipi,
2020 1069 2105 1154 quod
2136 1069 2227 1134 holo·

242 1161 359 1226 deinde
381 1159 535 1225 admonet
563 1176 628 1220 non
652 1154 818 1238 vulgarem
841 1155 901 1219 sibi
925 1178 1109 1222 sermonem
1131 1157 1208 1235 lore,
1261 1168 1372 1223 causta
1394 1165 1469 1222 ante
1486 1156 1551 1221 Dei
1568 1155 1677 1221 oeulos
1699 1155 1738 1220 ad
1758 1156 1951 1234 satietatem,
1973 1156 2039 1220 imo
2061 1155 2226 1219 fastidium

242 1248 299 1313 sed
319 1242 547 1329 expostulandi
568 1240 632 1307 sibi
650 1262 720 1306 esse
739 1241 917 1320 materiam,
941 1243 1026 1324 quod
1045 1264 1064 1306 a
1082 1242 1210 1327 legibus
1261 1264 1364 1325 usque
1386 1251 1567 1320 versentur,
1597 1240 1867 1324 quemadmodum
1892 1240 2016 1305 Iesaiae
2038 1242 2066 1322 1,
2088 1241 2128 1306 13
2151 1238 2230 1305 dicit

240 1333 329 1419 pacti
352 1333 402 1396 sui
425 1327 629 1394 desciverint.
667 1326 814 1391 Vertunt
835 1327 982 1409 qnidam:
1006 1328 1211 1394 contestabor
1262 1350 1417 1395 nauseam
1446 1329 1508 1393 sibi
1530 1330 1706 1410 provocari.
1751 1326 1817 1391 Alii
1840 1327 2047 1410 negationem
2076 1325 2229 1391 subaudi-

241 1430 354 1486 oontra
376 1429 416 1481 te.
462 1412 529 1480 Sed
551 1434 593 1477 ex
615 1413 777 1479 communi
800 1413 980 1496 scripturae
1001 1435 1064 1480 usu
1085 1415 1209 1499 colligi·
1262 1427 1331 1489 unt,
1361 1426 1395 1480 et
1416 1424 1595 1480 contexunt
1619 1435 1691 1479 oum
1715 1414 1820 1496 priore
1843 1411 1999 1489 membro,
2030 1412 2114 1495 qdod
2137 1413 2230 1476 Deus

241 1525 315 1569 mus
342 1501 450 1567 notari
477 1500 588 1583 potius
618 1498 886 1563 contestationem
917 1498 956 1563 de
985 1509 1100 1565 mutuo
1128 1501 1209 1578 iure,
1264 1502 1422 1567 rationem
1462 1500 1593 1583 exigere
1628 1499 1711 1564 nolit
1743 1497 1784 1562 de
1816 1498 1944 1565 omissis
1980 1499 2162 1578 sacrifieiis,
2202 1498 2229 1561 si

240 1609 277 1654 ac
307 1589 336 1653 si
366 1588 455 1652 Deus
485 1583 625 1649 foederis
655 1583 706 1648 sui
734 1585 923 1648 memoriam
954 1593 1140 1650 renovaret:
1173 1605 1211 1650 ac
1263 1587 1377 1653 Iudaei
1405 1585 1529 1651 inillis
1555 1607 1620 1651 non
1646 1594 1713 1649 tam
1736 1590 1773 1647 ιιι
1796 1582 1929 1650 decebat
1958 1583 2065 1649 seduli
2098 1584 2230 1648 luerint.

241 1675 368 1740 solenni
398 1673 475 1751 ritu,
505 1667 589 1752 qnod
619 1666 681 1735 sibi
711 1678 868 1752 expecto
892 1669 1038 1749 debetur,
1065 1672 1212 1755 exigeret
1264 1671 1445 1739 Probabilis
1469 1682 1579 1735 tamen
1601 1678 1650 1736 est
1671 1690 1784 1735 eorum
1807 1670 1981 1746 sententia,
2010 1672 2065 1754 qni
2094 1669 2231 1734 relativo

241 1759 283 1827 ab
323 1758 424 1824 eleeto
464 1755 592 1839 populo.
650 1754 774 1820 Eadem
815 1756 940 1820 ratione
979 1758 1146 1839 praefatur
1178 1777 1213 1822 se
1263 1759 1456 1844 interposito
1485 1757 1615 1841 legunt,
1649 1756 1701 1821 De
1729 1756 1897 1822 sacrifieiis
1926 1775 2009 1838 quae
2037 1776 2146 1821 eoram
2179 1775 2230 1818 me

241 1847 351 1911 Deum
375 1864 445 1909 esse
467 1840 609 1922 Israelis,
639 1852 675 1905 ut
696 1839 836 1905 Iudaeos
859 1840 900 1905 ad
922 1863 1019 1907 snum
1040 1844 1138 1910 unius
1160 1863 1212 1907 ar·
1263 1845 1393 1928 iugiter,
1415 1862 1453 1907 ao
1474 1843 1503 1909 si
1525 1842 1647 1908 dietum
1670 1852 1770 1907 esset:
1792 1841 1955 1923 Quamvis
1976 1841 2120 1925 exlegis
2141 1860 2231 1924 prae·

240 1930 379 1995 bitrium
402 1950 440 1994 ao
462 1935 578 1993 nutum
602 1934 742 2002 revocet,
765 1935 861 2008 atque
883 1928 1066 2010 emphatica
1089 1937 1138 1995 est
1156 1949 1213 1993 nc·
1264 1941 1358 2014 cepto
1380 1928 1510 1995 assidue
1533 1928 1721 1994 holocausta
1737 1927 1821 1991 mihi
1839 1927 1948 1992 offerri
1971 1928 2153 2004 conveniat,
2173 1946 2232 2010 ego

242 2017 340 2082 minis
358 2015 423 2080 Dei
445 2012 612 2096 repetitio:
635 2012 713 2078 nesi
728 2011 865 2077 diceret:
888 2012 978 2077 Dum
1002 2036 1054 2078 me
1071 2013 1214 2099 alligatis
1265 2024 1374 2080 tamen
1399 2015 1438 2080 de
1459 2014 1519 2080 hoc
1542 2015 1693 2096 neglectu
1715 2013 1808 2079 litem
1831 2010 1923 2078 vobis
1945 2034 2009 2078 non
2031 2011 2181 2078 movebo.

242 2102 362 2167 vestris
390 2099 566 2183 figmentis,
597 2107 754 2181 quantum
785 2097 885 2164 distat
916 2099 995 2165 haee
1025 2101 1160 2167 audacia
1182 2109 1215 2164 et
1350 2101 1380 2166 9.
1413 2099 1504 2186 (Noa
1532 2120 1655 2166 mam
1683 2121 1700 2164 e
1726 2099 1815 2166 domo
1843 2096 1922 2184 tao.)
1976 2099 2069 2164 Duas
2102 2096 2233 2162 adducit

242 2186 412 2252 temeritas
450 2183 490 2249 ab
532 2206 569 2248 ea
610 2204 693 2268 quae
726 2184 806 2248 mihi
839 2183 974 2250 debetur
1006 2185 1212 2251 reverentia?
1267 2188 1410 2252 rationes
1439 2208 1498 2252 cur
1528 2186 1686 2251 sacrificia
1709 2206 1776 2250 non
1799 2194 1900 2264 curet,
1929 2204 2037 2268 neque
2059 2183 2125 2248 illis
2147 2181 2233 2247 oble-

243 2272 329 2338 Nam
348 2292 447 2355 quum
458 2269 550 2335 Deus
568 2270 638 2344 sim,
657 2288 860 2353 compescere
874 2292 1003 2337 omnem
1016 2272 1213 2355 proterviam
1267 2283 1380 2356 otetur,
1411 2273 1500 2357 prior
1521 2280 1580 2348 est,
1604 2270 1689 2354 quod
1712 2271 1809 2336 etiam
1833 2270 1860 2336 si
1884 2279 2036 2335 vescatur
2057 2269 2233 2348 sacrifieiis,

245 2357 382 2424 debebat
410 2356 564 2420 maiestas
592 2376 674 2432 mea,
703 2364 741 2419 ut
769 2353 809 2418 ad
840 2376 951 2421 vocem
974 2379 1081 2423 meam
1103 2358 1216 2423 sileret
1268 2367 1466 2424 nontamen
1488 2355 1821 2441 indigeatbcminum
1845 2375 1952 2438 opera,
1982 2357 2137 2437 quoniam
2164 2363 2234 2418 tota

244 2445 350 2508 omnis
380 2462 462 2508 earo.
507 2441 600 2506 Inter
630 2461 689 2506 vos
719 2448 826 2505 nutem
856 2442 973 2524 quibus
1002 2465 1054 2509 mo
1077 2443 1215 2528 patefeci
1267 2444 1381 2509 mnndi
1400 2443 1566 2527 plenitudo
1584 2444 1626 2507 sit
1644 2442 1705 2507 sub
1724 2444 1793 2508 eius
1810 2462 1925 2507 manu:
1948 2441 2051 2506 altera
2068 2449 2128 2520 est,
2149 2437 2233 2523 quod

244 2532 279 2593 in
302 2528 420 2605 Deum,
438 2547 475 2591 eo
497 2528 572 2610 plus
594 2526 737 2608 obsequii
759 2526 917 2591 merebar.
1267 2530 1339 2596 cibo
1362 2539 1394 2594 et
1416 2539 1493 2614 potu
1516 2529 1598 2593 nihil
1622 2548 1703 2611 opus
1726 2529 1853 2602 habeat,
1885 2546 1967 2609 quae
1989 2526 2136 2592 subsidia
2158 2536 2235 2590 sunt

331 2619 360 2678 8.
384 2612 470 2699 (Non
492 2633 586 2694 super
606 2610 796 2697 cambolas.)
839 2612 905 2677 Hie
927 2621 977 2676 est
1005 2633 1122 2679 causae
1151 2624 1215 2678 sta·
1268 2617 1431 2680 humanas
1466 2615 1677 2680 infirmitatis.
1737 2614 1852 2678 Priore
1891 2614 1994 2696 igitur
2032 2612 2103 2678 loco
2142 2630 2234 2677 suam

247 2711 311 2783 tus,
341 2699 449 2763 Deum
480 2698 639 2761 sacrificia
669 2696 749 2760 nihil
782 2699 920 2775 morari,
952 2718 1058 2780 neque
1086 2700 1216 2785 dignari
1268 2700 1467 2785 opulentiam
1500 2699 1625 2782 profert
1653 2699 1745 2765 Deus
1777 2700 1810 2763 in
1841 2697 2000 2772 medium,
2034 2708 2072 2762 ut
2101 2697 2235 2762 minime

247 2784 315 2849 ullo
337 2784 440 2865 pretio
462 2783 490 2845 si
512 2803 572 2865 per
594 2803 628 2848 se
651 2783 874 2862 aestimentur,
898 2804 962 2847 non
986 2782 1071 2866 quod
1095 2785 1218 2850 frustra
1268 2808 1350 2870 opus
1379 2786 1422 2850 sit
1446 2784 1622 2868 quidquam
1651 2785 1692 2850 ab
1721 2784 1905 2850 hominibus
1938 2783 2096 2849 mutuari:
2138 2792 2234 2865 atque

247 2868 502 2936 sacrificaverint
525 2865 651 2946 Iudaei,
679 2877 713 2932 et
734 2868 858 2950 absque
886 2871 953 2934 ullo
982 2871 1109 2936 fructu:
1139 2872 1217 2955 quia
1267 2872 1354 2937 bane
1373 2870 1538 2936 doctrinae
1557 2880 1683 2955 partem
1702 2873 1909 2953 prosequitur
1927 2881 2067 2953 quatuor
2079 2868 2234 2934 versibus.

247 2954 347 3019 nimis
376 2952 551 3018 absurdum
583 2953 685 3038 foret,
715 2952 893 3037 quidquam
924 2955 1041 3021 inutile
1069 2957 1169 3024 luisse
1198 2978 1217 3023 a
1268 2956 1397 3023 Deinde
1429 2978 1465 3021 se
1497 2957 1656 3040 disiungit
1688 2955 1729 3021 ab
1762 2955 1959 3034 hominibus,
1992 2956 2046 3039 qui
2080 2953 2234 3020 caducam

249 3042 320 3106 Dec
343 3050 562 3122 praeceptum.
604 3037 671 3104 Sed
695 3060 794 3122 quum
818 3040 909 3105 Deus
931 3041 1037 3109 clficia
1058 3042 1217 3126 quaedam
1269 3045 1370 3109 vitam
1401 3042 1473 3108 cibo
1501 3052 1533 3106 et
1561 3051 1639 3125 potu
1669 3042 1824 3107 tolerant:
1858 3062 1960 3125 quum
1992 3041 2124 3124 propria
2158 3039 2235 3117 vita,

247 3125 437 3209 simpliciter
458 3126 582 3207 probet,
609 3125 740 3209 pietatis
763 3142 841 3190 vero
863 3127 1028 3206 exercitia,
1056 3138 1218 3211 qnatenus
1269 3150 1353 3214 quae
1382 3138 1488 3193 totum
1518 3126 1677 3192 mundum
1705 3126 1868 3205 vivificat,
1901 3125 2031 3191 abunde
2062 3132 2236 3192 contentus

247 3213 435 3278 referuntur
464 3210 499 3275 in
530 3210 716 3295 legitimum
748 3212 866 3277 finem:
901 3213 955 3278 ubi
987 3213 1091 3363 signis
1125 3215 1218 3280 nulla
1269 3216 1321 3281 sit.
1376 3215 1450 3280 Etsi
1492 3221 1599 3279 autem
1639 3212 1720 3277 nihil
1758 3212 1865 3279 dicere
1907 3213 2035 3278 videtur
2076 3210 2236 3295 propheta

247 3297 369 3362 veritas
400 3296 574 3362 coniuncta
606 3307 672 3373 est,
714 3317 753 3360 ea
784 3299 901 3362 merito
934 3320 1015 3383 repn
1039 3300 1083 3364 iat
1116 3300 1217 3366 Deus.
1269 3301 1356 3385 quod
1385 3320 1452 3366 non
1481 3298 1589 3383 palam
1619 3298 1771 3365 omnibus
1801 3308 1914 3364 notum
1945 3298 1988 3363 sit
2010 3318 2047 3363 ae
2069 3307 2236 3374 testatum,

249 3387 359 3464 Atque
389 3380 470 3446 haee
497 3381 651 3464 loquendi
673 3382 777 3446 lorma
799 3385 966 3467 prophetia
989 3386 1070 3450 trita
1092 3396 1150 3463 est,
1180 3394 1218 3450 ut
1269 3388 1347 3469 quia
1375 3394 1484 3451 tamen
1514 3384 1554 3449 ad
1584 3385 1747 3450 carnalem
1771 3384 1834 3449 Dei
1865 3385 1989 3451 cultum
2020 3395 2140 3448 natura
2169 3390 2237 3445 tam

249 3467 392 3532 diximus
415 3467 593 3549 aliquoties,
616 3487 654 3534 ac
675 3468 865 3551 praesertim
889 3469 1020 3535 Psalmo
1036 3471 1089 3537 41.
1127 3470 1217 3552 Quo·
1269 3493 1384 3536 sumus
1412 3470 1571 3555 proclives
1600 3481 1638 3535 ut
1665 3470 1773 3535 Deum
1806 3471 2018 3536 aestimemus
2050 3491 2092 3534 ex
2126 3478 2236 3532 nostro

249 3553 337 3617 niam
359 3571 437 3635 ergo
452 3552 682 3630 caeremoniae,
699 3554 726 3618 si
742 3573 801 3636 per
816 3574 852 3618 se
868 3562 1072 3639 reputentur,
1094 3557 1218 3622 nullius
1270 3557 1416 3641 ingenio:
1447 3556 1526 3623 haee
1549 3556 1726 3621 admonitio
1748 3555 1845 3620 valde
1867 3555 1959 3621 utilis
1980 3566 2040 3637 est,
2068 3573 2236 3620 arcanam-

248 3644 325 3704 sunt
346 3638 520 3702 momenti:
542 3646 642 3722 negat
660 3638 753 3704 Deus
775 3658 828 3704 eas
851 3661 887 3706 se
908 3641 1056 3725 flagitare
1079 3663 1115 3707 ae
1133 3643 1161 3707 si
1183 3643 1217 3707 in
1270 3664 1332 3726 que
1355 3642 1548 3725 sapientiam
1575 3643 1731 3725 continet,
1760 3643 1813 3706 nbi
1843 3641 1954 3707 omnia
1981 3642 2089 3707 conati
2114 3638 2238 3703 ιἰιιιὶιιι

249 3725 315 3789 illis
336 3723 487 3807 occupari
505 3723 605 3788 vellet
627 3745 741 3790 servos
763 3745 848 3803 suos,
877 3748 978 3809 quum
1000 3735 1130 3792 tantum
1152 3729 1219 3793 sint
1271 3728 1428 3807 homines,
1455 3727 1537 3793 nihil
1559 3737 1669 3792 tamen
1691 3748 1784 3810 posse
1807 3729 1878 3793 Deo
1900 3727 2114 3806 commodare,
2144 3721 2239 3789 sicuti

250 3809 429 3893 spiritualis
450 3809 558 3875 cultus
579 3809 777 3875 adiumenta.
817 3809 871 3877 Sic
888 3811 1004 3878 Ierem.
1017 3814 1046 3880 7.
1059 3814 1103 3878 22
1120 3822 1220 3898 negat
1271 3813 1401 3881 Psalmo
1421 3814 1470 3891 16,
1487 3814 1507 3877 2
1525 3812 1683 3877 vidimus:
1707 3813 1933 3879 Benefieentia
1954 3833 2028 3877 mea
2045 3833 2109 3877 non
2133 3809 2174 3874 ad
2197 3820 2238 3873 ta

250 3894 481 3978 nequidquam
504 3895 676 3962 mandasse
698 3896 738 3961 do
761 3898 937 3964 sacntieiis.
982 3898 1039 3966 Sic
1060 3900 1221 3984 propbeta
1274 3899 1434 3982 Secundo,
1464 3898 1572 3964 Deum
1596 3896 1679 3961 nibil
1703 3899 1736 3963 in
1759 3920 1854 3964 nsum
1878 3919 2021 3982 poscere,
2050 3895 2107 3963 sed
2138 3912 2239 3979 quum

250 3980 352 4047 Micb.
375 3982 405 4059 6,
428 3981 448 4046 'l
471 3980 564 4049 dicit:
597 3980 765 4066 Numquid
798 3983 855 4048 aba
889 3995 920 4049 te
951 3985 1096 4068 postulat
1127 3985 1220 4052 Deus
1271 4007 1331 4051 sua
1352 3985 1549 4070 perfectione
1579 3992 1750 4048 contentus
1778 3986 1830 4063 sit,
1859 3983 2031 4049 hominnm
2060 3982 2238 4047 utilitatem

251 4076 328 4130 tuus
356 4075 393 4130 ut
418 4068 567 4133 immoles
597 4088 713 4152 greges
741 4067 902 4133 arietum?
933 4079 989 4136 aut
1017 4073 1052 4136 in
1075 4072 1221 4138 millibus
1272 4092 1427 4154 quaerere
1449 4073 1483 4135 in
1501 4068 1651 4135 omnibus
1668 4071 1861 4153 praeceptis.
1900 4068 2024 4135 Eodem
2048 4070 2114 4133 lere
2134 4064 2240 4131 tendit

251 4153 391 4217 arietum
419 4152 658 4234 beneplacitum
688 4152 780 4219 eius?
811 4155 890 4236 quin
919 4157 1028 4238 potius
1056 4166 1094 4223 nt
1121 4157 1220 4224 facias
1271 4157 1354 4222 illud
1375 4157 1498 4222 Iesaiae
1520 4175 1589 4237 cap.
1613 4154 1664 4233 66,
1689 4176 1770 4221 vers.
1798 4156 1829 4220 l:
1864 4153 1999 4220 Ocelum
2030 4151 2123 4218 sedes
2155 4169 2238 4236 msa,

250 4237 422 4313 iudicium,
453 4238 570 4322 diliges
593 4242 802 4322 aequitatem,
826 4250 886 4306 eto.
930 4240 988 4307 Sic
1010 4241 1117 4309 Ossae
1138 4244 1168 4322 6,
1188 4244 1220 4309 6.
1272 4255 1361 4307 terra
1383 4240 1557 4308 scabellum
1580 4239 1700 4322 pedum
1723 4262 1879 4305 meorum.
1924 4239 2032 4321 Quam
2055 4238 2157 4322 igitur
2184 4234 2239 4299 do·

252 4322 505 4388 Misericordiam
537 4323 626 4396 volo.
656 4333 690 4390 et
719 4345 786 4389 non
815 4327 1018 4393 sacrificinm.
1070 4327 1221 4412 Denique
1273 4348 1363 4391 mum
1383 4327 1555 4392 exstructis
1573 4324 1665 4400 mihi,
1687 4335 1746 4390 etc.
1779 4324 1875 4410 Item,
1896 4325 2015 4391 Nonne
2032 4345 2150 4389 manus
2167 4338 2240 4386 mea

252 4409 365 4474 referti
387 4416 466 4473 sunt
487 4409 663 4491 prophetae
686 4410 748 4475 hae
769 4410 934 4477 doctrine:
963 4415 1108 4478 maxime
1135 4413 1221 4497 apud
1274 4412 1354 4479 haee
1383 4413 1491 4477 omnia
1520 4408 1618 4476 lecit?
1656 4411 1784 4493 Quibus
1806 4410 1915 4478 verbis
1942 4433 1978 4476 se
2000 4410 2040 4476 ab
2062 4409 2152 4476 omni
2182 4426 2238 4470 ne·

252 4494 392 4561 Iesaiam
414 4493 560 4577 insignes
582 4500 662 4559 sunt
683 4495 756 4575 loei,
785 4517 855 4580 cap.
880 4498 974 4577 1,12
1002 4510 1036 4564 ιι
1065 4499 1116 4577 58,
1141 4500 1158 4564 1
1188 4508 1221 4567 ιι
1273 4499 1421 4563 cessitate
1453 4497 1582 4576 eximit,
1614 4497 1691 4580 quia
1719 4499 1790 4581 ipse
1822 4497 1866 4564 sit
1894 4505 2064 4562 aeternus:
2098 4491 2239 4560 mundus

253 4582 310 4659 66,
336 4580 367 4645 3.
420 4577 616 4663 Quanquam
648 4599 745 4663 saepe
776 4581 868 4649 Deus
901 4581 957 4648 ubi
989 4585 1148 4651 sacrificia
1180 4584 1221 4649 ab
1274 4594 1382 4650 autem
1421 4583 1550 4648 initium
1589 4581 1750 4649 babuerit.
1807 4581 1904 4649 Unde
1938 4582 2101 4665 seqnitur,
2141 4595 2237 4662 penes

253 4665 363 4748 impiis
393 4665 508 4731 vitiata
540 4686 611 4730 esse
640 4667 859 4748 conqueritur,
892 4690 958 4734 non
986 4669 1081 4735 modo
1114 4671 1221 4736 fructu
1273 4670 1380 4752 ipsum
1401 4669 1530 4752 plenam
1553 4687 1624 4732 esse
1645 4667 1825 4754 edaciorem,
1850 4669 1926 4753 quia
1947 4677 2068 4732 utnon
2087 4669 2237 4750 suppetat

253 4772 358 4817 vacua
387 4771 457 4817 esse
485 4752 676 4833 pronuntiat
698 4768 730 4816 et
752 4755 891 4835 respuit,
920 4754 979 4820 sed
999 4755 1091 4820 addit
1113 4757 1221 4840 etiam,
1273 4756 1411 4820 aliarum
1433 4775 1541 4819 rerum
1565 4755 1664 4834 copia,
1687 4755 1750 4819 sibi
1771 4757 1841 4839 ipse
1862 4754 1991 4820 suffieit.

253 4837 375 4903 talibus
410 4839 603 4921 corruptelis
643 4838 724 4902 iram
762 4859 856 4905 suam
891 4842 1070 4922 provocari.
1130 4841 1222 4907 Haeo

254 4937 364 4989 antem
394 4921 560 4990 distinmm
589 4925 731 4989 tenenda
759 4938 824 5006 eat,
852 4924 909 4990 ubi
931 4926 1021 5009 viget
1047 4927 1135 4992 inter
1163 4928 1221 4992 hc·
1360 4925 1411 4991 14.
1434 4923 1586 5009 Sacrifico
1607 4926 1676 4994 Ded
1697 4925 1829 5006 umen,
1850 4931 1879 4992 et
1900 4926 1993 4993 redde
2014 4922 2151 4992 Excelsa
2170 4924 2235 4986 eota

254 5009 361 5073 mines
382 5008 446 5073 Dei
465 5010 635 5089 institutio,
661 5021 694 5074 et
715 5030 750 5075 se
772 5011 806 5075 in
828 5012 1039 5077 caeremoniis
1060 5010 1102 5075 ad
1123 5013 1221 5078 fidem
1273 5017 1338 5077 beo.
1384 5010 1435 5077 15.
1465 5011 1580 5079 Invoco
1607 5033 1655 5078 me
1678 5013 1714 5079 iu
1734 5013 1786 5078 die
1807 5012 1997 5096 afflictionis,
2026 5029 2138 5077 ersom
2163 5007 2235 5074 ted

254 5114 346 5159 suam
369 5093 520 5159 alendam
542 5104 575 5161 et
595 5095 853 5163 confirmandam
880 5110 1042 5177 exercent,
1069 5098 1106 5161 iu
1129 5110 1221 5183 perte
1270 5096 1461 5183 clorificabit
1480 5118 1537 5164 me.

255 5199 354 5246 verae
381 5178 513 5264 pietatis
541 5181 656 5259 locari,
689 5183 782 5249 ouius
810 5191 888 5248 sunt
910 5180 1118 5249 adminicula.
1156 5182 1221 5250 Ubi

255 5271 365 5329 autern
384 5285 449 5329 non
468 5264 565 5331 modo
584 5266 655 5330 sine
673 5266 737 5333 lide
754 5286 809 5333 eas
826 5266 1015 5352 hypocritae
1031 5267 1222 5347 obtrudunt,
1360 5269 1410 5336 14.
1432 5268 1601 5357 (Sacrifico
1616 5270 1685 5339 Deo
1707 5269 1855 5358 urum.)
1891 5271 1983 5338 Haec
2004 5267 2148 5337 amuda
2163 5285 2235 5351 pars
