4672 5864
167 336 209 403 bl
1021 334 1239 403 Pentheus
1261 336 1324 401 IV.
2127 340 2171 406 58

168 524 290 608 potitus
317 544 376 590 suo
401 532 478 590 voto
500 525 681 608 gratiarum
704 524 865 592 actionem
888 522 1078 607 subiungat,
1106 521 1142 587 in
1195 523 1327 589 eminet
1373 522 1441 591 Sed
1466 524 1544 608 quia
1566 524 1606 591 de
1628 545 1749 609 genere
1771 525 1984 593 excellentiae
2006 536 2040 594 et
2061 527 2171 613 digni·

167 630 266 693 quam
294 609 491 675 sententiam
520 610 660 676 libenter
692 610 824 676 inclino.
867 609 1018 674 Primum
1041 607 1143 691 igitur
1196 609 1272 674 tetis
1301 630 1366 675 nun
1388 611 1475 674 inter
1496 629 1611 676 omnes
1632 611 1797 689 convenit,
1826 612 1921 678 nobis
1942 614 2086 680 sufficiat
2108 615 2171 681 hac

167 695 277 772 refert,
299 715 335 760 se
357 694 399 760 ed
420 694 484 759 Dei
505 715 600 778 opem
622 694 747 779 fugisse
764 694 799 759 in
819 694 982 777 periculis,
1004 700 1038 758 et
1055 692 1142 758 salu·
1195 713 1274 759 voce
1310 695 1420 759 notari
1456 696 1655 778 praelectum
1691 703 1873 761 cantorum.
1917 698 2003 764 Nam
2033 700 2171 768 victoris

168 791 236 845 tem
265 778 308 844 ab
336 800 373 845 eo
402 780 595 863 suppliciter
623 790 803 862 precntum.
846 778 986 857 Deinde,
1007 778 1048 843 ob
1071 796 1143 842 eam
1196 799 1317 844 nomen
1349 779 1432 845 mihi
1467 799 1533 845 non
1566 781 1742 865 probetur:
1785 783 1863 864 qnia
1896 783 1973 849 licet
2004 787 2170 867 praesenti

167 864 303 931 allatam
332 866 456 948 gratias
486 864 571 949 agit:
604 886 668 948 quo
698 873 838 931 testatur
860 862 1085 929 liberationem
1108 882 1144 926 se
1195 872 1389 947 argumento
1409 864 1615 947 respondeat,
1644 866 1718 931 eliis
1740 875 1852 931 tamen
1874 867 1963 947 locis,
1986 870 2042 934 ubi
2063 871 2170 953 repeti

165 947 240 1015 Deo
266 959 430 1032 acceptum
454 950 548 1016 ferre.
1194 948 1388 1028 videbimus,
1417 950 1508 1016 nullo
1538 951 1633 1015 modo
1661 951 1825 1018 convenit.
1870 953 2038 1036 Neginoth
2067 976 2170 1040 egos

254 1036 285 1100 9.
308 1034 460 1120 (Domino
488 1040 534 1100 cst
560 1033 673 1120 colus.)
717 1034 806 1116 Quis
834 1010 1060 1133 &interdum
1083 1052 1143 1115 pro
1191 1042 1245 1144 μ)
1277 1033 1409 1112 deduco,
1438 1035 1524 1118 quod
1552 1035 1718 1119 significat
1750 1037 1899 1119 pulsare:
1936 1039 2073 1121 ideoque
2102 1062 2169 1106 non

179 1134 210 1202 n
242 1121 402 1203 accipitur
432 1119 519 1204 apud
550 1120 730 1199 Hebraeos,
764 1120 898 1203 quidam
929 1140 996 1184 non
1018 1137 1143 1183 meom·
1195 1119 1309 1191 dubito
1331 1120 1589 1186 instrumentum
1611 1122 1713 1187 fuisse
1734 1123 1905 1188 musicum.
1950 1124 2047 1190 Unde
2064 1127 2168 1208 sequi·

201 1205 264 1272 ode
307 1216 455 1288 vertunt,
497 1224 517 1269 a
551 1205 696 1271 Domino
731 1215 780 1271 est
815 1204 914 1271 salus.
971 1203 1142 1286 sequutus
1195 1211 1258 1281 tur,
1287 1204 1457 1270 Psalmum
1488 1225 1555 1270 non
1584 1205 1681 1271 modo
1709 1205 1776 1271 alta
1805 1227 1893 1286 voce,
1929 1209 1986 1274 sed
2015 1209 2171 1276 adhibitis

166 1301 278 1357 temen
308 1311 382 1354 sum
412 1290 500 1372 quod
522 1291 703 1374 simplicius
726 1301 806 1370 erat,
836 1310 936 1374 penes
958 1290 1068 1354 Deum
1090 1308 1140 1353 sa·
1194 1308 1322 1370 quoque
1344 1289 1477 1355 musicis
1499 1290 1727 1356 instrumentis
1750 1291 1850 1358 fuisse
1868 1294 2063 1373 canendum,
2085 1316 2169 1378 quae

166 1376 269 1442 lutam
297 1385 456 1440 constare.
501 1374 629 1456 Quibus
651 1375 760 1442 verbis
781 1395 846 1440 non
870 1373 966 1439 modo
987 1371 1142 1439 servandi
1193 1374 1330 1456 regebat
1357 1383 1391 1439 st
1417 1374 1649 1441 moderebatur
1678 1376 1863 1458 praefectus
1892 1378 1948 1443 ille
1970 1382 2062 1446 cuius
2085 1381 2170 1447 iscta

165 1470 277 1544 partes
305 1470 338 1526 et
366 1460 497 1526 laudem
529 1462 586 1526 uni
615 1460 689 1526 Deo
719 1460 880 1540 vendicat,
914 1459 984 1525 eius
1005 1477 1141 1524 manum
1193 1458 1255 1523 luit
1276 1460 1410 1524 mentio.

166 1545 319 1612 omnibus
341 1546 496 1611 humanis
518 1546 670 1613 subsidiis
692 1547 789 1612 tacite
811 1565 995 1628 opponens:
1025 1541 1082 1609 sed
1105 1547 1143 1607 ut

166 1630 258 1696 mille
287 1630 481 1695 immineant
510 1642 642 1708 mortes,
679 1631 808 1697 obstare
837 1639 947 1695 tamen
974 1628 1048 1694 Deo
1076 1647 1142 1693 non
1279 1627 1308 1693 2.
1344 1627 1435 1693 Dum
1463 1628 1571 1709 domo,
1611 1631 1762 1711 responde
1793 1633 1884 1711 mihi,
1916 1633 2007 1701 Deae
2028 1637 2170 1703 tostico

167 1736 265 1800 posse
293 1737 357 1799 quo
385 1717 494 1782 minus
523 1716 564 1781 ad
592 1715 791 1784 servandum
820 1715 978 1781 sufficiat:
1012 1715 1078 1779 imo
1108 1714 1142 1776 in
1192 1733 1294 1778 meae:
1322 1715 1359 1778 io
1387 1714 1536 1796 coqueio
1565 1714 1708 1780 dilectasti
1736 1717 1825 1798 mibi,
1862 1719 2008 1786 miserere
2035 1722 2105 1799 mci,
2142 1725 2170 1786 ct

166 1812 321 1885 promptu
349 1811 478 1867 exserat
505 1801 596 1867 nullo
629 1803 760 1886 negotio
780 1822 878 1883 quam
901 1819 1032 1882 semper
1054 1796 1142 1881 apud
1192 1798 1273 1863 audi
1288 1799 1500 1879 precationem
1521 1819 1632 1864 mom.

165 1908 202 1954 se
232 1887 333 1952 habet
358 1885 506 1952 salutem.
550 1886 593 1951 In
623 1889 688 1953 line
717 1885 838 1952 Psalmi
858 1886 1001 1951 affirmat
1029 1881 1142 1948 David

166 1994 234 2039 non
256 1985 326 2038 tam
347 1972 408 2037 sibi
431 1971 588 2055 privatim
609 1972 672 2038 hcc
693 1972 795 2038 fuisse
815 1972 939 2046 datum,
963 1990 1061 2052 quam
1081 1967 1142 2033 toti
1278 1967 1343 2033 His
1373 1968 1481 2034 verbis
1504 1968 1661 2052 Probatur
1685 1972 1825 2039 Davidis
1847 1974 1937 2052 fides,
1967 1975 2022 2056 qui
2044 1974 2086 2041 ad
2109 1998 2166 2041 ex-

165 2058 298 2142 populo,
325 2077 367 2122 ne
389 2077 520 2138 pessum
542 2059 606 2122 iret
626 2076 709 2140 quae
731 2058 766 2121 in
787 2056 857 2122 eius
879 2076 981 2137 regno
1003 2053 1141 2119 fundata
1195 2061 1300 2117 trema
1331 2053 1494 2136 redactus,
1531 2064 1563 2118 et
1598 2056 1729 2137 quidem
1765 2059 1865 2142 longa
1893 2059 2051 2125 malorum
2082 2062 2167 2126 serie

167 2153 239 2209 erat
290 2144 474 2208 communis
519 2142 675 2208 ecclesiae
718 2142 817 2209 salus.
862 2139 1019 2223 Agnoscit
1061 2159 1141 2220 ergo
1193 2136 1262 2202 iere
1280 2151 1502 2221 consumptus,
1525 2142 1666 2205 moerori
1684 2152 1794 2208 tamen
1812 2165 1879 2209 non
1898 2143 2084 2211 succubuit:
2107 2167 2167 2212 nec

167 2228 288 2305 stid,
308 2226 380 2291 ideo
401 2226 591 2310 dissipatam
609 2227 711 2293 inisse
726 2228 861 2310 impiam
873 2223 1140 2300 coniurationem,
1191 2223 1315 2288 fractus
1344 2222 1406 2287 fuit
1427 2224 1537 2287 animo
1559 2227 1639 2306 quin
1662 2228 1704 2292 ad
1726 2227 1836 2295 Deum
1858 2230 2067 2294 liberatorem
2090 2251 2167 2297 con·

167 2314 246 2396 quia
263 2312 336 2377 Dec
354 2331 433 2376 cura
453 2320 525 2376 erat
544 2312 700 2379 ecclesiae
715 2310 905 2378 servandae.
945 2308 1140 2391 colligimus
1191 2307 1328 2390 sugeret.
1371 2307 1458 2371 Nam
1492 2310 1657 2390 precando
1691 2320 1829 2380 testatus
1862 2327 1912 2380 est
1943 2314 2065 2393 David,
2104 2317 2168 2382 sibi

166 2410 277 2465 nmen
317 2416 360 2461 ex
392 2396 454 2463 hoc
487 2397 567 2474 loco,
608 2398 777 2464 ecclesiam
811 2418 830 2462 a
861 2395 957 2461 malis
989 2392 1140 2457 omnibus
1192 2391 1344 2456 omnibus
1365 2391 1535 2473 praesidiis
1558 2394 1680 2460 nudato
1701 2419 1792 2479 spem
1815 2400 1847 2463 in
1871 2399 1943 2463 Deo
1966 2399 2069 2465 fuisso
2086 2403 2167 2466 resi·

166 2503 296 2565 semper
323 2481 498 2547 liberatum
520 2483 577 2547 iri:
612 2483 689 2564 quia
710 2481 812 2560 Deus,
835 2482 888 2546 cui
910 2479 1057 2562 suppetit
1076 2498 1141 2542 ser·
1193 2475 1301 2541 duam.
1346 2476 1457 2556 Porro,
1490 2477 1597 2544 Deum
1628 2480 1768 2548 iustitiae
1799 2504 1875 2549 sace
1896 2483 2050 2568 appellet,
2088 2487 2167 2552 acsi

168 2568 268 2634 randi
297 2565 443 2646 facultas,
472 2568 513 2633 ab
543 2588 582 2632 ea
611 2570 751 2650 gratiam
774 2586 867 2632 suam
890 2574 924 2631 ot
945 2563 1148 2630 benedictio--
1193 2562 1316 2627 diceret
1337 2561 1418 2627 iuris
1437 2563 1488 2626 sui
1512 2564 1684 2649 vindicem,
1706 2568 1793 2650 quod
1816 2568 1937 2652 passim
1959 2589 2073 2635 omnes
2090 2592 2166 2635 eum

167 2675 242 2719 nem
265 2672 435 2736 nunquam
458 2652 626 2720 subducet.
1194 2648 1397 2721 damnarent,
1417 2656 1449 2710 et
1468 2648 1612 2714 hostium
1631 2652 1804 2718 calumniis
1823 2655 2047 2736 perversisque
2073 2656 2166 2739 vulgi

1193 2731 1321 2798 iudiciis
1348 2753 1504 2816 oppressa
1525 2742 1611 2800 esset
1633 2738 1704 2802 eius
1727 2737 1921 2803 innocentia.
1966 2736 2071 2820 quue
2093 2741 2166 2806 dili·

1193 2826 1310 2901 genter
1338 2816 1520 2883 notandum
1549 2830 1610 2884 est.
1653 2821 1739 2886 Nam
1770 2844 1872 2904 quum
1904 2823 1987 2887 nihil
2010 2824 2054 2887 sit
2075 2844 2165 2892 accr-

1194 2903 1268 2969 bius
1298 2924 1396 2985 quam
1418 2923 1478 2967 nos
1499 2903 1670 2970 immerito'
1686 2908 1844 2986 damnari,
1875 2916 1908 2974 et
1930 2927 1997 2974 una
2019 2929 2093 2974 cum
2115 2911 2166 2975 in-

508 2990 716 3061 PSALMUS
738 2992 800 3059 IV.
1193 2989 1281 3053 iusta
1321 2989 1355 3053 vi
1397 2990 1541 3072 perferre
1580 2990 1759 3071 infamiam,
1801 2992 1836 3057 id
1875 3003 1988 3060 tamen
2021 2995 2166 3076 quotidie

1193 3074 1316 3139 sanctis
1335 3075 1459 3152 accidit,
1478 3082 1516 3139 ut
1532 3074 1657 3141 scilicet
1676 3077 1756 3142 benc
1775 3078 1902 3160 agendo
1913 3079 2000 3145 mels
2012 3081 2165 3145 audiantr

167 3181 248 3236 ABG.
266 3181 416 3250 Postquam
433 3181 519 3234 Deum
537 3179 617 3232 initio
634 3186 761 3248 precatus
781 3183 823 3232 est
840 3179 929 3233 David
947 3184 978 3231 ut
995 3178 1140 3247 sibiopem
1192 3161 1304 3241 sieque
1346 3157 1491 3225 exerceri
1532 3160 1673 3241 expedit,
1717 3170 1755 3225 ut
1796 3164 1904 3229 aversi
1940 3163 1981 3229 eb
2014 3166 2166 3232 omnibus

269 3249 348 3314 ieret,
367 3249 459 3302 statim
477 3247 682 3302 sermonumad
701 3246 793 3300 hostes
811 3254 981 3310 convertens,
1007 3246 1058 3298 Dei
1076 3261 1140 3315 pro·
1192 3243 1308 3308 mundi
1328 3243 1499 3324 illecebris,
1527 3244 1568 3308 ab
1590 3265 1658 3308 uno
1680 3245 1752 3310 Deo
1774 3249 1833 3311 toti
1857 3248 2029 3329 pendeant.
2073 3251 2164 3333 Ergo

269 3318 396 3372 minione
419 3318 504 3371 ‘min'
528 3323 658 3384 tanquam
676 3314 765 3396 uictor
781 3315 939 3383 triumphat.
975 3311 1139 3383 1‘⁸‘1¹¹⁰⁸¹¹⁰
1191 3327 1319 3393 iustitia
1340 3349 1399 3411 pro
1423 3330 1506 3394 bona
1528 3348 1627 3394 causa
1648 3331 1783 3414 capitur,
1806 3334 1900 3398 ouius
1919 3345 2036 3398 testem
2054 3333 2164 3399 Deum

270 3387 396 3455 example
419 3402 468 3439 nos
491 3384 578 3451 docet,
608 3388 714 3453 quoties
739 3399 783 3435 res
810 3381 940 3435 adversae
961 3386 1068 3450 urgent,
1095 3381 1140 3433 vel

271 3462 409 3509 extremae
431 3454 571 3522 mg„
594 3458 722 3522 mmm
754 3450 923 3504 mmm„
946 3465 1006 3502 csso
1024 3449 1140 3518 promis·
1191 3413 1392 3480 constituens
1421 3414 1531 3482 David
1562 3417 1772 3498 conqueritur
1794 3419 1944 3484 homines
1977 3420 2039 3485 sibi
2062 3421 2164 3485 male·

272 3522 363 3578 sioues
379 3522 438 3587 Dei,
456 3522 554 3590 quibus
572 3537 634 3589 spes
652 3493 747 3574 solutis
765 3518 919 3572 ostenditur
937 3517 1139 3585 uthocolypso
1191 3498 1283 3564 VOlOS
1312 3519 1383 3565 08⁸⁰
1413 3508 1446 3566 el
1472 3500 1619 3583 iniqu08²
1651 3521 1776 3585 suoque
1807 3503 1956 3588 exemplo
1978 3526 2038 3570 11⁰⁸
2061 3504 2164 3585 (loefli,

271 3591 379 3646 obiecto
397 3606 490 3644 omnes
508 3591 688 3643 tentationum
716 3593 805 3641 motus
822 3602 999 3657 perrumpere
1017 3586 1106 3639 liceat
1191 3584 1219 3648 si
1242 3585 1372 3667 quando
1399 3606 1465 3651 non
1495 3595 1651 3669 appareat
1672 3607 1781 3654 coram
1804 3589 1927 3654 mundo
1949 3602 2061 3655 nostra
2083 3592 2165 3656 into-

1191 3671 1304 3753 gritss,
1327 3690 1394 3735 non
1415 3671 1528 3738 decere
1547 3683 1657 3736 tamen
1676 3694 1736 3738 nos
1755 3675 1873 3740 animis
1894 3676 2012 3758 frangi,
2036 3677 2111 3758 quia
2128 3681 2163 3741 in

255 3762 285 3825 1.
308 3759 470 3841 Raefecto
491 3760 527 3822 irs
549 3758 703 3842 Nepicolb
722 3758 876 3825 canticum
896 3757 1046 3825 Decidio.
1192 3755 1280 3822 coelo
1302 3764 1352 3821 est
1374 3756 1497 3821 vindex
1515 3762 1636 3820 noster.
1682 3758 1849 3823 Dixerunt
1868 3761 1995 3843 profani
2014 3760 2164 3828 homines

1191 3840 1318 3907 nullum
1352 3861 1423 3904 esse
1457 3841 1574 3906 virtuti
1606 3841 1725 3908 melius
1759 3843 1925 3909 theatrum
1948 3845 2162 3911 conscientia:

256 3932 285 3995 1.
309 3928 385 4011 Quo
407 3938 552 4011 tempore
574 3929 773 4012 compositus
795 3928 892 3994 fuerit
912 3928 965 3995 hic
986 3928 1140 3993 Psalmus
1191 3927 1281 4009 atqui
1304 3925 1385 3990 heco
1406 3925 1585 3991 consolatio
1608 3926 1707 4010 longe
1729 3937 1915 4011 exsuperet,
1937 3929 2025 4011 quod
2043 3931 2165 3997 scimus

171 4017 330 4083 incertum
353 4021 412 4092 est,
432 4014 497 4079 nisi
520 4013 607 4096 quod
629 4036 670 4080 ex
693 4023 849 4081 contextu
872 4013 1048 4094 probabilis
1065 4034 1140 4079 con·
1191 4031 1252 4077 nos
1273 4012 1308 4074 in
1331 4009 1395 4074 Dei
1419 4019 1452 4073 et
1474 4012 1665 4095 angelorum
1688 4023 1864 4095 conspectu
1885 4023 1983 4092 stare,
2013 4014 2093 4080 dum
2115 4018 2165 4082 in·

170 4104 294 4169 iectura
323 4101 459 4180 elicitur,
494 4107 571 4165 tunc
598 4102 772 4183 profugum
802 4099 903 4164 fuisse
925 4107 958 4163 et
978 4099 1138 4163 exsulem.
1190 4097 1276 4161 iuste
1316 4094 1466 4160 homines
1505 4095 1599 4161 nobis
1638 4097 1809 4164 insultant.
1865 4099 1938 4165 Heu
1972 4101 2165 4167 fortitudine

171 4189 242 4273 Ego
270 4187 381 4269 itaque
410 4185 450 4250 ad
480 4193 608 4267 tempus
636 4187 751 4260 refero,
782 4206 942 4267 quocum
965 4204 1139 4265 persequs·
1191 4180 1374 4263 praeditum
1405 4181 1505 4247 luisse
1535 4182 1685 4248 videmus
1715 4183 1858 4250 Paulum
1881 4186 1908 4249 I.
1931 4185 2057 4251 Oorint.
2080 4187 2110 4263 4,
2133 4188 2163 4252 5.

171 4273 265 4339 betur
288 4271 380 4337 Saul.
425 4272 601 4334 ettamen
624 4272 651 4336 si
674 4272 745 4353 quis
768 4270 808 4334 de
831 4268 934 4334 altera
957 4269 1139 4351 iugaaoci·
1164 4294 1167 4326 ι
1190 4267 1276 4330 Nam
1310 4286 1411 4347 quum
1443 4267 1530 4351 apud
1563 4267 1752 4333 Corinthios
1786 4271 1881 4335 multi
1914 4269 1955 4336 de
1987 4293 2025 4335 eo
2060 4273 2165 4354 sparsi

172 4379 247 4442 pers
267 4357 362 4422 malit
384 4355 425 4419 ad
447 4376 543 4437 quam
567 4376 641 4419 eum
660 4354 819 4439 compulit
836 4355 1015 4419 coniuratio
1032 4353 1138 4419 Absa·
1191 4362 1300 4417 essent
1329 4351 1455 4416 sinistri
1485 4372 1642 4429 rumores,
1673 4353 1714 4416 ad
1746 4355 1807 4419 Dci
1832 4356 1978 4420 tribunal
2001 4367 2164 4438 provocat.

171 4443 246 4522 lom,
277 4463 343 4507 non
373 4441 469 4506 uelde
499 4441 701 4507 contendam.
746 4439 814 4506 Sed
842 4441 918 4522 quis
946 4439 1044 4522 panio
1068 4447 1140 4521 post
1163 4482 1166 4561 ⁴
1191 4435 1315 4502 Eadem
1345 4437 1465 4502 fiducia
1492 4437 1615 4503 Iesaias
1638 4437 1689 4517 50,
1714 4439 1734 4502 6
1757 4449 1790 4504 et
1812 4440 2032 4523 sequentibus,
2066 4461 2164 4523 quee-

171 4549 234 4594 uno
265 4527 365 4594 verbo
392 4525 519 4591 notabit
542 4527 734 4590 diuturnum
756 4525 819 4592 sibi
841 4526 941 4591 fuisse
963 4533 1138 4605 certamen,
1191 4543 1319 4605 cunque
1347 4524 1382 4587 in
1412 4523 1519 4607 ipsum
1541 4524 1661 4606 probra
1682 4524 1847 4591 iaciebant
1869 4527 1987 4604 hostes,
2018 4526 2165 4608 despicit.

173 4615 287 4680 melius
316 4613 469 4679 convenit
498 4611 585 4692 quod
608 4610 715 4692 priore
738 4614 807 4677 luco
830 4610 961 4676 adduxi.
1008 4608 1139 4675 Scimus
1191 4606 1303 4688 Quare
1332 4608 1413 4674 haec
1443 4629 1510 4673 una
1537 4609 1715 4691 patientiae
1742 4623 1873 4676 nostrae
1903 4611 2025 4675 fultura
2048 4622 2106 4685 est,
2135 4613 2164 4676 si

173 4700 256 4764 enim
286 4719 385 4780 quam
412 4697 503 4764 varis
536 4699 674 4761 iactatus
704 4697 801 4760 luerit
834 4706 1006 4778 antequam
1035 4715 1140 4759 emer·
1164 4714 1167 4745 τ
1192 4693 1303 4759 nullus
1333 4695 1488 4777 aequitati
1510 4694 1553 4757 sit
1575 4695 1667 4759 locus
1688 4694 1722 4759 in
1746 4696 1877 4772 mundo,
1907 4699 1941 4761 in
1971 4696 2079 4759 Deum
2113 4715 2165 4761 re·

174 4795 270 4868 geret,
304 4806 345 4848 ex
375 4803 438 4865 quo
472 4779 609 4846 infestus
642 4779 690 4843 illi
720 4801 791 4846 esse
821 4780 899 4847 Saul
929 4782 1043 4864 coepit.
1087 4780 1140 4846 De
1190 4781 1324 4861 spicere,
1346 4780 1480 4861 eiusque
1502 4779 1623 4845 iudicio
1645 4792 1909 4847 esseccntentos.
1933 4780 2164 4847 Obiicitamcn

174 4870 305 4936 vocibus
331 4888 412 4950 quas
434 4866 487 4931 hic
508 4887 622 4931 versus
645 4865 802 5033 cotssinet,
830 4866 892 4932 hoc
915 4875 1044 4931 tantum
1066 4867 1140 4932 bre·
1191 4872 1301 4948 potest
1322 4865 1478 4946 quaestio,
1502 4885 1603 4946 quum
1626 4872 1694 4928 tota
1717 4866 1889 4930 hominum
1911 4865 2037 4946 puritas
2056 4887 2165 4932 merce

174 4959 255 5020 viter
278 4954 452 5036 attingam:
475 4949 569 5031 Quod
592 4962 693 5032 mm
752 4952 899 5016 nonnulli
924 4960 1068 5028 vertunt,
1097 4951 1139 5016 In
1191 4951 1258 5015 sint
1285 4948 1372 5033 apud
1402 4948 1511 5014 Deum
1541 4949 1662 5028 sordes,
1696 4949 1856 5033 quomodo
1884 4970 1974 5014 suam
2005 4950 2164 5017 iustitiam

174 5040 345 5117 asculum,
388 5034 481 5121 quasi
522 5035 562 5100 cd
603 5035 802 5101 ordinariam
824 5037 1009 5135 cantionem
1033 5036 1140 5136 editus
1164 5030 1168 5137 l
1191 5038 1225 5100 in
1261 5035 1330 5132 eius
1365 5043 1575 5115 conspectum
1596 5035 1759 5133 'prolerre
1789 5033 1965 5134 audeant.¹
1996 5033 2093 5115 Quod
2124 5038 2165 5136 sd

175 5127 268 5192 luerit
295 5123 456 5201 Pselmus,
489 5130 642 5204 tanquam
667 5130 815 5188 coactum
837 5142 958 5187 renero.
1004 5122 1139 5187 Rectius
1164 5148 1167 5201 ς
1192 5118 1355 5184 Davidem
1384 5128 1519 5204 spectat,
1543 5120 1647 5185 facilis
1670 5131 1720 5184 est
1742 5121 1881 5186 solutro:
1911 5140 1989 5202 quia
2011 5142 2076 5185 non
2101 5125 2164 5188 nisi

174 5212 317 5278 sentiunt
335 5210 389 5274 elii
413 5219 515 5288 nm
539 5209 656 5286 vocari,
690 5206 745 5290 qui
769 5226 844 5288 prae
866 5206 939 5270 aliis
957 5207 1088 5270 excellit
1106 5217 1139 5271 et
1164 5204 1167 5276 l
1193 5205 1337 5271 hostium
1360 5224 1494 5270 suorum
1517 5214 1677 5286 respectu,
1707 5204 1747 5268 de
1769 5226 1828 5270 sus
1850 5205 1975 5270 iustitia
1996 5206 2165 5289 glorietur,
2264 5281 2272 5298 ·
