4658 5856
162 411 226 476 295
981 406 1195 475 PSALMUS
1217 407 1333 474 XXX.
2089 406 2152 472 296

163 601 230 664 sere
252 601 322 665 dies
345 601 416 666 sine
439 601 589 664 molestia
610 610 644 663 et
665 598 774 662 dolore
796 607 988 680 praetereat,
1017 594 1133 660 deinde
1184 607 1319 660 vertunt
1348 597 1598 663 abundantiam:
1628 617 1691 680 quo
1720 598 1819 661 sensu
1849 594 1926 659 alibi
1955 613 2050 676 saepe
2073 595 2153 660 aeci·

162 688 249 751 inter
271 695 321 751 tot
344 685 459 751 dubios
481 697 619 750 eventus
640 686 711 749 lieri
733 703 798 748 non
821 695 929 766 potest
950 683 1027 765 quin
1051 682 1133 745 assi·
1184 682 1289 763 pitur:
1312 683 1368 747 sed
1390 683 1561 748 contextui
1581 682 1701 748 melius
1722 680 1859 764 quadrat
1881 701 2000 747 nomen
2023 682 2151 762 quietis,

163 774 226 837 due
248 773 338 836 anxii
368 774 470 835 simus
503 790 540 834 ac
569 769 697 852 trepidi.
742 768 946 851 Quocunque
975 769 1077 851 igitur
1098 786 1133 831 se
1184 788 1222 831 ac
1244 769 1274 833 si
1295 768 1426 847 diceret,
1449 771 1504 834 ubi
1526 767 1670 850 undique
1691 768 1803 833 arrisit
1824 767 1962 844 fortuna,
1985 789 2044 832 nec
2061 764 2153 848 quid-

163 867 295 924 vertent
316 858 473 934 homines,
506 855 714 939 labyrinthus
736 854 898 919 malcrum
921 874 977 918 ece
998 853 1134 917 circum·
1185 873 1280 934 quam
1314 856 1466 938 apparuit
1509 855 1644 938 periculi
1685 855 1773 918 unde
1812 851 2022 917 metuendum
2055 865 2152 927 esset,

163 944 234 1008 dat:
265 944 322 1008 ssd
352 941 529 1024 quamlibet
558 940 672 1004 multis
694 941 763 1006 irae
786 961 864 1007 snae
887 941 990 1022 signis
1012 945 1133 1002 terreat
1184 949 1326 1003 mentem
1349 962 1441 1006 suam
1464 942 1555 1023 quasi
1577 959 1692 1023 sopore
1714 939 1813 1005 fuisse
1835 938 2008 1022 perfusam,
2031 947 2067 1001 ut
2090 938 2154 1002 sibi

163 1031 264 1105 Deus,
284 1038 382 1110 atque
400 1027 551 1091 humiliet
569 1026 691 1090 fideles.
700 1046 786 1105 suos,
805 1025 1008 1090 dulcedinem
1021 1033 1132 1088 tamen
1184 1027 1374 1089 continuum
1413 1026 1577 1091 felicitatis
1617 1046 1746 1091 cursum
1786 1026 1999 1107 promitteret.
2061 1022 2154 1088 Haeo

163 1117 288 1199 gratiae
310 1135 390 1178 suae
411 1133 539 1195 semper
556 1112 731 1195 adspergit,
755 1132 837 1194 quae
854 1130 1035 1175 moerorem
1054 1121 1133 1172 tcm-
1184 1112 1270 1174 enim
1304 1112 1422 1176 fidncia
1453 1113 1573 1190 earnis,
1611 1111 1710 1175 etiam
1733 1111 1863 1192 sanctis,
1905 1111 1982 1174 dum
2016 1110 2052 1173 in
2085 1109 2154 1173 suis

162 1209 256 1284 peret
277 1221 315 1265 ac
348 1198 456 1263 leniet.
501 1199 590 1280 Ergo
624 1197 651 1261 si
689 1198 776 1261 iusta
798 1197 923 1261 trutina
945 1196 1133 1260 examinent
1185 1195 1316 1281 deliciis,
1351 1209 1507 1280 tanquam
1529 1199 1563 1260 in
1586 1197 1739 1274 saepibus,
1761 1196 1915 1278 resident,
1938 1195 2075 1260 subinde
2097 1195 2153 1259 ob·

163 1289 246 1351 Iram
271 1296 305 1351 et
322 1283 555 1367 beneplacitam,
577 1302 706 1366 semper
723 1304 840 1347 verum
858 1283 930 1364 erit,
953 1281 1042 1345 illam
1061 1300 1132 1345 esse
1184 1282 1287 1364 repit:
1326 1283 1400 1348 ideo
1438 1284 1594 1348 Ieremias
1627 1282 1679 1359 31,
1715 1281 1755 1346 18
1788 1302 1824 1347 se
1856 1280 2014 1346 indomito
2049 1280 2152 1344 vitulo

162 1382 437 1448 momentaneam,
466 1369 526 1434 hoc
553 1380 663 1433 autem
692 1369 824 1433 extendi
852 1388 953 1450 usque
981 1367 1022 1431 ad
1045 1367 1132 1429 vitae
1184 1378 1351 1451 comparat
1368 1377 1544 1451 antequam
1563 1367 1770 1451 subigeretur
1788 1389 1807 1432 a
1825 1366 1978 1444 Domino,
1998 1376 2030 1430 et
2047 1385 2153 1430 essue·

162 1460 271 1537 finem,
290 1475 476 1539 quanquam
495 1456 582 1519 ultra
600 1454 750 1537 progredi
769 1454 938 1519 convenit:
962 1471 1130 1535 perperam
1183 1454 1276 1518 fieret
1308 1453 1349 1518 ad
1382 1455 1506 1537 iugum.
1551 1454 1624 1518 Etsi
1657 1463 1768 1524 antem
1803 1453 1909 1535 prima
1944 1453 2050 1535 specie
2082 1450 2154 1514 leve

162 1545 249 1610 enim
282 1541 462 1607 inelnditur
494 1540 556 1605 Dei
591 1541 697 1622 gratia
729 1543 816 1604 intra
857 1539 954 1604 huius
991 1537 1132 1603 caducae
1184 1560 1255 1604 esse
1277 1538 1407 1605 videtur
1429 1540 1490 1607 hoc
1513 1540 1640 1618 viuum,
1669 1539 1823 1622 colligere
1845 1550 1955 1620 tamen
1978 1559 2018 1601 ex
2041 1538 2155 1620 poenis

162 1630 248 1695 vitae
269 1629 360 1692 fines.
406 1629 456 1692 Ac
477 1627 610 1690 omnino
631 1627 677 1690 sic
700 1625 901 1708 habendum,
930 1624 1046 1700 nullos,
1070 1622 1132 1688 nisi
1184 1624 1260 1690 licet
1282 1633 1481 1708 quantopere
1502 1625 1575 1691 Deo
1596 1624 1783 1709 displiceat:
1807 1625 1893 1706 quod
1916 1623 2010 1689 nobis
2034 1623 2153 1686 mirum

162 1715 218 1797 qui
241 1713 388 1778 coelestis
417 1714 504 1776 vitae
532 1718 632 1795 gustu
661 1732 759 1792 snpra
788 1711 948 1775 mundum
970 1712 1131 1787 seruntur,
1185 1732 1250 1775 non
1273 1712 1345 1790 erit,
1375 1713 1403 1775 si
1432 1721 1622 1794 reputemus
1651 1731 1694 1775 ex
1715 1730 1779 1793 qua
1800 1709 1908 1775 radice
1931 1720 2093 1779 nascatur,
2122 1725 2155 1771 et

161 1801 247 1865 serio
278 1798 366 1864 hunc
401 1796 597 1862 indefessum
626 1806 660 1860 et
687 1808 880 1881 perpetuum
915 1797 1040 1880 gratiae
1068 1793 1132 1858 Dei
1184 1817 1263 1878 quos
1286 1818 1415 1862 rursum
1437 1799 1562 1862 fructus
1583 1818 1625 1860 ex
1646 1818 1681 1861 se
1703 1797 1818 1877 pariat.
1863 1795 1974 1876 Quum
1997 1794 2085 1860 enim
2105 1794 2155 1857 in·

161 1906 294 1951 cursum
317 1885 448 1960 sentire,
479 1893 516 1946 ut
545 1883 696 1947 alacriter
718 1883 788 1947 eius
809 1882 1037 1964 castigationes
1059 1900 1131 1962 per·
1184 1903 1341 1948 numeras
1358 1883 1488 1948 assidue
1506 1893 1628 1947 mortes
1645 1882 1738 1947 nobis
1757 1894 1930 1946 versent-nr
1944 1879 2156 1955 anteoculos,

162 1973 280 2035 lerant.
313 1970 430 2052 ltaque
449 1989 486 2032 eo
504 1990 564 2033 nos
583 1978 717 2033 revocat
734 1968 867 2047 Paulus,
889 1967 918 2033 2.
943 1966 1017 2032 Ocr.
1039 1966 1071 2047 4,
1092 1965 1131 2029 17
1184 1977 1217 2031 et
1238 1977 1288 2033 tot
1307 1970 1529 2033 mutationum
1549 1967 1700 2048 exempla
1723 1988 1781 2031 nos
1798 1966 1839 2032 ad
1857 1968 2006 2031 timorem
2025 1987 2155 2030 curam·

161 2066 198 2120 ut
220 2056 344 2120 invicta
375 2054 545 2119 tolerantia
573 2053 759 2119 confirmet:
789 2054 1022 2119 Momentanea
1051 2053 1131 2115 levi·
1183 2073 1245 2135 qne
1276 2054 1464 2131 sollicitent,
1501 2052 1659 2117 diabolica
1690 2052 1843 2133 superbia
1875 2052 2050 2118 fascinatos
2085 2072 2156 2116 esse

161 2151 213 2206 tas
235 2141 422 2205 afflictionis
445 2151 575 2204 nostrae
592 2142 675 2203 mir'e
692 2159 791 2222 supra
808 2138 942 2202 modum
960 2148 1131 2202 aeternum
1183 2148 1312 2222 oportet
1332 2140 1388 2223 qui
1411 2140 1473 2205 sibi
1495 2137 1694 2221 persuadent
1716 2139 1819 2204 vitam
1838 2158 1930 2203 suam
1949 2159 1969 2201 a
1986 2138 2155 2204 communi

160 2226 287 2310 pondus
308 2226 431 2310 gloriae
461 2225 556 2308 parit,
588 2224 683 2288 nobis
710 2245 774 2289 non
804 2222 1028 2307 spectantibus
1050 2242 1132 2304 quae
1184 2225 1284 2290 totius
1310 2225 1424 2289 mnndi
1454 2235 1542 2289 sorte
1564 2226 1744 2289 immunem
1768 2224 1844 2288 lore.
1875 2224 1998 2288 Vident
2019 2223 2157 2288 confusa

161 2312 323 2389 videntur,
346 2310 402 2375 sed
426 2330 507 2393 quae
528 2319 607 2375 sunt
625 2310 823 2375 abscondita.
868 2309 999 2374 Interea
1017 2318 1131 2372 tenen·
1184 2312 1341 2375 varietate
1373 2311 1503 2377 misceri
1537 2319 1640 2374 totam
1674 2319 1805 2386 terram,
1839 2319 1872 2373 et
1904 2309 2049 2393 singulas
2082 2309 2155 2372 eius

161 2398 239 2462 dum
262 2405 321 2477 est,
345 2398 452 2461 Deum
475 2397 543 2461 suis
565 2416 734 2480 nunquam
754 2406 822 2460 tam
844 2415 961 2478 graves
983 2395 1046 2483 vel,
1060 2393 1131 2457 din·
1183 2406 1292 2478 partes
1324 2395 1561 2479 quodammodo
1584 2396 1647 2459 huc
1678 2395 1756 2460 illuc
1778 2397 1922 2459 temari:
1959 2393 2095 2477 perinde
2116 2414 2157 2458 ac

161 2496 275 2549 turnus
297 2501 419 2567 poenas
449 2482 605 2565 infligere,
643 2483 720 2562 quin
750 2502 882 2545 manum
913 2479 1064 2545 subinde.
1080 2499 1131 2542 re·
1183 2484 1211 2546 si
1233 2504 1299 2547 non
1321 2491 1432 2547 essent
1452 2503 1492 2546 ex
1517 2481 1685 2545 hominum
1709 2499 1857 2563 numero,
1878 2481 2104 2564 imaginantur
2120 2499 2156 2544 se

160 2569 270 2634 trahat
292 2581 324 2632 et
346 2567 454 2650 aliquo
475 2568 591 2633 solatio
614 2567 744 2640 condiat
766 2566 887 2631 doloris
910 2565 1129 2629 acerbitatem.
1183 2565 1253 2632 fore
1274 2589 1403 2650 semper
1433 2566 1576 2646 stabiles,
1592 2587 1667 2631 .nec
1698 2565 1773 2630 ullis
1796 2565 2033 2631 mutationibus
2056 2565 2157 2630 obno-

162 2655 215 2719 Ita
236 2655 384 2737 quisquis
407 2653 448 2716 ad
471 2654 558 2716 vitae
577 2652 725 2716 coelestis
742 2651 984 2717 meditationem
1005 2663 1131 2714 erectus
1184 2654 1264 2719 xios.
1310 2652 1400 2718 Hine
1426 2654 1534 2718 carnis
1571 2651 1718 2727 lascivia,
1751 2659 1790 2715 ut
1821 2653 1890 2717 suis
1922 2650 2158 2734 cupiditatibus

161 2741 233 2818 erit,
271 2758 441 2819 nunquam
471 2737 712 2815 afflictionibus,
749 2737 824 2803 lieet
852 2736 1025 2812 continuis,
1059 2755 1131 2801 suc·
1183 2738 1319 2804 licenter
1346 2736 1553 2820 indulgeant:
1583 2736 1660 2801 hinc
1683 2738 1785 2801 lastns
1807 2749 1840 2800 et
1861 2737 2047 2814 erudelitas,
2079 2737 2160 2818 hinc

162 2823 309 2888 cumbet:
333 2836 365 2886 et
386 2823 452 2886 illis
474 2823 626 2906 ingentes
649 2841 687 2886 ac
709 2823 905 2906 multiplices
927 2822 990 2887 Dei
1009 2823 1131 2905 gratias
1183 2824 1281 2888 etiam
1322 2824 1476 2906 precandi
1515 2822 1726 2905 negligentia.
1788 2820 1959 2901 Quomodo
1992 2825 2080 2887 enim
2116 2822 2158 2887 ad

160 2910 339 2990 conferens,
373 2918 502 2972 tantum
535 2907 585 2973 hia
618 2909 742 2973 deferet
773 2908 914 2982 honoris,
947 2915 983 2971 ut
1004 2905 1131 2971 bonitas
1183 2908 1291 2974 Deum
1314 2909 1535 2992 confugerent,
1562 2929 1643 2990 quos
1666 2907 1777 2973 nullus
1799 2909 1946 2974 stimulat
1968 2909 2021 2974 vel
2045 2922 2159 2973 movet

161 2994 315 3076 centuplo
358 2995 442 3057 Iram
486 2995 732 3077 praeponderet
789 2991 941 3062 Secundo
985 2991 1131 3057 membro
1184 3015 1262 3060 suae
1285 2995 1487 3060 necessitatis
1509 2992 1647 3059 sensus?
1701 2995 1762 3059 Est
1792 2995 1890 3059 etiarn
1912 2995 1976 3061 Dei
1997 2993 2076 3060 filiis
2097 3014 2159 3059 sua

161 3082 301 3164 figurate
330 3079 466 3145 eandem
497 3081 695 3145 sententiam
725 3081 851 3163 repetit,
880 3098 945 3143 non
976 3076 1131 3159 intelligit
1184 3081 1238 3164 pia
1277 3081 1433 3146 securitas
1481 3099 1563 3162 quae
1606 3079 1804 3144 turbulentis
1849 3080 1963 3146 mnndi
2006 3080 2160 3162 procellis

162 3167 353 3248 simpliciter
381 3166 479 3230 unius
515 3167 618 3231 noctis
653 3167 722 3231 fore
752 3165 980 3232 afflictionem:
1015 3182 1131 3229 verum
1185 3164 1379 3249 tranquillos
1422 3185 1537 3230 eorum
1578 3166 1704 3230 animos
1750 3177 1854 3231 tenet:
1906 3167 2002 3231 sicuti
2046 3165 2159 3232 David

162 3253 190 3316 si
214 3272 279 3335 qua
301 3260 455 3333 tanquam
479 3272 616 3335 vespere
644 3253 756 3316 autin
780 3252 857 3317 solis
884 3269 998 3315 occasu
1028 3247 1132 3329 caligo
1184 3254 1310 3317 etiamsi
1333 3262 1437 3315 totum
1459 3248 1617 3315 mundum
1640 3252 1812 3332 qnatefieri
1834 3251 1977 3328 vidisset,
1999 3251 2063 3316 Dei
2082 3273 2158 3333 pro·

160 3337 354 3417 incubuerit,
373 3338 476 3403 lucem
495 3337 593 3420 paulo
610 3339 905 3419 posterorituram,
924 3354 1007 3416 quae
1021 3334 1132 3399 tristes
1185 3337 1332 3403 missioni
1368 3337 1513 3413 innixus,
1549 3334 1589 3400 de
1625 3338 1717 3420 regni
1749 3338 1799 3401 sui
1823 3338 2045 3420 ‚perpetuitate
2074 3336 2160 3402 bene

161 3423 288 3487 animos
329 3433 464 3487 recreet.
526 3422 602 3488 Huc
637 3422 743 3486 tendit
776 3421 914 3487 Davidis
947 3419 1131 3496 eonsilium,
1185 3443 1317 3506 sperare
1340 3421 1459 3486 debuit.
1506 3421 1571 3488 Sed
1591 3422 1703 3487 fideles
1725 3424 1874 3502 quamvis
1895 3424 1973 3488 fidei
1994 3443 2070 3489 snae
2093 3421 2160 3486 alis

161 3508 227 3572 nisi
249 3528 393 3572 essemus
422 3508 560 3571 nimium
584 3507 786 3589 praecipites,
815 3506 1003 3583 Dominum,
1034 3506 1132 3569 etiam
1183 3508 1217 3572 in
1237 3508 1375 3573 sublime
1392 3509 1468 3572 clati
1486 3528 1540 3572 res
1558 3508 1712 3572 adversas
1727 3509 1925 3591 despicient:
1954 3509 2030 3593 quia
2044 3520 2160 3571 tamen

161 3592 216 3658 ubi
239 3592 280 3657 ad
302 3593 402 3658 breve
424 3604 553 3675 tempus
576 3612 636 3656 nos
658 3591 819 3658 melorum
839 3591 978 3673 caligine
996 3591 1132 3655 obruere
1185 3603 1337 3677 reputant
1368 3594 1597 3660 communibus
1631 3593 1789 3658 molestiis
1824 3615 1860 3659 se
1889 3615 1959 3660 esse
1987 3593 2159 3671 obnqxios,

157 3679 251 3744 'visus
284 3687 342 3756 est,
386 3699 515 3760 semper
557 3689 740 3761 opportune
778 3696 953 3761 suggerere
990 3675 1133 3739 laetitiae
1185 3689 1374 3760 comparant
1394 3700 1429 3744 se
1451 3678 1493 3744 ad
1513 3678 1730 3755 tolerantiam,
1753 3680 1891 3764 singulis
1921 3680 2010 3745 horis
2037 3679 2159 3744 intenti

161 3764 344 3843 materiam,
367 3785 405 3831 cc
426 3765 453 3830 si
476 3775 548 3847 post
570 3773 699 3830 noctem
722 3772 872 3848 surgeret
893 3780 1020 3827 aurore.
1185 3765 1326 3828 suntad
1353 3765 1563 3848 excipiendos
1592 3766 1693 3829 ictus:
1724 3764 1760 3828 in
1784 3787 1823 3829 ea
1846 3765 1970 3841 militia,
1994 3764 2158 3846 adquam

1186 3871 1220 3914 se
1248 3861 1370 3915 norunt
1399 3850 1587 3928 destinatos,
1616 3870 1753 3914 excusso
1775 3859 1906 3932 torpore
1928 3869 1963 3914 se
1985 3865 2157 3915 exercent:

246 3935 275 4000 t.
310 3933 383 4018 Epo
415 3942 518 4001 amem
550 3937 694 4001 ducam
726 3937 761 3999 ia
793 3935 892 4016 quiete
923 3930 1040 4017 meast)
1072 3953 1134 3998 aaa
1186 3936 1311 4020 trepide
1333 3957 1368 4000 se
1401 3938 1575 4000 conferunt
1606 3936 1639 4000 in
1672 3934 1771 3999 fidem
1807 3935 1881 4011 Dei,
1917 3956 1977 4002 nec
2009 3957 2044 4000 se
2077 3935 2158 4000 alibi

162 4021 301 4086 movebor
323 4027 480 4102 perpetuo.
526 4022 556 4087 8.
580 4021 705 4098 Ielscaa,
727 4022 764 4085 ia
784 4020 970 4101 beneplacito
997 4023 1050 4083 tao
1071 4023 1133 4083 sta·
1186 4032 1275 4087 tutos
1296 4021 1367 4087 fore
1388 4021 1567 4098 confidunt,
1600 4042 1696 4103 qnam
1719 4021 1780 4086 sub
1802 4023 1872 4085 eius
1894 4042 2004 4087 manu.
2049 4020 2159 4085 Aliter

160 4105 289 4170 biliarce
321 4109 418 4172 macti
449 4128 514 4172 mec
545 4108 652 4187 robur,
685 4107 874 4172 abramidiati
894 4104 1008 4186 faciem
1037 4111 1133 4185 taam,
1188 4106 1305 4186 David,
1334 4108 1389 4189 qui
1418 4109 1564 4190 prosperi
1586 4117 1692 4171 status
1714 4107 1875 4172 illecebris
1898 4119 2022 4189 captus,
2051 4117 2158 4172 aeter·

160 4191 214 4272 sai
232 4192 407 4271 perculsas.
452 4193 482 4256 9.
507 4192 630 4268 Ichana,
664 4193 708 4256 ad
728 4198 756 4257 te
777 4191 920 4270 emmoni,
950 4196 978 4254 et
1000 4191 1042 4255 ad
1063 4189 1133 4256 Dc·
1186 4214 1264 4257 nam
1286 4193 1348 4258 sibi
1382 4194 1524 4275 quietem
1558 4213 1599 4256 ex
1633 4192 1764 4275 proprio
1798 4214 1896 4257 sensu
1929 4192 2035 4276 magis
2055 4213 2158 4273 quam

161 4277 282 4341 minam
313 4296 414 4340 meam
444 4278 623 4358 deprecatae
644 4297 724 4342 sam.
771 4277 819 4341 10.
848 4274 934 4354 Quae
956 4277 1080 4343 utilitas
1099 4276 1132 4340 ic
1186 4298 1227 4342 ex
1251 4277 1314 4343 Dei
1337 4279 1435 4343 verbo
1457 4278 1619 4361 pollicitus
1641 4290 1700 4343 est.
1744 4277 1836 4342 Idem
1859 4277 1976 4344 accidit
1993 4286 2027 4342 et
2043 4293 2158 4342 sancto

162 4363 314 4446 sanquine
335 4381 401 4426 meo
422 4361 475 4425 abi
498 4363 677 4428 desoermero
694 4361 892 4441 infossam?
915 4381 958 4425 aa
975 4361 1134 4427 attacta
1186 4364 1255 4446 regi
1285 4364 1454 4442 Ezechiae,
1499 4364 1555 4445 qni
1571 4401 1573 4405 -
1589 4385 1694 4447 nuper
1733 4365 1873 4430 afflictus
1907 4363 1999 4448 gravi
2031 4366 2157 4438 morbo,

162 4454 191 4512 te
203 4447 339 4530 putea?
357 4467 401 4511 aa
414 4447 611 4528 praedicabit
627 4450 786 4512 uadatus
803 4446 912 4510 laam?
932 4447 983 4510 11.
1002 4447 1135 4512 Exaudi
1186 4449 1335 4513 simulac
1351 4451 1536 4515 beneetex
1552 4458 1627 4514 voto
1643 4450 1931 4528 successit‚carnis
1949 4449 2097 4514 vanitate
2116 4448 2157 4512 ad

166 4533 289 4611 Iadooa,
311 4537 338 4596 ct
360 4533 507 4597 miserare
528 4534 598 4612 ma,
623 4534 736 4598 Iedoec
757 4534 804 4597 aie
823 4531 904 4597 mibi
925 4533 1059 4598 cdiamr.
1186 4534 1372 4617 superbiam
1390 4545 1423 4598 et
1440 4536 1692 4600 ostentationem
1709 4536 1844 4619 rapitur,
1862 4536 1892 4600 2.
1912 4533 2019 4600 Paral.
2040 4533 2093 4610 32,
2113 4535 2158 4600 24

1186 4641 1249 4703 qno
1278 4623 1383 4704 magis
1412 4638 1527 4684 cavere
1554 4641 1613 4686 nos
1641 4619 1742 4700 docet,
1770 4642 1812 4684 ne
1841 4623 1929 4686 inter
1957 4621 2058 4686 laetos
2081 4642 2157 4685 suc·

249 4705 278 4768 t.
300 4703 383 4789 (Epo
416 4707 521 4768 actem
552 4703 720 4789 dicerem.)
770 4705 862 4770 Haeo
895 4719 945 4771 est
974 4704 1134 4770 confessio
1186 4727 1297 4772 cessus
1338 4705 1500 4770 blanditiis
1540 4707 1609 4771 suis
1650 4727 1709 4770 nos
1742 4706 1878 4771 fascinet
1910 4706 2023 4773 Satan.
2081 4705 2156 4787 Quo

164 4792 258 4857 cuius
280 4801 379 4854 antea
411 4790 554 4868 memini,
586 4791 623 4852 in
655 4810 718 4871 qua
750 4811 785 4854 se
818 4794 965 4874 agnoseit
997 4792 1081 4854 iuste
1103 4801 1135 4853 et
1186 4793 1288 4874 igitur
1310 4792 1445 4874 quisque
1466 4789 1638 4874 benignius
1660 4801 1820 4858 tractatur
1843 4815 1863 4856 a
1884 4794 1965 4866 Deo,
1993 4793 2156 4858 atalibns

165 4878 281 4941 merito
304 4875 431 4940 dedisse
453 4873 574 4939 stultas
597 4875 781 4940 securitatis
803 4896 951 4958 poenam,
974 4877 1050 4958 quia
1072 4876 1135 4941 scI·
1187 4877 1313 4941 insidiis
1343 4875 1529 4958 diligentins
1557 4878 1618 4943 sibi
1648 4891 1772 4942 caveat.
1817 4878 1930 4961 Neque
1953 4892 2063 4942 tamen
2086 4899 2154 4945 cre·

166 4962 239 5027 licet
269 4960 465 5025 conditionis
495 4980 574 5026 snae
604 4960 733 5035 oblitus,
767 4961 905 5026 nimium
927 4963 1025 5027 rebus
1047 4981 1135 5042 pros·
1188 4962 1285 5026 dibile
1314 4975 1372 5038 est,
1401 4964 1446 5027 sic
1475 4963 1678 5045 obtorpuisse
1707 4963 1880 5047 Davidem,
1910 4977 1947 5028 ut
1976 4965 2048 5028 Deo
2077 4984 2155 5031 con·

165 5049 252 5131 peris
275 5068 309 5110 se
340 5046 520 5111 addixerat.
568 5046 686 5128 Quietis
714 5047 801 5110 enim
825 5048 956 5111 nomine
979 5046 1134 5124 tranquil·
1188 5058 1310 5128 tempto
1347 5048 1442 5113 malis
1482 5050 1633 5114 omnibus
1666 5047 1858 5114 insultaret:
1903 5049 2000 5114 sicuti
2033 5050 2157 5115 multos

167 5133 233 5195 lum
259 5145 290 5197 et
323 5131 452 5198 felicem
476 5135 568 5216 regni
592 5143 712 5199 statum
734 5132 897 5217 intelligit.
942 5132 1009 5198 Alii
1032 5109 1135 5215 msto
1187 5130 1347 5215 (lyclopes
1381 5133 1537 5209 videmus,
1575 5133 1653 5198 dum
1686 5134 1830 5198 suaviter
1861 5136 1895 5200 in
1930 5155 1990 5200 sua
2022 5136 2157 5219 crapula

1188 5216 1326 5283 demersi
1358 5226 1443 5297 sunt,
1476 5229 1626 5302 proterve
1658 5217 1765 5284 ridere
1797 5221 1905 5286 omnia
1934 5218 1999 5284 Dei
2025 5220 2156 5305 iudicia,

236 5320 264 5390 ⁴)
282 5335 344 5374 mon
361 5336 450 5387 repes,
469 5335 503 5374 aa
520 5337 626 5391 marce:
644 5338 687 5387 ou,
707 5337 740 5374 sn
758 5338 803 5374 ma
819 5320 982 5390 prosperita.
1188 5304 1244 5368 sed
1268 5303 1374 5371 mollis
1408 5303 1566 5387 quaedam
1598 5305 1717 5369 inertia
1749 5323 1891 5371 mentem
1911 5306 1984 5371 eius
2016 5326 2155 5392 occupa·
