4658 5856
224 328 286 394 167
1036 329 1256 399 Psanites
1278 333 1411 401 XVIII.
2164 325 2225 391 168

224 530 405 601 exponunt,
436 519 545 584 vocari
568 519 678 585 abdita
702 518 762 583 Dei
787 518 880 595 bona,
910 539 992 601 quae
1022 519 1113 602 impii
1137 519 1198 601 ipsi
1251 523 1320 587 eius
1331 530 1542 604 conspectum
1556 519 1688 584 tandem
1701 520 1853 584 restituit.
1875 514 2062 665 (Setiobor‘.)
2096 518 2226 596 Arguto

225 622 299 667 eum
329 612 463 685 stupore
494 615 621 685 vorant,
651 605 702 670 vel
734 604 811 686 quia
844 625 910 668 non
945 615 1081 686 apparet
1115 604 1199 667 ratio
1249 607 1382 690 quidam
1405 608 1601 690 interpretes
1623 604 1727 689 magis
1747 624 1843 687 quam
1866 601 2033 686 propriea
2074 601 2226 664 ultimam

224 705 283 750 our
306 698 371 752 tam
396 688 574 755 liberaliter
597 712 657 754 sua
679 689 763 754 bona
784 689 878 754 Deus
899 689 935 753 in
957 690 1047 773 ipsos
1064 690 1197 772 profun-
1250 693 1521 757 rssurreotiouem
1553 691 1614 756 hoo
1636 690 1851 773 restringunt,
1881 709 1919 753 ao
1940 688 1969 752 si
1991 685 2102 752 David
2132 704 2225 768 spem

226 771 291 835 dat.
344 771 411 838 Sed
443 775 498 837 illa
527 797 623 857 quam
654 775 749 839 attuli
784 775 953 857 expositio,
988 784 1025 838 ut
1057 775 1198 857 simplex
1250 777 1363 843 beatae
1385 776 1530 842 laetitiae
1552 775 1708 850 differret,
1731 796 1769 839 ac
1791 773 1984 840 desiderium
2009 769 2226 853 suspenderet

225 875 262 919 ao
285 860 430 939 genuina
453 872 511 939 est,
542 860 621 926 alias
644 882 703 944 per
724 881 759 940 se
782 862 860 925 satis
884 859 1012 924 refellit.
1053 860 1198 927 Ultimus
1249 864 1409 945 usquein
1432 864 1578 927 futuram
1600 863 1712 925 vitam.
1760 862 1805 925 iit
1831 859 1965 924 satietas
1987 856 2120 939 quidem
2143 855 2225 919 haec

225 943 346 1023 gradus
369 954 427 1027 est,
451 943 537 1026 quod
558 947 713 1011 continua
735 946 940 1011 successione
969 944 1101 1011 divitias
1122 965 1198 1010 suas
1249 948 1289 1013 de
1311 969 1375 1031 qua
1404 948 1553 1031 loquitur
1582 967 1647 1011 uon
1677 953 1753 1011 ante
1774 944 1927 1009 ultimum
1951 941 2076 1007 Christi
2100 939 2225 1005 adven·

225 1025 266 1090 ad
290 1028 371 1092 filios
394 1041 428 1093 et
451 1042 582 1112 nepotes
604 1052 706 1113 usque
731 1030 966 1096 transmittunt
989 1030 1075 1095 Nam
1096 1051 1196 1115 quum
1249 1047 1318 1098 tum
1349 1035 1417 1098 suis
1448 1033 1601 1097 omnibus
1631 1032 1776 1095 numeris
1808 1028 1979 1103 constabit,
2014 1027 2133 1090 fateor:
2167 1024 2226 1087 sed

226 1132 267 1175 ex
296 1113 373 1177 filiis
399 1114 463 1178 Dei
496 1137 560 1179 non
591 1117 666 1190 sint,
703 1115 818 1198 quibus
849 1118 1008 1198 promissa
1037 1125 1087 1183 est
1116 1116 1196 1180 haec
1247 1121 1325 1202 quia
1350 1122 1464 1194 sancti,
1494 1116 1549 1182 nbi
1572 1115 1664 1182 Deus
1694 1116 1816 1181 amoris
1844 1115 1895 1180 sui
1922 1112 2040 1177 notitia
2062 1132 2118 1176 eos
2140 1111 2225 1174 irra-

227 1197 419 1276 benedictio,
448 1201 595 1281 sequitur
626 1202 659 1264 in
691 1202 777 1265 diem
806 1202 1015 1266 mactationis
1038 1222 1091 1268 eos
1114 1202 1197 1283 sagi·
1248 1204 1325 1279 diat,
1356 1207 1390 1267 in
1419 1205 1481 1269 hac
1510 1203 1582 1267 luce
1612 1202 1831 1284 aequiescunt,
1862 1199 1979 1263 merito
2000 1197 2086 1261 hanc
2109 1214 2226 1278 pacem

225 1283 308 1347 nari.
364 1282 503 1365 Ideoque
537 1286 611 1349 finis
644 1287 866 1368 querimoniae
899 1296 958 1363 est,
999 1294 1036 1349 ut
1069 1299 1197 1351 marrire
1247 1289 1367 1369 David,
1408 1289 1461 1354 vel
1502 1287 1660 1371 gaudium
1707 1286 1850 1370 spiritus,
1892 1284 2075 1348 satietatem
2118 1292 2226 1345 vocat.

226 1369 404 1432 vindictam
444 1391 536 1434 suam
581 1381 711 1437 exserat
752 1372 851 1446 Deus,
895 1370 1026 1455 quando
1071 1371 1194 1437 tamdiu
1248 1375 1330 1439 Nam
1355 1375 1416 1440 etsi
1434 1374 1527 1456 impii
1549 1393 1608 1438 sua
1626 1370 1826 1435 abundantia
1843 1376 1986 1452 crepent,
2017 1367 2094 1449 quia
2113 1374 2225 1429 tamen

223 1453 316 1519 abusi
337 1463 413 1518 sunt
434 1456 506 1519 eius
528 1456 741 1542 indulgentia.
1247 1459 1455 1542 inexplebilis
1493 1467 1543 1522 est
1573 1477 1684 1522 eorum
1719 1455 1891 1538 cupiditas,
1926 1453 1979 1518 vel
2013 1453 2090 1535 qnia
2124 1463 2225 1548 vento

1247 1553 1435 1627 pascuntur,
1458 1543 1509 1607 vol
1531 1543 1609 1625 quia
1631 1542 1761 1604 attoniti
1786 1542 1868 1605 bonu
1891 1560 1950 1603 sua
1973 1558 2040 1602 non
2063 1548 2227 1608 sentiunt,

309 1624 357 1689 15.
382 1623 455 1707 Epo
476 1626 511 1690 c'a
532 1627 657 1692 iustitio
676 1625 783 1692 uidebo
799 1627 913 1708 faeiem
934 1632 1036 1693 tuom:
1057 1628 1196 1694 satiabor
1247 1628 1300 1695 vel
1322 1631 1398 1711 quia
1420 1628 1501 1693 diris
1524 1626 1740 1692 conscientiae
1758 1625 1930 1690 tormentis
1952 1624 2113 1690 laborant.
2138 1641 2224 1683 uun·

220 1728 316 1789 quum
336 1711 521 1793 evigilavero
543 1711 645 1795 effigie
665 1717 729 1776 tua.
1247 1735 1346 1797 quam
1377 1713 1497 1778 animis
1519 1721 1599 1777 sunt
1629 1711 1749 1776 sedatis
1772 1722 1804 1774 et
1826 1707 2023 1791 tranquillis,
2054 1706 2110 1771 sed
2134 1708 2225 1769 inter

1247 1821 1358 1865 menas
1391 1799 1586 1881 agitationes
1620 1804 1780 1861 aestuant.
1831 1794 1907 1861 Una
1939 1801 1989 1858 est
2022 1792 2125 1874 igitur
2159 1789 2223 1852 Dei

307 1880 489 1961 Postquam
512 1884 608 1945 anxio
632 1882 795 1946 molestias
818 1902 902 1964 quae
924 1883 1032 1964 ipsum
1056 1885 1196 1947 urebant
1247 1885 1353 1967 gratia
1371 1903 1453 1967 quae
1471 1883 1565 1947 nobis
1582 1881 1712 1958 sufficit,
1734 1902 1776 1944 ne
1795 1879 2033 1960 intempestivis
2052 1875 2226 1940 desideriis

220 1973 253 2027 ct
275 1966 473 2045 torquebant
493 1985 603 2030 coram
628 1966 698 2031 Deo
719 1968 880 2051 exposuit,
916 1988 956 2031 ne
975 1969 1195 2033 tentationum
1247 1970 1312 2035 huc
1334 1969 1412 2034 illuc
1434 1978 1611 2050 raptemur.
1644 1966 1760 2048 Itaque
1782 1985 1848 2028 uon
1872 1963 1984 2027 dubito
2006 1964 2086 2044 quin
2109 1959 2223 2024 David

222 2049 307 2113 mole
330 2048 497 2128 obruatur,
529 2051 589 2116 alis
612 2052 748 2118 fiduciae
771 2073 806 2117 se
836 2052 957 2115 attollit
990 2055 1024 2117 in
1046 2075 1194 2118 serenam
1248 2054 1288 2119 ad
1311 2055 1426 2118 inanes
1449 2052 1565 2116 muudi
1588 2051 1730 2115 laetitias
1752 2049 1886 2128 alludat,
1908 2068 1992 2130 quae
2015 2046 2098 2111 nihil
2122 2064 2222 2127 quam

222 2134 503 2215 tranquillitatem,
544 2138 578 2200 in
619 2157 681 2218 qua
721 2159 774 2202 res
807 2137 952 2221 legitimo
990 2160 1049 2203 suo
1081 2138 1195 2203 ordine
1247 2140 1412 2223 appetitus
1434 2138 1585 2202 irritant:
1618 2144 1749 2201 utnon
1778 2136 1859 2199 alios
1887 2133 1990 2198 solido
2012 2130 2134 2216 gaudio
2154 2129 2223 2195 frui

221 2219 417 2299 compositas
451 2220 568 2286 videat.
613 2223 697 2286 Nam
730 2224 782 2288 hic
812 2223 956 2304 primum
986 2224 1085 2289 tacite
1107 2245 1194 2288 com·
1248 2224 1409 2300 ostendat,
1441 2224 1504 2286 nisi
1536 2220 1652 2304 quibus
1682 2240 1767 2284 unus
1797 2220 1890 2283 Dens
1919 2217 2089 2282 satisfacit.
2134 2214 2222 2295 Quia

220 2303 346 2386 paratio
368 2314 418 2367 est
440 2307 527 2369 inter
548 2315 669 2372 statum
694 2308 774 2371 bene
797 2306 995 2384 ordinatum,
1024 2308 1081 2374 ubi
1104 2309 1195 2374 Deus
1247 2317 1356 2374 autem
1397 2309 1438 2371 ad
1479 2306 1614 2372 verbum
1656 2305 1806 2370 hebraice
1847 2303 1942 2368 dicit:
1993 2301 2147 2368 Satiabor
2186 2302 2222 2362 in

221 2409 280 2452 suo
311 2389 427 2454 iudicio
461 2392 611 2456 restituet
643 2413 726 2475 quae
761 2414 849 2458 nnnc
880 2393 1014 2459 confusa
1043 2404 1129 2470 sunt,
1162 2404 1196 2459 ot
1247 2392 1433 2478 evigilando
1466 2393 1580 2458 faciem
1616 2400 1715 2468 tuam,
1754 2389 1806 2454 vel
1840 2390 1921 2454 facie
1955 2400 2028 2451 tua:
2069 2385 2223 2450 nonnulli

221 2472 443 2538 turbulentam
465 2477 649 2561 caliginem,
673 2499 755 2559 quae
778 2486 905 2543 tacente
924 2477 992 2542 Deo
1015 2479 1195 2560 faciemque
1248 2480 1388 2561 priorem
1420 2498 1552 2542 sensum
1584 2477 1688 2559 magis
1710 2474 1893 2556 probantes,
1926 2473 2083 2555 evigilare
2106 2470 2223 2535 faeiem

220 2578 314 2623 suam
347 2561 529 2625 occultante
562 2562 723 2626 muudum
764 2575 910 2643 occupat.
964 2563 1051 2626 Nam
1085 2562 1195 2627 David
1248 2564 1311 2627 Dei
1331 2564 1382 2628 vel
1404 2563 1588 2644 expergisci
1611 2560 1810 2642 intelligunt,
1840 2578 1940 2640 quum
1962 2558 2075 2621 lumen
2097 2557 2224 2641 gratiae

220 2646 306 2707 inter
336 2645 408 2709 illas
443 2667 524 2726 quas
555 2647 668 2710 retulit
708 2647 902 2710 afflictiones
933 2646 1039 2711 videri
1068 2656 1195 2730 poterat
1248 2651 1318 2712 eins
1348 2646 1434 2729 quod
1465 2649 1554 2727 prius
1589 2644 1715 2709 nebulis
1748 2645 1923 2709 obductum
1957 2651 2038 2714 erat,
2071 2641 2223 2722 emergit.

219 2729 255 2791 in
273 2742 423 2792 aeternas
443 2731 594 2793 tenebras
614 2731 800 2794 demersus:
823 2731 914 2811 impii
934 2732 1021 2795 enim
1041 2753 1195 2814 prospera
1248 2733 1375 2796 Verum
1397 2732 1482 2796 mihi
1503 2732 1612 2812 aptius
1634 2728 1774 2802 videtur,
1797 2729 1920 2793 referre
1942 2728 2081 2792 verbum
2104 2726 2224 2808 Evigi-

220 2813 358 2887 fortuna,
400 2813 577 2879 honoribus
614 2826 648 2876 et
680 2815 808 2879 divitiis
841 2816 1005 2891 florentes,
1040 2816 1195 2882 videntur
1247 2818 1337 2881 lundi
1369 2815 1409 2879 ad
1435 2814 1605 2893 Davidem,
1637 2826 1672 2878 ut
1702 2813 1893 2879 tantundem
1924 2812 2034 2876 valeat
2055 2831 2093 2876 ao
2116 2811 2224 2891 respi-

218 2893 289 2959 Deo
330 2898 513 2979 propinqui.
569 2900 670 2980 Atqui
703 2899 813 2964 David
852 2901 1013 2983 superbae
1048 2902 1194 2983 ipsorum
1248 2923 1321 2966 rare
1343 2922 1363 2964 a
1384 2901 1528 2965 tristitia.
1565 2900 1638 2963 Etsi
1661 2900 1750 2963 enim
1768 2908 1900 2981 stupore
1923 2915 2091 2978 nunquam
2116 2896 2226 2960 fuerat

220 2983 393 3045 iactantiae
421 2981 575 3047 insultat:
607 2994 639 3047 et
672 2985 824 3066 quamvis
853 2985 888 3048 in
918 2988 1057 3067 speciem
1082 2987 1193 3067 procul
1248 3006 1432 3070 oppressus,
1454 2986 1527 3049 fieri
1551 2995 1658 3048 tamen
1683 3005 1751 3047 non
1774 2985 1880 3066 potuit
1898 2984 1976 3064 quin
1995 2990 2070 3063 post
2087 2980 2224 3062 longam

221 3065 334 3131 aDco
357 3066 400 3128 sit
423 3069 570 3146 reiectus,
591 3068 653 3133 sibi
676 3080 785 3133 tamen
807 3070 1003 3134 familiarem
1026 3072 1096 3136 eius
1118 3092 1194 3137 con-
1249 3072 1474 3154 fatigationem
1514 3070 1608 3151 qussi
1642 3071 1768 3151 sopitus
1801 3070 1931 3134 iaceret.
1986 3066 2101 3147 Neque
2135 3067 2225 3129 enim

220 3161 368 3234 spectum
409 3153 579 3233 promittit.
633 3154 820 3219 Pronomen
862 3154 932 3239 Ego
971 3157 1195 3238 emphaticam
1248 3177 1362 3222 omues
1376 3155 1548 3220 conflictus
1566 3161 1633 3218 tam
1653 3155 1797 3218 animose
1814 3153 1981 3217 sustinent
1995 3171 2032 3215 ac
2057 3149 2227 3232 repellunt

220 3248 287 3303 est:
318 3254 354 3298 ac
380 3235 408 3300 si
440 3236 577 3303 dixisset
606 3259 682 3304 suas
712 3261 884 3305 aerumnas
917 3251 951 3304 et
979 3241 1098 3323 probra
1128 3262 1194 3305 nou
1249 3243 1364 3319 sancti,
1405 3241 1481 3322 quin
1514 3261 1572 3322 pro
1593 3240 1702 3304 carnis
1725 3239 1918 3303 infirmitate
1941 3237 2161 3319 languescant
2184 3232 2226 3297 ad

220 3323 290 3387 fore
326 3319 491 3386 obstaculo
529 3325 703 3405 quominus
736 3346 777 3389 ex
818 3337 954 3408 paterno
989 3326 1051 3390 Dei
1084 3348 1194 3390 amore
1249 3338 1386 3408 tempus,
1416 3325 1469 3389 vel
1497 3335 1651 3408 tanquam
1682 3324 1796 3388 offusis
1818 3321 1961 3386 tenebris
1983 3327 2226 3403 expavescant:

223 3409 354 3491 plenam
385 3407 541 3470 laetitiam
572 3429 704 3472 rursum
734 3411 902 3491 percipiat.
953 3411 1038 3474 Nam
1069 3419 1102 3475 et
1136 3412 1196 3476 hoo
1251 3414 1335 3478 hanc
1357 3411 1458 3494 igitur
1481 3410 1758 3492 perturbationem
1780 3405 1891 3473 David
1914 3408 2021 3487 sopori
2043 3413 2225 3486 comparat.

222 3489 402 3554 notandum
426 3500 486 3568 est,
510 3491 570 3556 hoo
593 3513 659 3555 trun
676 3500 865 3557 contentum
884 3514 955 3556 esse
974 3495 1014 3558 ad
1032 3516 1194 3560 summam
1249 3496 1313 3562 Ubi
1343 3504 1452 3561 autem
1476 3497 1594 3559 iterum
1624 3493 1785 3557 affulserit
1807 3491 1872 3555 Dei
1894 3491 1996 3568 favor,
2027 3510 2062 3555 se
2092 3497 2229 3571 recepto

221 3573 443 3648 beatitudinis,
482 3576 516 3637 si·
538 3574 647 3639 Deum
677 3575 738 3638 sibi
768 3577 945 3659 propitium
975 3581 1102 3655 sentiat,
1132 3601 1195 3661 quo
1249 3583 1364 3665 vigore
1394 3579 1608 3661 tranquillum
1637 3578 1705 3641 fore
1734 3577 1822 3641 dicit.
1867 3575 1955 3640 Vere
1984 3574 2117 3657 quidem
2146 3574 2230 3638 dicit

222 3658 359 3724 adverso
389 3659 479 3740 impii
509 3658 630 3724 frustra
657 3682 691 3724 se
719 3661 829 3725 felices
858 3661 1088 3744 imaginantur.
1132 3665 1194 3727 Dei
1248 3665 1383 3738 Paulus,
1413 3664 1442 3727 2.
1465 3663 1615 3728 Corinth.
1638 3661 1670 3740 5,
1693 3662 1721 3736 7,
1746 3661 1902 3742 quamdiu
1925 3661 1960 3724 in
1983 3659 2108 3724 mundo
2131 3679 2228 3742 pere·

222 3743 311 3808 euim
352 3752 544 3824 conspectus
585 3745 666 3807 nihil
708 3744 796 3808 aliud
831 3756 889 3820 est,
929 3767 1026 3826 quarn
1067 3750 1193 3829 paterni
1249 3750 1411 3831 giuamur,
1443 3768 1501 3830 per
1529 3747 1625 3810 fidem
1655 3744 1815 3823 incedere,
1845 3768 1910 3811 nou
1934 3767 1992 3828 per
2013 3744 2229 3827 adspectum:

223 3828 346 3892 favoris
368 3847 493 3906 sensus,
515 3849 577 3910 quo
600 3850 659 3892 nos
677 3851 741 3892 non
763 3830 859 3893 modo
877 3830 1049 3909 exhilarat,
1072 3831 1195 3895 abster·
1250 3834 1305 3897 sed
1336 3834 1414 3915 quia
1437 3830 1651 3894 nihilominus
1679 3829 1820 3910 effigiem
1843 3831 1908 3894 Dei
1939 3850 2003 3895 non
2033 3835 2169 3893 tantum
2191 3829 2231 3891 in

225 3913 271 3976 sis
301 3914 422 3975 nostris
453 3912 626 3986 doloribus,
661 3914 717 3977 sed
749 3914 782 3977 in
813 3915 937 3979 coelum
968 3935 1071 3996 nsque
1099 3916 1194 3996 rapit.
1249 3917 1414 4001 evangelii
1446 3913 1587 3996 speculo,
1622 3911 1677 3976 scd
1712 3913 1745 3975 in
1780 3924 1829 3977 tot
1862 3914 2067 3980 documentis
2099 3915 2231 3995 gratiae

225 3996 376 4059 Iustitiae
416 3999 546 4061 nomine
586 4000 748 4079 significat
778 4020 813 4063 se
842 4000 945 4064 bonae
978 4000 1195 4064 conscientiae
1249 4003 1321 4067 eius
1340 3998 1483 4084 quotidie
1501 3998 1673 4072 cernimus,
1697 3999 1884 4080 aequisque
1902 4021 1922 4063 a
1940 4008 2073 4080 torpore
2092 3999 2230 4072 excitet,

226 4080 374 4145 mercede
396 4100 602 4163 nequequam
624 4083 817 4146 frustratum
841 4083 890 4146 iri.
919 4083 1084 4163 Quamdiu
1108 4083 1195 4147 enim
1250 4096 1288 4149 ut
1317 4105 1377 4149 nos
1406 4083 1503 4146 satiet
1532 4079 1711 4162 spiritualis
1744 4082 1891 4163 felicitas,
1926 4085 2031 4149 donec
2064 4081 2152 4148 facie
2185 4083 2233 4148 ad

227 4185 322 4232 cruce
363 4175 395 4225 et
427 4165 568 4229 miseriis
609 4187 684 4230 suos
725 4167 878 4230 humiliat
911 4167 1011 4242 Deus,
1052 4168 1196 4232 mundus
1249 4170 1367 4235 faciem
1390 4186 1424 4232 se
1447 4166 1542 4230 nobis
1565 4163 1736 4229 fruendum
1760 4167 1915 4234 exhibeat
1935 4168 2038 4234 Deus.

227 4269 340 4317 eorum
370 4247 569 4330 simplicitati
598 4250 783 4331 petulanter
812 4251 929 4325 illudit,
959 4271 996 4315 ac
1025 4255 1051 4316 si
1075 4266 1197 4316 temere

228 4347 262 4402 et
302 4332 402 4398 stulto
439 4335 574 4415 puritati
608 4334 787 4399 studerent.
839 4333 924 4400 (lum
965 4335 1026 4401 hoc
1066 4336 1196 4400 ludibrii

228 4439 349 4509 genere
389 4416 498 4482 David
538 4438 625 4482 nunc
664 4419 815 4495 luctatur,
855 4418 981 4499 sibique
1020 4422 1196 4500 repositum

230 4505 359 4592 pietatis
388 4502 532 4568 fructum
559 4521 629 4565 esse
660 4503 785 4578 asserit,
819 4502 914 4565 modo
944 4502 984 4566 ab
1013 4504 1197 4567 obedientia
1552 4515 1756 4585 Psfflffls
1779 4518 1918 4588 XVIII,

229 4593 294 4657 Dei
324 4610 390 4653 non
424 4586 584 4652 discedat:
617 4585 890 4667 quomadmodum
918 4585 1039 4650 Iesaias
1066 4607 1135 4668 cap.
1166 4588 1197 4669 3,

231 4699 315 4744 vers.
352 4675 392 4737 lt)
424 4673 538 4738 fideles
572 4671 722 4734 hortatur
755 4683 791 4734 ut
824 4691 859 4733 se
893 4670 954 4735 hac
988 4672 1199 4752 persuasione

230 4763 429 4831 sustineant:
470 4758 563 4821 Iusto
596 4755 678 4819 bene
711 4756 781 4818 erit.
837 4753 951 4835 Neque
984 4763 1094 4817 tamen
1128 4754 1200 4818 ideo
1253 4718 1337 4771 ΑΗΘ·
1356 4718 1458 4770 S⁰i¹¹¹¹¹⁸
1480 4733 1529 4784 W
1548 4734 1613 4784 ‘¹⁰⁸⁸
1631 4718 1810 4788 d¹ffi⁰¹¹¹t¹¹⁸⁰⁸2
1835 4730 1863 4775 ⁰⁶
1882 4739 1963 4790 quem
1982 4724 2067 4777 “⁶¹¹⁸
2085 4726 2235 4780 ⁰b⁸t2011¹⁸

322 4848 328 4860 ·
742 4839 748 4852 .
776 4839 782 4851 ³
909 4841 915 4853 ι
1075 4839 1080 4851 ¹
1358 4784 1446 4836 Dauid
1464 4784 1498 4835 ad
1517 4800 1626 4852 reguum
1655 4789 1818 4853 pervenerit,
1848 4807 1909 4842 nam
1934 4809 2020 4861 usqne
2048 4794 2083 4847 ad
2109 4800 2235 4847 mortem

232 4851 349 4915 salutis
379 4864 457 4909 Silae
485 4861 617 4908 oausam
645 4837 800 4904 adscribit
828 4838 990 4919 operibus,
1027 4857 1105 4918 quia
1134 4858 1199 4899 non
1358 4850 1446 4902 Saulis
1471 4854 1546 4904 exsul
1569 4861 1597 4905 et
1620 4855 1756 4921 profugus,
1783 4859 1890 4924 trepido
1914 4861 1998 4913 vitam
2027 4862 2102 4914 inter
2127 4863 2235 4915 multas

232 4936 378 5017 disputat
397 4930 515 5011 quibus
536 4924 660 4991 meritis
684 4921 890 5004 rocipiendus
919 4922 962 4986 sit
984 4922 1018 4983 in
1042 4921 1104 4984 Dei
1128 4940 1201 5003 gre·
1358 4925 1460 4972 mortes
1485 4923 1626 4987 protraxit.
1670 4922 1774 4974 Deinde
1801 4942 1883 4991 quum
1908 4929 1981 4981 Deus
2008 4931 2062 4982 iem
2089 4947 2154 4982 eum
2180 4947 2236 4983 sus

233 5022 330 5085 tiam:
361 5016 417 5082 sed
442 5021 568 5078 tantum
592 5011 651 5074 hoo
674 5012 797 5081 statuit,
826 5025 956 5088 operam
980 5025 1045 5067 nou
1069 5005 1203 5086 perdere
1359 5002 1439 5104 ffissff
1454 5002 1489 5104 ἐξ
1505 4989 1585 5120 ffi',
1606 4991 2106 5134 lffiteitss„egggrmftdbeihhntiddbid?
2125 4997 2237 5134 bididhr

233 5105 419 5188 quicunque
442 5101 549 5164 Deum
574 5096 700 5162 colunt:
730 5093 804 5175 quia
827 5101 990 5171 utcunque
1012 5087 1053 5151 ad
1076 5101 1204 5184 tempus
1360 5135 1440 5185 saepe
1459 5121 1544 5172 abfuit
1567 5124 1600 5174 ab
1622 5124 1743 5177 interitu.
1779 5127 1877 5180 Hostes
1901 5145 1967 5182 vero
1986 5133 2094 5184 externi
2112 5150 2176 5187 eum
2197 5136 2238 5188 ed

234 5189 349 5255 faciem
380 5186 420 5250 ab
447 5186 514 5249 illis
543 5202 635 5248 suam
658 5179 825 5253 subducat,
855 5184 1036 5255 opportune
1059 5171 1204 5235 lucidum
1360 5187 1463 5238 senium
1481 5203 1564 5254 usqne
1582 5187 1687 5243 duriter
1704 5203 1904 5247 excercnemnt.
1924 5198 1974 5250 His
1992 5201 2081 5269 malis,
2103 5202 2162 5256 nisi
2180 5204 2238 5257 Dei
