4658 5856
223 338 287 405 ιιι
598 414 602 423 ,
1080 294 1363 408 rsntuusx.
2153 331 2217 396 ua

227 529 335 612 aliqua
357 536 408 593 est
427 527 617 595 obscuritas.
641 530 726 596 Nam
748 529 804 596 ubi
826 528 985 595 vertimus
1002 528 1196 595 Exemitum
1247 529 1352 614 gloria
1385 526 1541 593 alienum.
1585 525 1769 591 Commune
1797 545 1873 607 ergo
1890 522 2081 589 tentationis
2102 541 2215 587 semen

226 615 434 692 affliatorum,
453 635 520 679 vox
539 616 711 681 haebraioa
728 591 878 701 ntijn
896 614 1087 698 quibusdam
1107 611 1195 678 vide·
1245 614 1397 680 omnibus
1415 623 1465 678 est
1486 612 1634 690 insitum,
1655 621 1692 676 ιιι
1715 609 1785 676 Deo
1807 631 1941 676 manum
1964 629 2055 675 suam
2077 621 2111 672 et
2128 607 2215 671 indi·

227 711 283 767 tur
305 720 376 765 esse
397 711 535 782 quatuor
557 701 741 766 literarum:
766 705 887 767 reatina
906 713 1015 765 tamen
1039 701 1195 775 sentiunt,
1245 699 1530 777 oiumoaaultante,
1546 696 1586 760 de
1597 695 1880 779 eiusprovidentia
1890 694 2217 775 dubitareineipiant,

228 787 285 869 qui
306 784 425 851 doaent
447 805 518 850 esse
535 790 756 869 oompositam,
779 799 812 851 et
829 785 912 851 duas
930 786 1049 851 valere.
1071 784 1196 866 Quam·
1247 784 1305 850 sed
1326 785 1424 868 longe
1447 783 1602 848 differunt
1630 783 1676 865 pii
1698 802 1718 846 a
1740 784 1899 866 reprobis:
1928 784 2004 864 quia
2025 781 2080 844 alii
2103 780 2213 844 earnis

227 873 278 938 vis
306 891 384 955 ergo
413 871 515 935 verbu
578 871 621 937 sit
649 873 827 955 singularis
856 873 994 948 numeri,
1028 871 1197 937 eolleotive
1247 889 1379 936 sensum
1402 869 1466 934 lide
1487 870 1599 933 statim
1622 872 1810 952 corrigunt:
1833 869 1886 932 alii
1905 889 1983 932 vero
2005 868 2038 931 in
2062 884 2216 949 perversa

227 968 338 1022 temen
366 975 427 1038 per
447 969 543 1040 0³30
618 977 772 1041 magnam
803 958 934 1022 turbam
956 956 1106 1041 designat
1126 974 1197 1038 pro
1247 955 1479 1041 imaginatione
1507 954 1570 1019 sibi
1597 953 1779 1038 indulgent.
1824 953 1880 1020 Sia
1908 952 2017 1019 David
2048 949 2216 1035 Sui-pendi

226 1043 337 1126 pheta,
355 1061 438 1124 quae
455 1043 612 1126 affligitur
630 1041 670 1107 ab
689 1063 881 1125 unoquoque
901 1045 1037 1107 istorum
1057 1043 1196 1106 leonum.
1247 1043 1349 1107 verbo
1376 1061 1442 1105 non
1465 1051 1532 1105 tam
1557 1040 1663 1104 Deum
1686 1040 1816 1119 exaitat,
1847 1059 1943 1122 quam
1971 1039 2104 1123 evigilat
2132 1038 2216 1120 ipse,

228 1140 367 1226 nimy
389 1127 594 1193 substantive
615 1128 740 1193 reddidi
763 1128 1003 1193 Fortitudines:
1033 1129 1197 1210 quianon
1249 1127 1300 1192 vel
1329 1147 1364 1190 se
1394 1126 1641 1208 expergeiaaere
1670 1138 1816 1202 tonatur,
1851 1137 1888 1190 ut
1920 1123 2008 1189 aliud
2038 1134 2146 1207 speret
2175 1122 2216 1187 de

229 1217 363 1279 dubium
391 1225 451 1293 est,
481 1214 558 1294 quin
589 1214 749 1296 propheta
777 1213 839 1279 hoo
862 1214 992 1279 nomiae
1015 1233 1142 1296 ungues
1164 1219 1198 1275 et
1248 1213 1371 1278 auxilio
1400 1212 1472 1292 Dei,
1502 1231 1599 1293 quam
1628 1211 1795 1293 oonspioit.
1840 1210 1997 1276 Continet
2024 1211 2133 1291 itaque
2162 1207 2218 1273 hio

230 1298 343 1364 dentes
376 1298 477 1362 leonis
510 1298 648 1378 denotet,
686 1303 720 1363 in
754 1299 872 1381 quibus
904 1299 1114 1381 praecipuum
1148 1309 1196 1360 est
1249 1319 1364 1362 versus
1385 1297 1501 1361 utilem
1523 1297 1712 1376 doetrinam,
1743 1317 1807 1378 quo
1830 1298 1936 1380 magis
1964 1297 2100 1378 supinae
2121 1296 2217 1378 igno·

229 1383 357 1450 belluae
378 1383 467 1447 illius
490 1382 597 1448 robur.
620 1383 708 1464 Quia
725 1397 835 1449 tamen
859 1384 987 1466 proprie
1004 1395 1055 1449 est
1077 1403 1196 1448 nomen
1248 1382 1375 1448 rantiue
1403 1382 1522 1447 uallum
1553 1382 1614 1447 sibi
1646 1382 1738 1463 impii
1765 1383 1940 1460 obducunt,
1967 1394 2005 1446 ut
2025 1380 2134 1444 Deum
2163 1399 2218 1444 res

200 1533 203 1538 .
228 1472 324 1549 'l'oar,
345 1489 412 1534 non
430 1469 515 1533 male
532 1471 705 1534 conveniet
727 1491 784 1552 per
802 1469 1049 1534 similitudinem
1068 1489 1197 1552 ungues
1248 1469 1410 1533 humanas
1433 1488 1497 1531 non
1517 1486 1631 1534 aurare
1652 1465 1712 1531 sibi
1732 1469 1957 1550 persuadeant,
1979 1488 2039 1532 neo
2056 1466 2217 1532 seelerum

230 1558 319 1639 ipsos
350 1565 383 1618 et
416 1553 531 1619 dentes
564 1556 674 1620 voeari
708 1555 859 1620 robustos
887 1555 1017 1620 milites.
1073 1554 1195 1619 liudem
1248 1556 1317 1618 lore
1338 1552 1513 1628 vindioem,
1541 1563 1580 1617 ut
1602 1573 1660 1618 nos
1681 1572 1719 1616 eo
1741 1558 1847 1636 magis
1868 1555 1900 1617 in
1924 1554 2115 1618 eontrarium
2139 1572 2217 1634 par·

231 1662 310 1707 vero
328 1659 444 1705 sensus
463 1639 557 1713 redit,
576 1639 651 1705 lieet
669 1640 879 1706 fraudulenta
897 1639 1091 1706 demissione
1108 1639 1196 1704 vires
1247 1651 1313 1704 tem
1345 1639 1499 1702 nitamur.
1551 1639 1622 1704 lmo
1651 1638 1746 1703 nobis
1779 1639 1987 1704 inuitamento
2016 1658 2086 1702 esse
2120 1636 2219 1701 debet

230 1747 306 1792 suaa
329 1738 450 1809 tegant,
481 1727 549 1790 fore
579 1733 687 1792 tamen
711 1727 776 1791 illis
797 1727 832 1790 in
855 1734 1007 1808 promptu
1029 1727 1121 1807 quasi
1144 1745 1196 1788 ar·
1246 1724 1378 1790 illorum
1398 1724 1557 1806 impietae,
1579 1736 1616 1789 ut
1636 1725 1755 1788 aeriter
1772 1724 1988 1789 dubitationes
2010 1721 2218 1806 repellamus,

225 1823 349 1877 matam
379 1811 555 1875 satellitum
588 1821 741 1889 turmam,
773 1811 826 1877 vel
856 1832 982 1895 ungues
1012 1825 1044 1875 et
1072 1811 1194 1885 dentes,
1247 1831 1328 1893 quas
1351 1809 1398 1873 illi
1423 1831 1487 1874 non
1512 1811 1608 1875 modo
1630 1808 1817 1888 admittunt,
1845 1809 1901 1874 sed
1931 1810 1991 1874 sibi
2022 1808 2097 1873 data
2118 1828 2220 1890 opera

228 1898 325 1963 simul
348 1916 386 1960 aa
407 1896 516 1960 oblata
537 1896 635 1961 luerit
656 1898 794 1964 nouandi
816 1898 950 1963 ooeasio.
1247 1895 1420 1962 fabricant.

1334 1979 1384 2045 13.
1408 1979 1467 2065 (Ut
1487 1981 1564 2062 quid
1583 1978 1727 2066 apernit.)
1758 1979 1953 2061 Quanquam
1976 1981 2119 2045 rationes
2144 1977 2217 2043 Deo

314 2067 364 2130 11.
388 2065 484 2130 Dixit
500 2067 536 2131 iu
553 2068 645 2133 eorde
661 2088 727 2150 auo,
751 2067 864 2132 oblitus
880 2073 925 2132 eat
941 2065 1045 2132 Deus:
1069 2066 1195 2131 abesam
1248 2068 1394 2149 proferre
1422 2086 1657 2148 supervaauum
1681 2078 1739 2140 est,
1769 2067 1888 2148 quibus
1915 2086 1990 2130 eum
2019 2064 2215 2149 persuadea-

227 2154 275 2218 att
294 2152 407 2232 fatiem
428 2171 520 2215 auam
542 2173 581 2218 ae
601 2154 706 2218 uideat
731 2153 766 2217 iu
781 2157 976 2235 perpetuum.
1022 2152 1071 2216 12.
1096 2150 1207 2235 Surpe,
1249 2174 1340 2218 mua:
1371 2150 1464 2216 nobis
1494 2162 1602 2216 tamen
1632 2153 1667 2216 in
1696 2151 1846 2233 preoibus
1874 2172 1984 2216 aeuum
2011 2152 2218 2216 familiariter

229 2237 344 2303 Ieltooa
373 2236 472 2318 Deua,
510 2237 612 2303 attolle
648 2258 777 2303 mertum
804 2243 900 2321 luam,
933 2258 971 2303 ue
1002 2237 1198 2303 obliuiscaris
1248 2238 1326 2324 (non
1362 2257 1455 2302 seeus
1484 2257 1521 2301 ao
1558 2239 1646 2302 lilius
1676 2246 1841 2300 terrenum
1870 2245 1997 2320 patrem
2026 2234 2218 2321 alloquitur)

223 2342 411 2404 pauperum.
457 2321 507 2387 13.
538 2322 577 2389 Ut
598 2324 675 2406 quid
696 2325 815 2405 aperuit
834 2324 954 2406 impius
974 2323 1103 2390 Deum?
1123 2323 1199 2388 dieii
1249 2344 1345 2408 agere
1367 2321 1536 2406 permittit.
1567 2323 1650 2387 Nam
1674 2343 1752 2386 usus
1774 2322 1927 2404 precandi
1950 2342 2078 2406 semper
2100 2332 2218 2387 notau-

227 2408 263 2473 iu
283 2408 374 2473 eorde
395 2427 468 2473 euos
491 2406 566 2472 Noa
586 2411 737 2492 requires.
1249 2410 1310 2472 dus
1332 2418 1396 2474 ast:
1428 2415 1466 2471 ut
1486 2409 1609 2473 scilieet
1630 2407 1722 2473 Deus
1743 2409 1889 2472 omnium
1912 2420 2095 2473 nostrorum
2119 2408 2217 2473 affee-

1250 2505 1345 2558 tuum
1374 2495 1466 2557 testis
1496 2496 1557 2557 sit:
1587 2515 1652 2557 non
1681 2494 1768 2576 quod
1799 2493 1917 2576 alioqui
1943 2494 2050 2576 ipsum
2082 2494 2217 2569 lateant,

315 2579 364 2643 11.
397 2577 507 2663 (Diatt
536 2580 571 2642 iu
598 2578 709 2664 eorde.)
738 2580 861 2643 Iterum
890 2578 1014 2642 iontem
1044 2576 1197 2642 audatiae
1248 2577 1304 2644 sed
1327 2580 1411 2661 quia,
1440 2576 1516 2642 dum
1539 2598 1645 2644 eoram
1674 2580 1744 2661 ipso
1766 2579 1961 2645 effundimus
1983 2578 2082 2645 eorda
2104 2590 2218 2644 nostra

228 2675 338 2730 notat:
361 2662 448 2746 quod
471 2663 593 2728 seilicet
610 2665 702 2745 impii
724 2684 763 2727 ex
785 2663 847 2727 Dei
866 2663 1074 2726 oonniventia
1091 2664 1196 2744 impu·
1250 2663 1444 2729 tantundem
1464 2662 1614 2728 levantur
1630 2684 1727 2729 aurae
1744 2676 1883 2744 nostrae,
1903 2673 1937 2729 et
1953 2664 2098 2749 augessit
2115 2666 2218 2747 impe·

229 2751 366 2815 nitatem
389 2747 451 2811 sibi
474 2748 676 2827 promittant.
720 2745 807 2826 Quia
827 2767 902 2812 vero
926 2768 990 2811 non
1013 2746 1120 2828 palam
1143 2768 1198 2812 ore
1250 2747 1357 2813 traudi
1381 2747 1509 2814 fidutia.
1542 2748 1598 2814 Sia
1622 2749 1730 2814 David
1751 2751 1785 2814 iu
1808 2752 1992 2833 praesentia
2013 2750 2074 2815 sibi
2122 2770 2217 2832 ropo-

229 2835 400 2917 proferunt
419 2832 610 2909 sacrilegam
631 2834 724 2895 istam
740 2830 982 2914 blasphemiam,
1005 2830 1196 2898 Deumesae
1249 2855 1332 2899 nens
1353 2854 1447 2916 quam
1480 2835 1655 2899 absurdum
1686 2845 1720 2898 et
1747 2836 1950 2902 intolerabile
1981 2847 2075 2912 esset,
2139 2857 2217 2900 eum

229 2918 376 2990 oblitum,
388 2926 420 2979 et
432 2915 587 2981 clausisse
598 2916 709 2981 oeulos
720 2939 761 2981 ne
773 2936 914 2999 unquam
923 2917 1043 2996 videat,
1055 2918 1111 2982 sed
1124 2938 1197 3000 pro·
1249 2921 1384 3001 impune
1412 2920 1521 3002 sperni
1552 2921 1591 2984 ab
1623 2922 1740 3004 impiis,
1769 2921 1847 2986 inde
1868 2942 1957 3004 spem
1982 2922 2118 2986 remedii
2140 2941 2219 2987 eon·

229 3001 347 3068 fundas
361 3000 423 3065 sibi
437 3001 651 3082 cogitationes
666 3000 877 3081 absoondunt,
902 3017 940 3067 ut
957 3003 1141 3079 Ieaaias29‚
1156 3003 1197 3069 15
1249 3008 1344 3086 oepit.
1396 3004 1486 3070 Idem
1529 3007 1664 3071 verbum
1698 3028 1786 3072 nune
1819 3008 1984 3088 repetitur,
2028 3028 2091 3089 quo
2125 3007 2219 3091 prius

230 3087 391 3168 loquitur:
415 3085 573 3167 propheta
596 3087 731 3152 eandem
754 3087 906 3170 loquendi
929 3088 1063 3152 sormam
1087 3088 1195 3174 (quam
1248 3111 1330 3155 usus
1353 3092 1474 3155 fuerat:
1497 3091 1582 3172 quod
1606 3091 1661 3155 alii
1683 3101 1816 3157 vertunt
1838 3093 2030 3169 Provuuare,
2054 3093 2111 3157 alii
2136 3091 2219 3157 blas·

231 3171 336 3256 prius)
359 3183 507 3253 usurpat,
538 3184 571 3235 et
599 3193 677 3237 mox
705 3176 801 3238 tertio
828 3182 960 3256 repetet,
990 3175 1106 3255 impios
1135 3173 1197 3240 sibi
1249 3177 1412 3259 phemare.
1445 3174 1509 3241 Sed
1531 3176 1598 3254 illa,
1621 3198 1717 3259 quam
1740 3177 1888 3260 praetuli,
1912 3179 2104 3262 signifieat-io
2128 3176 2219 3243 haud

230 3259 322 3323 intus
339 3257 372 3318 in
390 3255 543 3321 eordibus
563 3257 678 3336 dicere,
697 3279 750 3323 res
769 3260 928 3324 humanas
946 3259 1047 3324 aDeo
1061 3260 1197 3325 minime
1251 3261 1346 3325 dubie
1375 3263 1480 3344 aptior
1508 3271 1558 3326 eet
1582 3264 1765 3328 eontextui:
1795 3263 1870 3345 quia
1900 3264 1956 3329 ubi
1979 3264 2050 3328 Deo
2078 3265 2219 3346 eripitur

231 3342 348 3410 eursri.
393 3340 581 3406 Notandum
610 3357 720 3408 autem
741 3344 826 3426 quod
857 3345 949 3427 impii
970 3367 1012 3409 ex
1034 3345 1198 3427 praesenti
1251 3358 1392 3430 potestas
1421 3356 1454 3410 et
1483 3368 1602 3412 munus
1631 3347 1804 3427 iudicandi,
1834 3349 2063 3414 ouutumeliosa
2086 3371 2128 3414 ex
2158 3369 2218 3413 suo

231 3429 354 3493 intuitu
395 3427 441 3490 sio
474 3428 649 3492 aestimant
680 3449 771 3492 suam
804 3431 978 3504 fortunam,
1018 3440 1056 3493 ut
1089 3431 1197 3496 Deum
1250 3433 1329 3498 sulio
1370 3431 1536 3498 detractus
1568 3432 1658 3515 quasi
1686 3435 1720 3497 iu
1754 3433 1899 3498 ordinem
1930 3437 2066 3518 oogitur.
2112 3435 2218 3499 Porro

232 3511 467 3610 quodammodo
489 3512 549 3577 sibi
572 3512 762 3577 obstrictum
785 3514 1014 3597 imaginentur.
1043 3515 1138 3580 Unde
1161 3518 1200 3581 fit
1251 3538 1350 3600 quum
1374 3539 1478 3601 nuper
1494 3534 1690 3600 uonquastus
1707 3530 1802 3599 esset,
1823 3519 1940 3602 impios
1958 3540 2079 3602 negare
2097 3521 2217 3598 Deum,

233 3609 271 3663 ut
298 3618 334 3661 1n
363 3604 554 3678 perpetuum
586 3599 691 3663 seouri
728 3597 804 3675 sint,
841 3600 1007 3680 quianon
1037 3611 1198 3680 reputant,
1251 3605 1302 3667 vel
1349 3605 1482 3687 fingere,
1528 3604 1674 3687 neglecta
1718 3606 1887 3670 hominum
1928 3627 2014 3684 aurs,
2060 3615 2219 3688 perpetuo

234 3690 306 3783 post
333 3682 464 3763 longam
488 3683 549 3745 Dei
579 3682 784 3746 tolerantiam
815 3685 950 3765 gravius
970 3685 1092 3748 instare
1114 3685 1198 3748 iudi·
1252 3687 1461 3764 domientem‚
1492 3709 1578 3752 nuno
1600 3689 1711 3752 eodem
1732 3711 1830 3756 sensu
1852 3690 1930 3756 diait
1951 3714 2015 3757 non
2039 3693 2219 3774 requirere.

233 3789 329 3834 oium.

321 3852 371 3917 12.
393 3849 509 3935 (Surpe
530 3850 669 3937 leima.)
691 3851 887 3934 Quanquam
910 3853 972 3917 hoo
989 3852 1098 3917 morbo
1116 3873 1201 3916 eom·
1339 3854 1389 3917 14.
1421 3855 1547 3928 Vidisti,
1580 3859 1726 3936 quoniam
1758 3866 1792 3925 tu
1823 3863 1995 3928 molestiam
2024 3868 2051 3926 et
2082 3864 2219 3928 amatia

166 3954 171 3961 ·
234 3938 380 4002 munitor
409 3934 560 4000 laborant
593 3938 701 4002 eunati
734 3938 896 4016 mortales,
931 3952 968 4002 ut
999 3935 1108 4001 Deum
1142 3957 1199 4018 pro
1252 3959 1321 4004 uem
1339 3940 1527 4022 musiderae,
1556 3945 1590 4004 ui
1605 3962 1710 4020 pouas
1737 3943 1772 4007 iu
1793 3968 1923 4012 mauum
1943 3955 2046 4013 tuam:
2071 3968 2170 4029 super
2190 3951 2220 4012 u

235 4024 345 4088 earnis
373 4039 452 4086 suae
480 4041 577 4086 sensu
607 4022 702 4086 otiari
734 4021 786 4087 vel
814 4023 917 4087 iaoere
943 4023 1080 4105 fingant,
1122 4018 1199 4084 dum
1252 4025 1404 4105 reiiuquet
1421 4044 1555 4106 pauper,
1584 4025 1724 4105 orpbauo
1744 4033 1778 4092 tu
1799 4034 1862 4097 eris
1884 4033 2018 4098 adiutor.
2065 4033 2116 4098 lb.
2142 4033 2220 4099 (loa.

236 4128 295 4174 sua
324 4105 443 4170 iudioia
469 4126 534 4169 non
558 4108 764 4187 exsequitur:
797 4107 929 4190 longum
960 4118 1068 4170 tamen
1088 4103 1200 4169 disori·
1252 4113 1314 4172 tere
1336 4107 1498 4172 oracutum
1525 4111 1667 4174 scelerati
1695 4117 1722 4176 el
1743 4117 1891 4198 improbi:
1918 4138 2047 4200 quaeres
2076 4120 2222 4201 impieta·

236 4214 311 4258 men
334 4202 384 4255 est
405 4191 491 4254 inter
512 4190 624 4255 fideles
647 4199 680 4254 et
701 4190 868 4272 reprobos:
898 4191 973 4272 quia
1002 4191 1037 4255 hi
1057 4209 1198 4254 errorem
1252 4199 1312 4256 tem
1333 4194 1410 4271 eius,
1428 4211 1492 4255 noa
1513 4194 1659 4260 iuvenies.

235 4300 276 4344 ex
298 4277 404 4342 earnis
427 4275 618 4339 infirmitate
639 4274 797 4340 obieatum
821 4276 940 4351 fovent,
963 4275 1087 4357 sibique
1109 4273 1200 4338 blan·

237 4364 334 4429 ditias
362 4382 402 4425 ex
432 4373 564 4442 stupore
586 4360 701 4441 eupide
730 4370 908 4435 aooersunt,
938 4359 1040 4425 donee
1069 4359 1202 4422 tandem
1341 4360 1390 4424 14.
1414 4358 1560 4444 (Vidisti,
1589 4367 1734 4443 quoniam
1750 4371 1816 4459 etc.)
1858 4375 1924 4440 His
1952 4385 2084 4459 repente
2107 4375 2221 4444 David

236 4449 339 4531 impia
372 4445 554 4528 pertinacia
587 4444 627 4507 ad
658 4462 800 4508 erassum
829 4442 893 4507 Dei
918 4454 1137 4525 oontemptum
1168 4462 1202 4507 se
1254 4455 1367 4509 annoto
1400 4441 1469 4508 nelo
1503 4464 1665 4527 aseensus,
1702 4453 1734 4517 in
1767 4477 1898 4523 arenam
1932 4461 2055 4544 prodit:
2088 4461 2221 4546 fideque

237 4536 409 4602 obdurent.
431 4529 486 4594 Illi
508 4540 616 4593 antem
641 4528 764 4609 priores
785 4529 894 4593 statim
917 4529 1019 4592 esuis
1037 4526 1203 4590 mentibus
1255 4530 1442 4606 instructus,
1465 4531 1637 4613 saerilegas
1654 4535 1726 4602 illas
1748 4545 1915 4623 opiniones
1936 4548 2056 4611 acriter
2077 4549 2209 4631 repellit

237 4623 354 4689 falsam
374 4614 642 4698 imaginationem
665 4615 852 4676 excutiunt:
874 4632 973 4692 seque
993 4613 1154 4693 uestigant
1172 4622 1204 4674 et
1255 4625 1419 4676 eaeterum
1437 4615 1513 4692 quia
1530 4615 1610 4678 nihil
1634 4622 1717 4700 apud
1737 4624 1883 4694 homines
1901 4634 2057 4714 profitere
2079 4599 2222 4716 poterat

240 4707 325 4772 ultro
348 4712 505 4767 revooant
526 4697 567 4763 ad
590 4715 699 4762 sanam
722 4705 875 4773 mentem,
899 4697 991 4760 auius
1010 4696 1055 4759 rai
1077 4697 1203 4759 illustre
1255 4717 1291 4760 se
1312 4697 1352 4759 ad
1377 4695 1485 4759 Deum
1508 4705 1673 4770 convertit.
1703 4707 1787 4774 Nam
1810 4716 1894 4777 sieut
1916 4717 2007 4798 impii
2028 4684 2222 4800 protervam

240 4789 408 4874 speculum
435 4784 529 4850 nobis
557 4784 592 4846 in
622 4780 682 4845 hoa
711 4780 780 4844 looo
797 4781 998 4862 proponitur.
1041 4778 1204 4843 Humanis
1254 4780 1412 4845 saelorum
1435 4779 1595 4848 lioentiam
1619 4789 1679 4853 sibi
1700 4793 1804 4859 faeere
1824 4800 1978 4877 volentes,
2005 4806 2118 4885 prooul
2143 4826 2180 4872 se
2202 4826 2225 4870 a

240 4877 327 4941 enim
345 4870 499 4956 loquendi
518 4868 629 4933 formis
650 4864 807 4947 propheta
825 4863 963 4928 eundem
982 4863 1044 4927 sibi
1062 4883 1203 4927 errorem
1256 4862 1328 4928 Deo
1350 4861 1542 4944 subducunt,
1571 4881 1603 4934 et
1625 4894 1776 4953 perverso
1799 4887 1917 4949 mentis
1939 4908 2049 4954 errore
2072 4891 2134 4956 sibi
2159 4894 2222 4957 fin·

240 4959 421 5043 obrepsisse
442 4954 594 5027 deelaral.
618 4969 714 5033 (luem
738 4969 843 5030 ¹¹¹¹P0f
863 4949 897 5011 5¹¹
920 4946 984 5011 Del
1006 4959 1205 5044 ⁰⁰¹}l0mP00·
1257 4959 1339 5044 8¹¹⁰?
1361 4946 1491 5029 l⁰ngflm
1515 4950 1715 5024 distantiam:
1743 4965 1789 5028 ita
1818 4987 1859 5031 ex
1881 4974 2028 5053 opposito
2058 4976 2174 5042 fideles
2203 4996 2226 5040 a

240 5045 330 5111 ribus
351 5043 532 5108 damnavit.
575 5038 642 5104 Sed
671 5045 798 5100 mature
820 5031 860 5096 ad
881 5051 954 5096 eum
978 5031 1204 5112 aorrtgendum
1257 5049 1350 5111 vagis
1379 5041 1412 5092 et
1439 5036 1584 5103 erratioia
1612 5044 1813 5123 opinionibus
1848 5074 1881 5116 se
1914 5057 2068 5142 colligere
2101 5082 2224 5128 oerae

242 5129 395 5204 omnip,
417 5140 451 5192 π
467 5129 588 5194 inm
609 5140 709 5187 manu
732 5137 842 5185 seeum
864 5115 1021 5181 laetatur:
1045 5114 1095 5179 vel
1114 5135 1204 5179 men·
1230 5113 1399 5247 'pretium
1434 5129 1491 5190 est,
1533 5130 1567 5186 et
1601 5145 1729 5194 sursum
1763 5138 1879 5202 ereutis
1911 5144 2076 5211 mentibus
2145 5169 2225 5214 eum

240 5233 306 5282 tem
329 5234 422 5280 suam
445 5212 582 5291 oohibet
604 5203 747 5289 nequid
768 5199 1006 5282 uonaipiatDei
1029 5198 1153 5264 iustitia
1174 5206 1207 5261 st
1258 5200 1348 5278 quasi
1370 5214 1571 5279 praesentem
1595 5211 1724 5294 alloqui.
1761 5217 1881 5287 Merito
1899 5224 2012 5309 itaque
2033 5230 2157 5310 David,
2180 5255 2225 5299 ne
