4658 5856
160 356 226 424 309
965 355 1181 426 PSALMUS
1203 357 1337 425 XXXI.
2080 366 2146 433 310

248 547 299 613 17.
328 543 459 633 (ΙοΙιοοο
489 566 529 612 ree
554 545 740 632 padefiom.)
790 546 1005 628 Prosequitur
1035 546 1284 639 suam1brutis
1316 566 1444 630 quoque
1476 548 1672 616 animalibus
1704 549 1870 618 liberalem
1901 553 2070 621 exhibeat:
2110 575 2145 620 se

162 633 392 719 precationem,
414 640 447 698 et
469 652 533 715 quo
551 631 625 714 plus
646 632 717 715 spei
734 633 904 713 concipiat,
928 652 963 696 se
980 630 1128 696 hostibus
1180 639 1289 697 tamen
1324 653 1400 697 vere
1432 642 1466 698 et
1498 635 1532 698 iu
1564 634 1703 701 solidum
1733 646 1860 719 patrem
1903 660 1969 705 uon
2001 639 2145 706 declarat

162 720 231 786 suis
246 719 387 802 opponit,
406 718 483 800 quia
501 718 550 784 his
567 717 742 783 absurdum
761 718 884 792 fuisset,
903 717 977 781 illos
995 717 1128 800 impune
1180 718 1242 782 nisi
1265 718 1370 784 servis
1391 719 1468 784 suis.
1502 718 1614 801 Quare
1636 741 1702 787 non
1721 722 1779 787 abs
1801 745 1837 788 re
1859 723 2048 792 abscondita
2069 725 2146 792 diei·

163 804 257 885 elabi,
278 822 418 887 quorum
435 803 587 886 impietas
603 804 687 868 iram
707 805 769 869 Dei
787 810 899 886 aperte
916 803 1126 886 provocabat:
1181 811 1237 867 tur
1264 802 1414 868 fidelibus
1442 803 1504 868 Dei
1535 805 1671 891 bonitas,
1704 828 1785 891 quos
1818 812 1950 892 propius
1979 819 2012 874 st
2039 811 2145 895 magis

162 891 334 956 innoxium
362 909 440 954 vero
468 888 633 954 homiuem
662 889 716 972 qui
738 890 773 954 iu
797 890 906 955 Deum
927 887 1127 967 recubuerat,
1179 888 1384 954 familiariter
1406 889 1519 954 favore
1540 910 1598 956 suo
1620 893 1771 976 prosequi
1794 893 1958 979 dignatur.
2002 894 2144 977 Quidam

163 997 238 1056 enm
266 975 478 1040 frustratione
502 975 642 1040 ludibrio
671 975 801 1057 exponi.
844 975 1007 1039 Tenemus
1039 993 1128 1037 nuno
1179 973 1331 1040 subtilius
1372 975 1551 1041 bonitatem
1591 977 1653 1042 Dei
1693 977 1914 1045 absconditam
1946 981 2146 1065 intelligunt,

164 1061 242 1145 quid
269 1059 377 1126 valeat
404 1060 613 1142 comparatio.
664 1060 778 1136 Porro,
811 1061 881 1142 spei
910 1059 964 1124 vel
992 1059 1128 1124 fiduciae
1180 1060 1256 1141 quia
1273 1059 1366 1124 Deus
1398 1079 1494 1142 saepe
1514 1061 1599 1128 filios
1619 1082 1697 1128 suos
1718 1084 1814 1129 cruce
1836 1076 1869 1128 st
1890 1067 2031 1131 miseriis
2053 1086 2144 1131 exer·

163 1147 232 1214 loeo
253 1167 343 1213 nuno
364 1146 525 1211 invocatio
548 1146 679 1228 ponitur
696 1155 730 1211 st
751 1147 883 1212 merito:
904 1146 980 1228 quia
998 1164 1129 1209 necesse
1180 1164 1266 1223 cens,
1289 1165 1380 1210 suam
1404 1166 1483 1230 erga
1504 1167 1559 1212 eos
1581 1148 1721 1231 gratiam
1739 1150 1887 1228 occultat,
1911 1173 2015 1233 neque
2033 1161 2144 1217 tamen

163 1242 212 1298 eat
241 1240 280 1298 ut
308 1231 349 1297 ad
370 1231 480 1296 Deum
509 1231 686 1315 confugiat,
715 1240 750 1297 et
778 1241 854 1297 vota
875 1251 936 1297 sua
956 1230 1128 1296 clamores·
1181 1249 1291 1294 eorum
1332 1231 1542 1297 obliviscitur.
1597 1233 1801 1299 Probabilins
1840 1245 1950 1301 temen
1987 1247 2045 1314 est,
2085 1258 2145 1320 pro

163 1338 225 1401 que
253 1316 373 1400 dirigat
401 1317 546 1400 quisquis
573 1316 609 1381 in
632 1317 703 1382 eius
731 1317 938 1401 providentia
959 1315 1128 1381 recumbit.
1180 1317 1323 1396 reposito
1342 1316 1496 1381 thesauro
1518 1318 1619 1384 sumi:
1655 1319 1719 1384 nisi
1752 1320 1835 1385 forte
1855 1320 1896 1386 ed
1919 1323 2046 1405 piorum
2070 1343 2145 1389 sen·

165 1403 265 1470 Silere
292 1403 328 1469 in
353 1400 503 1484 sepulcro,
544 1401 734 1468 tantundem
766 1403 854 1469 valet
883 1411 980 1485 atque
1012 1401 1129 1481 impios
1180 1420 1254 1466 sum
1283 1401 1316 1465 id
1344 1402 1465 1467 referre
1493 1403 1637 1486 placcat:
1670 1405 1747 1488 quia
1775 1405 1836 1471 soli
1858 1407 1908 1491 (ut
1937 1406 2145 1493 dictumest)

165 1498 271 1555 morte
303 1489 466 1570 compesci
499 1507 541 1552 ne
578 1487 720 1570 amplius
752 1496 899 1553 noosaut.
954 1484 1128 1554 Silentium
1180 1483 1312 1552 divinae
1344 1488 1575 1554 beneficentiae
1606 1490 1747 1555 fructum
1783 1491 1901 1557 animis
1943 1493 2144 1576 percipiunt:

164 1592 242 1640 vero
270 1581 339 1640 tam
362 1572 481 1638 dolosis
502 1583 536 1638 et
557 1572 690 1655 perfidis
716 1573 1010 1640 machinationibus
1031 1591 1129 1653 quam
1181 1590 1281 1652 quum
1314 1572 1431 1655 impios
1462 1573 1619 1656 impediat
1650 1576 1765 1640 brutus
1796 1585 1920 1660 stupor,
1962 1599 2004 1643 ne
2036 1580 2144 1644 Deum

163 1659 340 1726 tumultoso
380 1659 479 1724 fastui
518 1659 701 1740 opponitur.
755 1659 834 1724 Ideo
871 1679 947 1722 mox
981 1656 1128 1741 proximo
1181 1667 1358 1736 agnoscant
1387 1657 1567 1724 beneficum
1597 1670 1734 1742 patrem,
1764 1660 1840 1726 dum
1870 1684 1905 1728 es
1937 1663 2146 1748 ingurgitant

164 1766 261 1812 versu
290 1742 396 1810 addit:
431 1744 645 1810 Obrnotesoorst
665 1745 750 1810 lubic
771 1744 933 1823 maai,
965 1763 1029 1826 qua
1051 1760 1130 1806 voce
1181 1742 1251 1806 eius
1278 1742 1403 1825 opibus.
1437 1743 1489 1808 Ita
1513 1746 1551 1810 fit
1577 1758 1615 1810 ut
1642 1745 1706 1812 Dei
1736 1747 1864 1812 bouitas
1890 1769 2002 1814 omues
2029 1748 2145 1814 muudi

164 1852 238 1897 eum
260 1828 430 1913 complecti
458 1831 654 1912 iuterprctor
683 1840 749 1895 tam
773 1829 946 1912 vafritiem,
974 1829 1066 1893 fictos
1088 1826 1128 1890 ad
1181 1836 1290 1910 partes
1312 1829 1446 1912 impleat
1467 1850 1505 1895 ao
1527 1840 1673 1913 occupet,
1704 1832 1803 1916 vulgo
1825 1842 1934 1898 tamen
1957 1835 2072 1919 ignota
2092 1834 2145 1900 sit.

164 1914 425 2000 persuadendum
443 1915 565 1981 'colores
582 1923 616 1980 st
632 1915 822 1999 calumnias,
844 1934 939 1998 quarn
958 1922 1128 1979 ventosam
1181 1911 1249 1977 Sed
1281 1915 1459 1997 prophetae
1490 1926 1633 1981 mentem
1666 1918 1787 1984 certius
1820 1921 1944 2000 aperiet
1972 1919 2146 1985 antithesis

163 2000 362 2069 iactantiam.
415 1999 505 2065 Dicit
543 2001 631 2066 euim
671 2000 787 2066 durum
827 2000 880 2066 vel
912 2000 1129 2083 praefractum
1181 1997 1268 2063 inter
1298 1999 1410 2065 fideles
1439 2007 1473 2065 et
1499 2010 1681 2068 extrancos.
1727 2000 1822 2070 Sicut
1843 2005 1928 2068 enim
1953 2004 2049 2070 homo
2070 2026 2145 2088 pro·

165 2087 254 2170 loqui
270 2099 384 2154 contra
401 2087 511 2168 iustos,
534 2085 632 2168 idque
654 2087 688 2150 iu
706 2086 857 2169 superbia
874 2094 909 2152 et
926 2092 1130 2165 contemptu:
1181 2081 1287 2162 vidus,
1317 2086 1364 2150 ita
1392 2085 1457 2151 erit
1482 2086 1517 2150 in
1546 2107 1661 2153 omnes
1690 2087 1843 2168 liberalis,
1871 2101 1908 2153 ut
1929 2090 2013 2155 filios
2035 2101 2144 2157 tamen

165 2174 242 2256 quia
268 2182 337 2237 tam
360 2171 497 2237 audaces
525 2171 565 2235 ad
593 2173 816 2238 mentiendum
843 2170 1000 2236 reddebat
1021 2169 1129 2233 hostes
1183 2167 1233 2233 vel
1252 2169 1443 2236 domesticos
1461 2191 1527 2236 non
1546 2172 1723 2251 defraudet,
1747 2194 1808 2239 nse
1827 2172 1959 2259 prodige
1977 2174 2145 2261 largiendo

164 2256 303 2324 Davidis
324 2277 478 2340 perversa
500 2256 605 2335 elatio,
629 2278 711 2339 quae
728 2277 857 2339 semper
874 2257 943 2321 fere
962 2263 1128 2320 coutume·
1182 2253 1356 2320 exhauriat
1383 2256 1513 2321 domum
1540 2277 1650 2322 suam:
1679 2259 1726 2323 ita
1749 2259 1839 2324 Dcus
1866 2262 1986 2327 exteris
2016 2261 2144 2327 benefa-

164 2343 241 2409 liam
270 2364 314 2409 ex
345 2363 381 2409 se
410 2343 512 2426 parit:
540 2344 616 2424 quia
643 2343 716 2407 fieri
744 2343 798 2408 vix
821 2350 927 2425 potest
948 2341 1027 2424 quin
1050 2337 1130 2404 alios
1181 2340 1279 2418 ciens,
1301 2341 1379 2407 filiis
1400 2350 1509 2406 tamen
1531 2363 1662 2408 servare
1683 2344 1778 2409 novit
1795 2345 1879 2427 qnod
1902 2347 1936 2409 in
1954 2347 2041 2428 ipsos
2059 2368 2145 2413 com·

164 2428 375 2512 contemptim
415 2428 570 2511 despiciat
610 2428 755 2511 quisquis
793 2435 924 2511 arrogat
957 2426 1019 2492 sibi
1056 2424 1130 2507 plus
1183 2425 1264 2505 petit
1296 2427 1387 2508 quasi
1416 2426 1633 2493 haereditario
1660 2429 1740 2494 iure.
1796 2430 1999 2513 Augustinus
2029 2452 2144 2514 parum

163 2515 260 2581 iusto.
1182 2511 1328 2591 apposite
1347 2511 1399 2577 his
1420 2511 1527 2578 verbis
1544 2513 1670 2596 probat,
1692 2534 1745 2579 eos
1767 2516 1822 2597 qui
1840 2515 1910 2581 sine
1927 2515 1993 2581 fids
2010 2516 2146 2583 horrent

1183 2595 1337 2661 iudicium
1359 2596 1433 2678 Dei,
1463 2619 1527 2663 uon
1549 2609 1681 2681 gustare
1710 2600 1779 2664 sius
1801 2600 1994 2666 bonitatem:
2023 2602 2146 2669 eteius

250 2685 302 2750 19.
328 2683 428 2766 Qum
447 2683 548 2748 molta
567 2683 688 2750 bonius
708 2689 879 2766 tuaquom
905 2677 1130 2764 abscondidit)
1182 2700 1274 2746 error
1294 2683 1413 2748 clarius
1433 2684 1582 2766 proximo
1601 2684 1747 2750 membro
1765 2685 1932 2765 refellitur,
1960 2686 2014 2752 ubi
2037 2688 2145 2754 David

164 2769 341 2837 emtas
371 2773 409 2850 te,
442 2769 606 2835 οοονοοὶοἱί
638 2768 857 2852 confidentibus
888 2769 924 2833 ic
955 2772 992 2845 te,
1025 2784 1130 2830 eoram
1182 2768 1379 2847 pronuntiat,
1407 2769 1514 2851 ipsum
1537 2769 1647 2833 Deum
1675 2789 1783 2834 coram
1812 2772 1933 2836 mundo
1962 2771 2024 2839 boo
2045 2781 2145 2839 testa·

162 2855 244 2938 filiis
276 2854 444 2921 foeminum.
500 2855 552 2921 20.
584 2854 764 2921 Abscondat
801 2874 854 2919 eos
890 2855 923 2919 io
956 2851 1130 2917 cecato
1182 2863 1250 2916 tum
1279 2853 1393 2930 facere,
1427 2875 1542 2937 nempe
1571 2855 1802 2920 inaestimabili
1831 2855 1974 2922 bonitate
2006 2877 2040 2924 se
2069 2879 2147 2944 erga

163 2942 269 3008 mitres
289 2941 346 3021 iai,
373 2960 395 3007 ο
415 2941 573 3021 superbiis
593 2941 658 3006 viri
678 2939 846 3007 mustis
866 2959 916 3004 eos
936 2939 973 3003 ire
995 2937 1128 3020 tugurio,
1181 2937 1321 3004 cultores
1348 2959 1423 3004 suos
1445 2960 1515 3005 esse
1537 2939 1727 3020 praeditum,
1756 2950 1926 3007 uteorum
1955 2942 2049 3007 saluti
2096 2965 2146 3010 ro·

164 3049 185 3093 ο
221 3028 319 3101 rice,
339 3026 530 3110 linguarum.
584 3026 636 3090 21.
671 3025 858 3092 Benedictus
892 3023 1014 3105 lebeus,
1053 3023 1130 3103 qaia
1181 3023 1305 3106 spicist.
1329 3024 1425 3090 Unde
1442 3024 1513 3090 colli
1540 3025 1623 3090 ‘mus
1646 3046 1710 3090 non
1730 3026 1770 3090 de
1787 3035 1921 3092 aeterne
1938 3027 2059 3097 beatitu
2083 3030 2146 3113 ine,

163 3111 339 3179 meabilem
366 3111 504 3177 reddidit
531 3110 694 3177 οοηίοοὶοο
722 3130 815 3175 suem
836 3129 910 3193 erpo
931 3129 979 3174 me
997 3110 1034 3173 ire
1054 3108 1128 3174 eici·
1181 3128 1264 3190 quae
1295 3111 1366 3192 pios
1399 3111 1432 3174 in
1465 3110 1563 3176 coeis
1591 3120 1712 3188 manet,
1751 3111 1804 3176 hic
1836 3113 1977 3186 tractari,
2017 3112 2073 3179 sed
2106 3114 2147 3180 de

161 3204 223 3264 tote
242 3198 375 3263 munita
1182 3191 1314 3258 auxiliis
1334 3214 1372 3259 ac
1393 3195 1557 3260 benefieiis
1587 3213 1671 3276 quae
1693 3194 1733 3259 ad
1756 3198 1936 3278 praesentis
1958 3197 2046 3263 vitae
2068 3219 2146 3264 con·

1181 3280 1396 3343 servationem
1435 3279 1614 3362 pertinent:
1650 3301 1734 3364 qnae
1762 3280 1842 3347 adeo
1871 3280 2047 3348 manifesta
2075 3303 2146 3350 esse

251 3369 302 3434 19.
324 3364 444 3453 (Qum
471 3367 572 3432 multe
600 3364 748 3451 bontas.)
792 3365 863 3429 Hoc
892 3383 991 3429 versu
1021 3363 1128 3428 excla·
1181 3363 1282 3444 docet,
1318 3373 1354 3429 ut
1382 3365 1511 3448 profani
1538 3385 1665 3448 quoque
1692 3366 1840 3432 homines
1876 3367 1995 3435 oculati
2033 3388 2146 3434 eorum

163 3467 234 3520 mat
271 3454 450 3537 benignum
483 3472 563 3536 erga
598 3470 676 3517 suos
709 3450 850 3516 cultores
880 3458 915 3515 et
946 3449 1128 3514 beneficum
1180 3457 1278 3514 testes
1300 3470 1371 3516 esse
1392 3457 1562 3535 cogantur.
1597 3449 1669 3516 Etsi
1698 3452 1786 3517 enim
1816 3453 1927 3518 omnia
1956 3453 2020 3518 Dei
2049 3473 2148 3537 opera

163 3560 235 3605 esse
267 3537 388 3616 Deum,
431 3558 531 3620 supra
572 3557 668 3620 quam
711 3556 826 3601 sensus
866 3543 975 3600 noster
1012 3533 1127 3617 capiat.
1179 3534 1296 3601 eleusis
1317 3535 1419 3600 oculis
1442 3536 1598 3620 praeterit
1619 3538 1773 3616 muudus,
1801 3557 1838 3603 ac
1868 3539 2010 3604 maxime
2039 3550 2146 3622 pater·

162 3625 302 3692 Bonitas
323 3624 411 3689 enim
435 3624 488 3689 hic
509 3643 569 3708 pro
588 3622 704 3688 effectu
726 3643 784 3688 suo
806 3621 943 3704 capitur.
982 3617 1127 3685 Interro·
1180 3641 1255 3684 nam
1297 3621 1368 3687 eius
1399 3641 1478 3706 erga
1510 3630 1640 3688 sanctos
1674 3641 1787 3688 curam
1828 3625 1981 3707 ignorat:
2020 3633 2144 3690 certum

162 3711 252 3794 gatio
273 3718 383 3775 autem
413 3708 620 3774 vehementia
641 3727 708 3772 nou
731 3715 832 3773 caret:
862 3705 1026 3789 quianon
1050 3705 1128 3769 sim·
1179 3715 1288 3771 tamen
1311 3716 1369 3783 est,
1399 3706 1543 3790 quotidie
1565 3708 1611 3771 sio
1638 3706 1764 3792 fulgere
1786 3708 1856 3774 eius
1879 3709 2080 3789 dooumeuta,
2111 3720 2147 3774 ut

163 3795 293 3879 pliciter
313 3792 480 3878 praedicat
501 3792 609 3859 David
632 3792 809 3877 benignum
832 3813 903 3858 esse
923 3791 1043 3869 Deum,
1071 3789 1127 3855 sed
1181 3812 1221 3856 ne
1250 3791 1403 3874 reprobos
1436 3791 1565 3875 quidem
1588 3792 1697 3868 lateat,
1729 3794 1790 3857 nisi
1821 3803 1981 3876 quatenus
2002 3793 2144 3858 oblatam

163 3882 197 3946 iu
237 3878 485 3945 admirationem
526 3880 681 3944 bonitatis
721 3898 817 3961 quarn
854 3888 1008 3958 expertus
1048 3884 1128 3956 erat,
1179 3877 1240 3941 sibi
1259 3877 1364 3944 lucem
1382 3877 1553 3942 suffocant.
1582 3876 1698 3959 Itaque
1715 3899 1794 3944 voro
1812 3880 2008 3961 pronunciat
2024 3878 2144 3958 David,

163 3964 301 4049 rapitur.
350 3963 464 4047 Neque
496 3966 584 4030 euim
618 3963 752 4030 dubium
786 3971 836 4028 est
867 3963 945 4045 quin
978 3980 1036 4043 pro
1069 3981 1129 4025 sua
1179 3960 1289 4028 Deum
1310 3983 1418 4027 eoram
1440 3961 1518 4027 filiis
1536 3962 1703 4028 hominum
1722 3983 1871 4030 exserere
1890 3964 2046 4031 bonitatis
2066 3984 2146 4030 suae

163 4050 368 4134 experientia
398 4070 491 4114 erum
516 4057 549 4114 at
577 4050 611 4112 in
633 4048 719 4114 hane
741 4068 865 4125 vocem,
894 4047 973 4130 quia
993 4046 1128 4111 mirifice
1180 4048 1369 4112 testimonia
1386 4066 1464 4130 erga
1480 4046 1604 4125 fideles,
1623 4057 1661 4113 ut
1677 4056 1766 4115 certo
1784 4059 1919 4129 constet,
1938 4071 2005 4114 uon
2023 4061 2146 4116 temere

164 4149 198 4201 st
225 4135 395 4219 inopinato
425 4155 477 4199 mo
502 4153 521 4196 c
550 4157 591 4199 ex
620 4134 688 4199 suis
717 4134 812 4200 malis
833 4133 991 4198 liberatus
1012 4131 1127 4196 fuerat.
1180 4153 1239 4199 uec
1260 4132 1381 4198 frustra
1402 4153 1476 4197 eum
1499 4131 1570 4198 coli.

164 4222 280 4305 Itaque
296 4217 409 4286 fideles
430 4241 490 4284 suo
513 4218 661 4301 exemplo
682 4218 773 4284 iubet
790 4240 827 4283 eu
853 4238 888 4283 ra
910 4216 1029 4283 mentis
1051 4235 1128 4282 suae
1264 4218 1316 4284 20.
1339 4217 1525 4305 (Abscondat
1545 4237 1595 4285 eos
1614 4219 1652 4284 ia
1672 4218 1872 4305 abscondito.)
1908 4218 2058 4286 Gratiam
2081 4220 2144 4287 Dei

162 4318 293 4392 captum
316 4325 497 4389 assurgere,
526 4316 564 4370 ut
585 4304 682 4388 longe
704 4304 777 4388 plus
798 4240 858 4369 aidi
882 4303 1073 4385 promittant
1094 4311 1128 4367 et
1181 4303 1241 4368 hac
1273 4304 1307 4367 in
1337 4311 1429 4385 parte
1458 4303 1641 4385 specialiter
1669 4305 1885 4384 sommendat,
1918 4306 2003 4389 quod
2033 4305 2145 4372 fideles

162 4399 353 4476 exspectent
383 4411 402 4454 a
429 4391 535 4473 gratia
562 4389 635 4469 Dei,
668 4410 765 4472 quam
795 4389 956 4471 concipiat
983 4387 1128 4452 humana
1180 4387 1220 4450 ab
1242 4387 1393 4455 omnibus
1422 4389 1516 4454 noxis
1546 4388 1691 4454 defendit
1711 4411 1748 4455 ae
1771 4399 1891 4456 tuetur.
1935 4391 2021 4456 Nam
2043 4411 2144 4473 quum

163 4479 259 4544 ratio.
303 4476 492 4541 Bonitatem
514 4475 577 4541 Dei
606 4474 785 4540 cultoribus
814 4473 1035 4539 absconditam
1057 4493 1128 4538 esse
1179 4473 1309 4539 assidue
1324 4483 1358 4539 et
1374 4473 1557 4540 innumeris
1575 4474 1679 4539 modis
1696 4497 1806 4540 sorum
1824 4477 1962 4542 salutem
1979 4485 2145 4560 oppugnet

162 4562 252 4642 dicit,
285 4562 362 4645 quia
393 4561 564 4644 peculiaris
592 4570 643 4625 est
676 4580 787 4625 eorum
821 4560 1004 4624 thesaurus.
1054 4557 1126 4622 Etsi
1180 4558 1294 4639 Satan,
1317 4560 1427 4643 eisque
1448 4561 1552 4625 maior
1572 4581 1649 4642 pars
1670 4561 1784 4625 muudi
1807 4561 1935 4626 infensa
1957 4562 2010 4638 sit,
2033 4560 2145 4626 multis

162 4649 250 4714 euim
284 4667 356 4714 sese
392 4647 493 4712 variis
528 4646 634 4710 modis
667 4643 815 4711 extendit
843 4644 883 4709 ad
912 4644 1067 4726 profanos
1095 4654 1127 4707 et
1180 4644 1421 4711 discriminibus
1452 4646 1607 4711 obnoxios
1640 4666 1711 4711 esse
1741 4667 1890 4714 necessse
1918 4657 1977 4711 est.
2028 4646 2144 4728 Itaque

162 4732 328 4818 indignos,
361 4731 503 4815 ipsisque
536 4732 718 4814 promiscue
752 4739 802 4796 est
833 4730 996 4812 exposita:
1031 4728 1127 4811 louge
1179 4731 1241 4795 nisi
1265 4751 1318 4795 eos
1341 4752 1401 4796 sua
1421 4751 1521 4795 manu
1545 4730 1635 4795 Deus
1656 4741 1851 4815 protegeret,
1881 4752 1919 4797 ac
1941 4731 2080 4796 subinde
2102 4731 2143 4796 ad

163 4827 275 4885 tamen
298 4818 430 4884 uberius
450 4827 483 4882 et
500 4816 696 4882 luculentius
714 4837 749 4881 se
766 4816 889 4898 profert
906 4835 983 4898 erga
1001 4812 1126 4879 fideles:
1179 4835 1273 4896 opem
1292 4817 1458 4881 ferendam
1480 4825 1673 4896 occurreret,
1703 4818 1886 4882 miserrima
1917 4824 2002 4880 esset
2031 4837 2143 4881 eorum

162 4906 240 4989 quia
267 4904 366 4970 etiam
394 4902 454 4968 soli
476 4901 627 4968 omuibus
649 4900 712 4967 Dei
734 4900 896 4966 benefieiis
918 4901 1070 4965 fruuntur
1091 4901 1125 4964 in
1179 4899 1330 4967 conditio.
1385 4901 1514 4966 Alludit
1552 4912 1659 4966 autem
1700 4902 1739 4967 ad
1774 4901 1863 4966 illam
1899 4901 2142 4966 absconsionem

162 4991 313 5056 salutem.
356 4987 462 5067 Adde,
488 4987 571 5072 quod
594 4987 693 5065 Deus,
716 4986 790 5051 licet
812 4987 911 5050 solem
933 5006 1028 5050 suum
1051 4986 1127 5051 oriri
1179 4986 1272 5051 cuius
1310 5008 1417 5071 nuper
1458 4988 1614 5063 meminit,
1656 5008 1840 5070 quanquam
1880 4988 1983 5069 primo
2022 4986 2141 5052 iutuitu

162 5077 261 5143 faeiat
283 5074 504 5158 superbonus
525 5085 558 5138 ct
579 5073 690 5153 malos,
714 5071 848 5160 (Matth.
877 5070 908 5150 5,
928 5069 985 5156 45)
1006 5072 1072 5137 imo
1093 5092 1128 5137 se
1180 5072 1290 5139 damur
1322 5094 1392 5138 esse
1424 5073 1552 5138 videtur
1584 5072 1789 5154 metaphora:
1836 5072 2003 5155 aptissime
2034 5082 2142 5138 tamen

1181 5160 1344 5241 exprimit,
1374 5159 1435 5225 hoe
1464 5179 1530 5223 uno
1560 5167 1648 5222 tutos
1678 5166 1711 5221 et
1739 5157 1846 5222 salvos
1873 5178 1944 5223 esse
1965 5158 2086 5234 fideles,
2116 5161 2142 5225 si

251 5263 282 5332 ⁶)
297 5264 413 5333 laquelle
430 5269 461 5317 tu
478 5279 509 5316 as
526 5262 631 5330 orchea
648 5276 684 5317 ea
700 5276 805 5332 morea
823 5279 858 5316 cu
875 5276 1009 5316 reserves.
1179 5244 1343 5310 Dominus
1365 5264 1420 5310 eos
1437 5245 1578 5327 respicit.
1620 5242 1735 5326 Itaque
1762 5244 1935 5327 magnifice
1956 5243 2016 5310 hoc
2038 5243 2145 5328 elogio

1884 5342 1935 5399 20*
