4658 5856
198 316 257 380 171
1015 308 1234 381 PSALMUS
1257 310 1390 375 xv111.
2137 305 2199 370 172

196 502 273 585 quia
302 514 338 565 tu
367 501 525 566 fortitude
554 522 627 566 mea
656 522 699 581 es,
732 502 857 568 sincere
886 522 997 565 amore
1025 500 1085 565 tibi
1114 499 1171 564 ad·
1196 535 1198 594 Ι
1222 517 1322 562 omem
1342 518 1452 595 meant,
1483 504 1510 562 et
1539 497 1655 562 clamor
1683 517 1771 563 mma
1798 515 1906 562 eorem
1937 515 1971 560 eo
1994 494 2136 578 peremit
2156 493 2199 559 od

198 587 305 651 dictus
326 608 390 650 ero.
1224 603 1319 648 eures
1341 602 1419 647 aas.

281 671 312 735 3.
336 669 497 736 Dominus
509 677 602 753 petre
620 693 696 737 meo.
731 670 827 751 Quod
847 669 953 735 multa
971 671 1076 754 elogia
1094 691 1170 735 eon·
2036 750 2043 763 ·
2168 749 2174 760 Ι

198 755 284 838 gerit
313 755 434 837 quibus
464 756 572 821 Deum
609 766 711 831 ornet,
743 778 806 820 neu
837 765 886 821 est
920 777 1170 838 supervacuum.
1196 778 1199 801 ι
1310 753 1340 816 4.
1363 750 1558 837 (Lcndotam
1591 751 1759 835 invocabo.)
1803 750 2002 834 Quanquam
2033 760 2198 814 rnveeatro

198 840 329 906 Scimus
363 843 450 905 enim
485 863 581 924 quam
615 840 748 905 difficile
780 843 823 906 sit
855 853 982 906 mentes
1012 856 1044 905 et
1074 841 1173 906 eorda
1224 837 1287 901 Dei
1310 835 1361 922 (ut
1383 837 1459 901 alibi
1482 837 1604 902 dietum
1627 838 1689 920 est)
1716 847 1819 902 totum
1841 856 1939 920 saepe
1960 834 2087 901 cultum
2110 852 2198 899 com·

198 924 371 988 hominum
395 937 506 989 tenere
531 928 599 990 Deo
623 926 761 991 addicta.
796 926 880 991 Nam
904 927 955 993 vel
979 926 1087 991 Deum
1110 925 1172 991 sibi
1224 922 1407 1005 prehendit,
1426 923 1503 1004 quia
1522 931 1632 986 tamen
1652 923 1705 986 hie
1721 923 1869 1005 sequitur
1887 920 2082 1004 precationis
2105 918 2198 982 effee-

198 1030 264 1074 non
286 1010 436 1076 sufficere
458 1012 691 1093 imaginantur,
721 1024 758 1076 ut
779 1032 909 1093 semper
930 1012 1007 1077 alibi
1030 1012 1172 1077 subsidia
1225 1022 1287 1085 tus,
1318 1030 1382 1071 nou
1414 1006 1526 1071 dubito
1557 1008 1635 1089 quin
1665 1007 1718 1073 hie
1747 1008 1909 1092 significet
1934 1004 2083 1071 conferre
2105 1024 2141 1069 se
2164 1005 2199 1067 in

198 1095 384 1177 requirant:
405 1095 456 1160 vel
481 1098 584 1179 primo
606 1117 734 1178 quoque
757 1097 948 1162 tentationis
970 1098 1113 1182 impulsu
1131 1097 1172 1159 ab
1198 1108 1200 1175 ζ
1225 1094 1322 1158 fidem
1353 1093 1426 1171 Dei,
1460 1104 1493 1157 et
1524 1091 1662 1157 salutem
1693 1094 1733 1158 ab
1763 1114 1801 1156 eo
1831 1102 1954 1176 petere.
1997 1089 2107 1172 Atque
2137 1088 2200 1186 hoc

199 1180 270 1244 eius
297 1179 416 1245 fiducia
437 1180 602 1246 excidunt.
647 1182 760 1247 David
788 1204 865 1266 ergo
887 1184 996 1248 varios
1018 1180 1173 1247 servandi
1198 1230 1200 1263 ,
1225 1178 1295 1260 spei
1328 1200 1405 1243 suae
1441 1178 1664 1242 testimonium
1696 1176 1806 1242 David
1839 1177 1990 1255 subiecit,
2023 1174 2101 1257 quia
2134 1173 2199 1238 Der

198 1262 312 1330 modes
332 1266 401 1329 Dec
423 1265 580 1349 tribuens,
604 1266 698 1331 mode
721 1289 796 1332 eum
819 1267 938 1333 lrabeat
959 1268 1073 1333 salutis
1095 1288 1174 1333 suae
1224 1285 1318 1346 opem
1342 1263 1494 1344 implorat
1522 1263 1557 1327 in
1582 1263 1772 1328 necessitate
1794 1261 1939 1345 quisquis
1960 1261 1997 1324 in
2017 1281 2055 1325 eo
2077 1271 2199 1357 sperat,

200 1349 391 1432 praesidem,
414 1352 493 1414 satis
510 1372 673 1433 superque
691 1374 726 1416 se
744 1353 909 1417 munitum
928 1375 999 1418 esse
1017 1360 1174 1417 testatur:
1226 1349 1415 1432 pronuntiat
1426 1348 1528 1431 igitur
1546 1369 1581 1411 se
1598 1348 1727 1412 salvum
1745 1349 1823 1425 iore,
1841 1358 1875 1411 et
1891 1347 2038 1412 emnium
2055 1343 2199 1409 hostiurn

200 1455 238 1499 ae
267 1435 296 1498 ei
325 1434 453 1513 diceret,
487 1457 553 1500 non
581 1434 676 1501 medo
705 1446 819 1502 contra
850 1459 953 1502 unum
976 1438 1174 1504 discriminis
1198 1448 1201 1521 ξ
1227 1435 1393 1511 victorem,
1422 1433 1500 1516 quia
1528 1432 1568 1496 ad
1598 1432 1707 1498 Deum
1737 1433 1910 1515 confugiet.
1955 1432 2060 1496 Vocat
2088 1437 2200 1494 autem

201 1540 302 1601 genus
343 1531 430 1584 tutos
477 1542 548 1586 esse
589 1543 669 1604 quos
709 1523 801 1588 Deus
839 1523 962 1587 auxilie
1002 1545 1060 1589 suo
1101 1522 1174 1588 vult
1199 1536 1201 1579 l
1227 1519 1335 1583 Deum
1358 1518 1537 1596 laudatum,
1568 1540 1633 1581 ncn
1664 1517 1759 1583 modo
1786 1520 1862 1599 quia
1884 1516 2004 1599 dignus
2026 1515 2070 1581 sit
2091 1512 2200 1592 laude,

200 1604 294 1681 tueri,
338 1602 396 1667 sed
439 1608 528 1670 omni
573 1629 615 1670 ex
651 1614 744 1689 parte
784 1611 830 1672 ita
865 1617 975 1691 septos
1010 1631 1080 1675 esse
1116 1628 1173 1672 va·
1199 1606 1202 1671 2
1228 1617 1264 1667 ut
1294 1624 1406 1667 omnes
1436 1603 1502 1667 fere
1535 1614 1720 1686 exponunt:
1750 1602 1807 1667 sed
1838 1612 1875 1667 ut
1902 1602 2066 1684 significet
2087 1620 2200 1682 preces

201 1688 267 1752 lide
301 1688 480 1770 praesidio,
511 1700 547 1755 ut
584 1690 694 1757 nullae
726 1703 849 1759 mortes
880 1693 1075 1758 metuendae
1098 1693 1173 1759 sint.
1199 1678 1203 1769 l
1226 1687 1465 1754 suaslaudibus
1484 1689 1599 1753 mistas
1616 1690 1693 1753 fore.
1727 1687 1785 1753 Sic
1807 1689 1895 1767 onim
1914 1685 2045 1752 videtur
2066 1685 2200 1768 exigere

200 1772 359 1838 Videmus
399 1795 477 1859 ergo
511 1797 577 1839 non
611 1778 705 1842 modo
738 1779 949 1862 gratitudinis
992 1801 1089 1845 causa
1122 1779 1176 1843 hic
1200 1778 1202 1783 '
1228 1773 1290 1839 loci
1319 1773 1573 1851 circumstantia,
1603 1772 1690 1856 qnod
1718 1771 1758 1838 de
1787 1769 2007 1855 superioribus
2034 1769 2201 1836 benefieiis

200 1858 357 1924 celebrari
379 1860 442 1922 Dei
465 1860 588 1940 laudes,
612 1862 668 1926 sed
691 1864 811 1927 instrui
833 1864 931 1927 firma
952 1878 985 1931 et
1012 1863 1176 1929 constanti
1228 1858 1351 1943 gratias
1381 1879 1491 1940 agens,
1525 1858 1596 1923 eius
1624 1879 1720 1940 opem
1751 1859 1843 1923 novis
1866 1857 1950 1923 votis
1971 1866 2111 1940 expetet
2157 1855 2202 1920 ut

199 1943 264 2008 fide
286 1945 421 2020 animos,
445 1954 481 2008 ut
503 1946 641 2011 subinde
663 1947 703 2012 ad
726 1948 837 2012 Deum
870 1962 1047 2026 recurrant,
1082 1948 1175 2031 quid·
1201 1960 1204 1967 ·
1228 1955 1316 2008 certe
1342 1942 1407 2009 nisi
1429 1944 1486 2024 qui
1510 1946 1633 2027 gratiae
1657 1943 1719 2008 Dei
1743 1944 1898 2007 memoria
1920 1963 1955 2007 se
1978 1943 2093 2024 eriget,
2117 1961 2204 2004 nun·

200 2028 277 2111 quid
306 2028 476 2094 acciderit:
509 2043 542 2094 et
570 2046 658 2096 certo
688 2035 835 2115 persuasi
866 2035 933 2099 sint
962 2035 1175 2116 multiplicem
1201 2072 1204 2089 2
1229 2050 1326 2112 quam
1353 2028 1455 2093 libere
1485 2029 1678 2110 precabitur.
1724 2028 1803 2092 Ideo
1824 2028 1947 2093 Paulus
1969 2025 2091 2108 Philip.
2122 2026 2153 2099 4,
2182 2026 2204 2089 6

200 2135 271 2177 esse
293 2114 363 2178 eius
385 2115 551 2195 virtutem,
575 2130 672 2199 prout
695 2120 801 2182 varias
824 2119 960 2183 nocendi
979 2120 1103 2204 specics
1121 2141 1176 2183 ex·
1202 2106 1205 2153 1
1231 2115 1380 2179 hortatur
1410 2113 1533 2191 fideles,
1568 2126 1606 2177 ut
1634 2114 1669 2176 in
1698 2114 1788 2178 omni
1816 2114 2002 2196 precatione
2031 2131 2105 2175 cum
2128 2131 2204 2194 gra·

200 2198 347 2281 cogitant
364 2199 465 2281 impii.
500 2200 569 2264 Nec
595 2224 670 2266 vero
692 2202 750 2268 abs
773 2226 809 2268 re
827 2204 878 2289 (ut
890 2226 995 2287 nuper
1007 2203 1175 2287 admonui)
1202 2216 1205 2221 '
1229 2200 1349 2263 tiaram
1374 2200 1501 2263 actione
1523 2220 1621 2264 curas
1642 2219 1718 2263 suas
1740 2213 1773 2262 et
1789 2198 1961 2282 petitiones
1983 2196 2150 2279 deponant
2169 2198 2203 2260 in

200 2287 234 2347 in
266 2282 327 2345 hae
354 2297 447 2364 parte
475 2296 541 2350 tam
572 2288 721 2368 copiosus
743 2299 793 2353 est
816 2288 934 2365 David,
969 2312 1045 2354 nam
1066 2292 1093 2355 si
1118 2310 1176 2354 nos
1202 2314 1205 2377 Ι
1228 2286 1337 2348 sinum
1362 2285 1433 2348 Dei.
1469 2283 1564 2349 Adde
1587 2281 1673 2366 qued
1695 2285 1888 2367 obstrepunt
1909 2283 1991 2364 Deo,
2012 2294 2046 2346 et
2067 2302 2142 2347 eum
2165 2302 2203 2347 eo

202 2390 266 2433 uuo
289 2369 384 2431 modo
406 2368 569 2435 adiuverit
592 2371 692 2453 Deus,
721 2374 859 2439 simulac
882 2389 995 2439 exorta
1018 2387 1067 2440 est
1089 2396 1176 2439 nova
1202 2390 1205 2407 ¹
1229 2369 1438 2452 expostulant
1465 2371 1652 2453 quicunque
1682 2368 1811 2433 landem
1841 2368 1912 2434 eius
1937 2370 2006 2433 suis
2031 2366 2116 2432 votis
2138 2387 2204 2431 non

202 2468 389 2535 tempestas,
402 2476 466 2519 nou
479 2477 572 2521 secus
580 2460 837 2539 expavescimus,
849 2480 887 2524 ac
894 2462 920 2524 si
932 2481 1098 2542 nunquam
1107 2461 1176 2524 eius
1229 2456 1442 2538 coniungunt.

201 2538 361 2603 auxilium
383 2561 528 2605 essemus
547 2543 684 2626 experti.
729 2544 774 2607 Et
806 2545 917 2625 quiin
942 2544 1177 2610 unamclestia
1314 2540 1345 2604 5.
1368 2538 1657 2623 (Circumdederunt
1687 2539 1758 2626 nte.)
1811 2541 1881 2604 Iam
1920 2558 2055 2602 narrare
2089 2537 2205 2620 incipit

203 2622 423 2688 defensionem
436 2626 476 2690 ab
488 2648 526 2689 ee
538 2640 738 2709 exspectant,
762 2641 873 2711 postea
883 2629 1027 2713 maligne
1040 2631 1177 2694 restrin·
1202 2634 1205 2711 l
1230 2625 1340 2690 David
1374 2645 1471 2707 quam
1505 2624 1602 2689 certis
1635 2633 1668 2688 et
1695 2624 1879 2690 illustribus
1912 2622 2117 2690 documentis
2147 2643 2204 2687 ex·

201 2715 287 2792 gunt
298 2709 369 2772 eius
381 2712 578 2791 potentiam,
602 2711 736 2794 perinde
748 2713 871 2777 iaciunt
883 2734 921 2778 ac
933 2716 960 2779 si
973 2717 1044 2796 quis
1056 2715 1090 2778 in
1102 2735 1177 2779 een·
1202 2716 1205 2783 1
1230 2722 1340 2790 pertus
1371 2710 1423 2783 sit,
1455 2729 1588 2773 manum
1612 2709 1676 2774 Dei
1704 2711 1784 2775 satis
1813 2729 1884 2776 esse
1914 2708 1955 2773 ad
1977 2706 2204 2791 repellendum

201 2793 326 2857 flictum
338 2791 547 2872 descendens,
560 2793 599 2857 de
613 2806 740 2877 pectere
749 2818 882 2863 securus
894 2800 946 2875 sit,
957 2800 1032 2881 quia
1045 2800 1177 2864 thorace
1202 2792 1205 2871 ξ
1230 2795 1369 2877 quodvis
1392 2793 1552 2858 malcrum
1574 2815 1678 2878 genus
1700 2795 1844 2860 validam
1866 2804 1899 2860 et
1921 2795 2096 2859 robustam.
2134 2792 2205 2858 Nec

202 2892 237 2943 et
259 2879 370 2960 clypeo
392 2880 539 2944 munitus
562 2890 624 2945 est:
649 2881 984 2964 capitivercmctuat,
1003 2885 1178 2965 quieceret
1230 2883 1351 2944 mirum
1381 2890 1440 2957 est,
1475 2879 1599 2960 poetice
1626 2896 1659 2943 et
1689 2879 1858 2961 splendido
1884 2881 2060 2944 verborum
2083 2891 2205 2943 ornatu

201 2962 304 3045 galea.
327 2959 406 3027 Ideo
420 2962 527 3029 David
546 2966 719 3048 panoplian
739 2967 792 3032 hie
810 2968 998 3050 suppeditet
1015 2968 1177 3044 fidelibus,
1231 2964 1423 3048 amplificari
1446 2984 1528 3045 quae
1556 2966 1745 3046 simplicius,
1776 2975 1807 3029 et
1837 2964 1997 3048 aequabili
2024 2963 2112 3047 style
2147 2962 2202 3027 de·

203 3062 240 3111 ut
262 3048 405 3111 sentiunt
428 3070 462 3112 se
485 3049 526 3114 ad
550 3049 658 3116 nullos
678 3053 762 3116 ictus
786 3074 856 3117 nosse
878 3053 1055 3135 expositos,
1082 3055 1177 3118 mede
1203 3082 1206 3135 ι
1230 3051 1328 3115 scribi
1351 3058 1516 3132 poteraut:
1541 3071 1618 3113 nam
1640 3052 1773 3132 spiritus
1795 3061 1929 3115 sanctus
1952 3069 2025 3113 cum
2048 3048 2205 3131 malignis

201 3133 319 3196 armati
348 3132 417 3196 sint
445 3132 510 3199 Dei
537 3135 669 3200 virtute.
714 3138 761 3201 At
785 3158 826 3201 ue
856 3137 944 3204 huuc
975 3138 1104 3203 consilii
1125 3139 1177 3204 sui
1230 3148 1263 3199 et
1279 3135 1389 3217 pravis
1405 3135 1574 3199 bominum
1591 3135 1733 3217 ingeniis
1748 3148 1874 3200 certare
1892 3135 2015 3211 volens,
2037 3132 2205 3199 Davidem

200 3220 300 3283 finem
330 3216 475 3281 declarat
504 3241 603 3301 quum
633 3220 728 3285 dicit:
756 3158 895 3304 gpecbo
921 3224 956 3287 ia
977 3243 1020 3287 eo.
1065 3222 1177 3303 Quare
1203 3262 1206 3295 ,
1231 3220 1284 3285 hie
1313 3221 1405 3301 quasi
1435 3219 1643 3304 hyperbolica
1673 3220 1824 3285 facundia
1852 3220 2017 3295 instruxit,
2049 3239 2133 3301 quae
2163 3217 2206 3282 ad

202 3300 365 3367 diseamus
387 3304 458 3368 eius
481 3305 640 3385 exemplo,
663 3327 878 3390 quaeeunque
901 3328 961 3373 nos
991 3309 1178 3375 anxietates
1203 3306 1206 3395 ξ
1230 3304 1465 3370 consideranda
1480 3305 1544 3370 Dei
1568 3307 1724 3371 beneficia
1746 3305 1907 3369 mundum
1928 3303 2204 3387 expergefaceret

202 3387 371 3469 inipetant,
395 3389 534 3453 obiicere
556 3388 615 3452 hos
627 3390 690 3454 Dei
714 3392 843 3458 titulos:
868 3393 933 3459 imo
957 3405 1087 3458 nostrae
1110 3416 1177 3458 me·
1232 3391 1300 3454 Vix
1325 3391 1426 3454 ullum
1456 3405 1506 3455 cst
1538 3404 1603 3454 tam
1635 3391 1796 3473 palpabile
1824 3390 1887 3455 Dei
1916 3390 2085 3465 auxillum,
2119 3387 2207 3470 qll⁰d

202 3473 325 3535 moriae
348 3472 519 3554 insideant,
544 3486 581 3536 ut
602 3474 757 3556 quidquid
779 3480 904 3542 timeris
923 3479 1177 3561 ingeratSatan,
1203 3522 1206 3565 t
1232 3498 1296 3540 uon
1326 3477 1477 3541 obscuret
1507 3486 1618 3540 nostra
1647 3477 1846 3559 malignitas.
1898 3476 1988 3558 Ergo
2016 3472 2137 3552 David,
2168 3482 2207 3538 ut

203 3556 315 3639 procul
347 3557 387 3621 ab
417 3558 567 3639 ingressu
594 3572 754 3624 arceatur.
801 3562 914 3643 Neque
938 3564 1025 3626 enim
1050 3573 1177 3628 tantum
1231 3562 1394 3625 efficacius
1417 3582 1533 3625 sensus
1556 3572 1684 3625 nostros
1703 3573 1860 3643 penetret,
1884 3560 2025 3625 salutern
2043 3559 2104 3624 sibi
2123 3558 2207 3623 diri·

203 3645 238 3705 in
248 3641 344 3706 malis
362 3642 588 3722 praesentibus
608 3645 808 3729 vacillamus,
832 3647 888 3711 scd
906 3648 1062 3732 fingimus
1080 3650 1178 3712 ctiam
1232 3646 1321 3709 nitus
1351 3646 1494 3721 allatam,
1529 3647 1564 3709 in
1595 3658 1661 3712 toto
1694 3646 1808 3710 mundi
1841 3646 1969 3727 opificio
1996 3644 2207 3726 conspicuam

204 3727 297 3792 nobis
311 3746 394 3791 vana
405 3727 551 3808 pericula
568 3729 601 3792 iu
621 3731 771 3794 futurum
791 3746 927 3814 tempus,
951 3755 1034 3815 quae
1056 3733 1179 3797 frustra
1232 3732 1332 3795 fuisse
1354 3730 1442 3795 dicit.
1486 3731 1559 3796 Hoc
1582 3733 1651 3796 eins
1672 3731 1844 3796 consilium
1867 3729 2045 3795 tenendum
2074 3738 2134 3808 est,
2164 3750 2208 3794 ne

204 3833 263 3877 nos
296 3812 499 3877 conturbent.
550 3813 579 3877 2.
611 3815 701 3879 Sam.
728 3815 780 3893 22,
812 3819 832 3881 3
866 3838 924 3899 pro
967 3817 1054 3883 Dens
1093 3838 1179 3882 aare
1231 3826 1383 3895 putemus
1413 3816 1447 3878 in
1478 3816 1563 3899 stylo
1593 3817 1707 3881 :liuore
1732 3816 1865 3880 modum
1887 3815 2054 3881 excedere.
2099 3815 2207 3879 Porro

203 3917 299 3975 rrrpes·
333 3918 421 3980 orreo,
454 3897 593 3962 habetur
626 3898 718 3964 Deus
751 3904 841 3982 rupis
872 3925 972 3966 meae.
1028 3904 1073 3967 ut
1105 3913 1178 3984 post
1231 3921 1357 3964 summu
1392 3916 1451 3975 est,
1486 3922 1586 3981 quum
1617 3904 1680 3965 iam
1712 3901 1862 3965 redactus
1891 3914 1974 3965 esset
2005 3901 2040 3963 in
2071 3898 2208 3964 ultimas

204 4002 323 4045 nomen
347 3984 465 4064 rcfupii
488 3983 627 4048 habetur
648 3984 721 4048 Arx
744 4008 825 4063 mea,
856 4004 1002 4053 servator
1034 4009 1135 4070 meus,
1159 4010 1178 4051 a
1202 3974 1205 4051 l
1230 3988 1408 4068 angustias,
1440 3986 1624 4068 confugisse
1653 3987 1692 4049 ad
1727 4007 1821 4070 opem
1844 3985 1918 4067 Dei,
1949 3994 1981 4048 et
2007 3984 2206 4048 mirabiliter

206 4065 361 4129 violentia
400 4067 546 4132 servabis
585 4090 652 4134 me:
694 4092 777 4151 quae
817 4072 995 4153 pleniorem
1030 4073 1178 4138 efficiunt
1202 4096 1205 4101 ·
1232 4071 1330 4135 fuisse
1360 4084 1538 4135 servatum.
1592 4070 1687 4150 Quod
1718 4072 1757 4135 ad
1789 4069 1887 4135 verba
1919 4071 2044 4146 attinet,
2078 4046 2207 4154 nim

205 4152 410 4228 sententiam,
434 4152 490 4216 sed
514 4152 627 4218 eodem
649 4166 806 4237 spectant.
1232 4169 1347 4219 vocant
1378 4155 1519 4219 Hebraei
1552 4157 1600 4219 vel
1631 4159 1734 4236 lanes,
1765 4157 1815 4221 vel
1845 4156 1987 4220 dolores:
2018 4154 2070 4219 vel
2101 4158 2204 4219 etiam

1202 4250 1205 4301 l
1231 4242 1368 4320 quodvis
1392 4240 1524 4304 exitiale
1547 4240 1686 4304 malum:
1716 4244 1791 4322 quia
1820 4241 1987 4305 homiuem
2011 4241 2205 4323 corrumpit,

291 4319 321 4382 4.
346 4319 528 4384 Laudabunt
560 4324 704 4387 tracanto
732 4324 888 4401 Ieltooem,
917 4329 944 4387 ct
971 4325 1011 4389 ob
1041 4327 1178 4391 inimicis
1201 4328 1205 4353 ²
1231 4343 1269 4386 ae
1295 4326 1400 4387 tendit
1425 4326 1459 4386 in
1484 4327 1553 4389 eius
1588 4327 1766 4390 interitum.
1811 4326 1856 4392 Ut
1891 4327 2035 4407 psalmus
2066 4346 2205 4407 respon·

203 4407 283 4469 racis
302 4404 456 4470 ceremon.
488 4405 517 4468 5.
544 4406 818 4472 Oirccnulcdennrt
835 4428 883 4471 me
902 4410 1035 4558 furiosi)
1057 4412 1176 4486 orortra
1231 4407 1306 4471 dcet
1327 4409 1463 4484 cantico,
1491 4409 1569 4472 mihi
1595 4432 1658 4473 non
1682 4411 1829 4493 displicet
1852 4434 1910 4494 pro
1931 4412 2126 4476 contritione
2150 4431 2204 4477 ac·

204 4494 351 4556 torrentes
375 4490 602 4575 inperatore)
632 4496 811 4558 terrueruut
839 4514 894 4557 me.
940 4496 969 4559 6.
1026 4517 1101 4560 ornes
1129 4516 1175 4560 se·
1202 4446 1205 4541 l
1230 4494 1302 4574 cipi,
1333 4495 1408 4574 quia
1435 4491 1501 4557 illie
1533 4494 1670 4559 habetur
1701 4508 1775 4576 ΓΜ
1798 4508 1941 4578 'Uim
1971 4498 2055 4577 quod
2079 4517 2206 4561 nomen

198 4574 385 4660 perronae)
407 4576 672 4641 circumdederant
693 4599 749 4657 nte,
765 4586 993 4658 praecone-runt
1010 4601 1057 4643 rao
1074 4581 1178 4661 laquei
1202 4546 1205 4649 l
1231 4576 1462 4642 aconterende
1481 4576 1654 4644 deductum
1673 4596 1732 4645 est.
1766 4585 1832 4645 aec
1851 4588 1927 4663 quia
1947 4583 2045 4647 verbo
2062 4582 2205 4646 circum·

204 4662 321 4725 inertis.
366 4660 393 4723 7.
415 4661 456 4724 Iu
477 4664 718 4743 cooperationem
742 4665 878 4726 iucocaoi
902 4664 1057 4742 Ioleoecm,
1085 4671 1113 4729 el
1134 4666 1178 4729 cd
1202 4652 1205 4711 !
1230 4661 1329 4726 dandi
1351 4663 1455 4743 aptior
1477 4674 1549 4727 erat
1570 4667 1785 4747 methaphora
1807 4682 1938 4748 sumpta
1956 4688 1975 4729 a
1993 4667 2124 4731 funibus
2149 4667 2204 4731 vel

206 4747 309 4811 Deam
349 4766 451 4810 nterea
491 4748 639 4811 eliranni:
683 4754 710 4810 ct
748 4749 870 4812 ‹trulioit
909 4751 947 4813 cle
980 4750 1091 4829 lerrquo
1119 4771 1177 4815 sao
1202 4746 1205 4827 ζ
1230 4749 1371 4828 laqueis,
1407 4770 1442 4813 uc
1473 4750 1499 4811 si
1534 4750 1670 4815 dixisset
1702 4774 1736 4815 se
1771 4754 1881 4816 mortis
1915 4751 2068 4834 perieulis
2102 4751 2205 4817 fuisse

1202 4832 1205 4909 ξ
1232 4834 1373 4915 undique
1395 4833 1605 4913 implicitum:
1631 4837 1714 4899 hanc
1737 4838 2038 4917 interpretationem
2063 4836 2206 4901 libenter

822 4985 827 4995 ,
1230 4940 1303 4982 sum
1345 4918 1523 4999 amplexus.
1585 4920 1682 5000 Quod
1727 4922 1871 5002 sequitur
1912 4920 1951 4985 de
1991 4922 2203 5001 torrentibus,

276 4986 321 5081 *p
338 4986 377 5105 lps
395 4985 539 5045 andam,
557 4998 592 5104 pla
610 4999 717 5104 maists,
734 5001 767 5035 011
787 4985 942 5103 {paenitus
977 5080 979 5085 Ι
1031 5071 1038 5083 .
1081 5055 1140 5105 Μ
1172 5076 1177 5086 Ι
1231 5004 1422 5067 tantundem
1448 5005 1593 5070 valetne
1615 5006 1805 5079 sidixisset,
1830 5006 2115 5088 violentcimpetn
2135 5030 2203 5073 nen

206 5123 240 5177 de
260 5054 384 5175 bffilpffl
417 5068 525 5106 torrens
580 5071 594 5104 ⁰
628 5071 699 5105 ’Μ
720 5068 827 5115 ancer,
864 5067 898 5103 ω’
932 5069 1035 5120 ''W‘'
1107 5071 1178 5106 er..
1230 5107 1322 5152 secus
1356 5108 1393 5150 ac
1426 5090 1595 5172 naufragio
1629 5112 1664 5154 se
1692 5091 1790 5154 luisse
1813 5092 1977 5156 obrutum.
2023 5090 2202 5158 Caeterum

260 5190 323 5247 m)
340 5192 375 5242 du
394 5191 542 5259 sepulchre,
561 5206 596 5243 ω
613 5204 722 5256 mame:
741 5207 775 5241 cu
793 5190 826 5242 de
844 5190 1008 5255 corruption.
1204 5208 1208 5243 s
1232 5185 1391 5236 terrentes
1414 5172 1520 5237 Belial
1546 5190 1647 5247 vocat,
1676 5177 1751 5256 quia
1778 5178 1811 5239 in
1836 5197 1909 5239 eum
1932 5179 2204 5257 conspiraverunt
