4658 5856
133 345 192 411 lot
955 345 1172 413 PSALMUS
1195 348 1310 414 XVII.
2071 351 2131 415 158

132 544 278 599 autorem
300 536 387 600 vitae
408 536 469 600 sibi
487 539 685 619 promissum
709 538 913 620 respexisset,
937 535 994 619 qui
1017 535 1105 601 solus
1158 537 1235 603 solis
1257 539 1378 603 lumen.
1424 537 1519 619 Quod
1548 538 1578 604 si
1600 538 1654 605 hio
1677 537 1873 622 peculiarem
1895 537 1960 603 Dei
1981 539 2132 623 gratiam,

132 618 194 684 hoc
215 619 333 703 privile
358 621 387 686 'o
409 623 577 687 ornandus
599 635 678 688 erat.
723 623 796 688 Hoc
827 632 937 688 minen
960 643 1026 686 non
1049 621 1106 686 ob·
1157 643 1222 705 qua
1244 624 1376 689 nonnisi
1399 625 1484 690 filios
1506 645 1581 690 suos
1595 623 1760 708 dignatur,
1782 625 1989 690 commendat
2001 624 2129 689 David:

133 713 199 771 stat
230 706 311 788 quin
374 705 450 771 avid
483 708 555 772 iure
585 708 646 773 sibi
679 708 921 773 immunitatem
954 721 1105 773 amorte
1159 708 1239 774 haec
1266 710 1354 775 vitae
1383 710 1525 775 ostensio
1550 710 1638 775 haud
1662 710 1758 775 dubio
1779 710 1821 774 ad
1843 709 1972 774 beatam
1996 711 2129 776 immor·

133 791 334 874 promiserit:
363 792 442 876 quia
465 791 617 859 Christus
646 814 711 859 non
735 793 795 859 sibi
818 794 973 877 privatim
996 814 1104 858 resur·
1158 795 1315 860 talitetem
1347 794 1547 872 extenditur,
1580 797 1646 861 imo
1674 796 1729 861 ille
1760 795 1890 860 demum
1920 796 2008 860 vitae
2041 805 2131 861 tenet

132 878 238 961 gendo
266 878 543 942 immortalitatem
573 880 707 962 peperit.
738 879 793 944 sed
823 880 917 944 nobis
944 880 1104 944 omnibus.
1130 922 1133 937 ·
1157 881 1255 959 viam,
1277 882 1334 964 qui
1356 882 1403 947 sic
1425 881 1497 945 Dec
1519 883 1713 947 coniunctus
1736 894 1794 955 est,
1826 891 1861 945 ut
1891 882 1924 944 in
1954 881 2034 963 ipso,
2063 902 2129 946 non

133 961 228 1044 Quod
248 973 358 1028 autem
381 965 501 1029 Petrus
523 964 777 1046 causamme
798 975 831 1030 et
849 966 974 1030 Paulus
995 967 1043 1041 13,
1063 966 1105 1031 33
1157 976 1252 1031 extra
1284 968 1390 1050 ipsum
1421 969 1522 1032 vivat.
1573 967 1693 1032 Postea
1722 966 1861 1049 subiicit,
1893 966 1964 1031 Deo
1987 967 2128 1051 propitio

132 1049 167 1113 in
188 1047 259 1115 sola
280 1049 350 1114 eius
372 1070 512 1132 persona
529 1051 700 1134 impletum
718 1052 819 1115 fuisse
837 1050 897 1116 hoc
917 1052 1104 1117 vaticinium
1157 1052 1239 1115 nihil
1263 1052 1303 1117 ad
1326 1054 1457 1135 plenum
1482 1051 1647 1118 felicitatis
1668 1052 1837 1119 cumulum
1862 1051 1983 1118 deesse.
2015 1052 2128 1134 Quan-

131 1133 344 1210 contendunt,
366 1136 413 1201 sic
434 1138 552 1217 accipe,
575 1138 683 1218 ipsum
701 1158 722 1200 a
739 1137 879 1219 sepulcri
897 1138 1105 1221 corruptione
1157 1157 1252 1219 quom
1282 1151 1391 1203 autem
1415 1139 1478 1202 Dei
1508 1138 1618 1218 facies,
1648 1159 1707 1221 pro
1733 1138 1888 1219 adspectu
1910 1148 1976 1202 tam
2001 1141 2127 1220 passivo

131 1220 234 1286 inisse
256 1240 390 1304 prorsus
411 1230 446 1286 ct
467 1221 567 1287 solide
591 1234 789 1304 exemptum,
819 1232 857 1286 ut
878 1223 1024 1288 membra
1046 1242 1105 1287 sua
1156 1243 1253 1305 quam
1287 1226 1393 1289 activo
1426 1233 1533 1306 potest
1564 1226 1683 1309 accipi,
1716 1244 1777 1307 ego
1810 1233 1919 1288 tamen
1953 1234 2128 1306 utrumque

132 1307 304 1392 gradatim,
340 1314 374 1371 et
403 1326 463 1390 pro
490 1309 647 1391 cuiusque
674 1329 829 1373 mensura
855 1308 890 1372 in
917 1309 1103 1374 societatem
1155 1309 1254 1373 simul
1284 1310 1498 1392 complector:
1528 1310 1605 1392 quia
1632 1309 1671 1374 ad
1695 1309 1838 1375 laetitiae
1860 1329 1991 1374 eausam
2015 1309 2128 1375 ordine

131 1412 225 1458 suam
254 1402 357 1457 vocet.
401 1392 486 1457 Nam
514 1413 617 1475 quum
640 1392 779 1458 Davidis
807 1393 947 1459 cadaver
974 1395 1006 1458 in
1031 1393 1103 1477 pul·
1155 1393 1320 1477 praecedit
1338 1408 1493 1478 paternus
1513 1396 1584 1461 eiua
1601 1395 1703 1473 favor,
1727 1395 1805 1459 dum
1823 1414 1881 1459 nos
1899 1415 2013 1458 sereno
2032 1396 2127 1461 vultu

131 1499 241 1543 vorem
265 1476 433 1544 redactum
456 1479 509 1557 sit,
539 1490 614 1562 apte
643 1479 802 1563 colligunt
831 1480 968 1562 apostoli
995 1480 1102 1563 ipsum
1154 1479 1306 1563 adspicit:
1346 1502 1451 1563 neque
1487 1487 1599 1546 tamen
1630 1493 1706 1545 ante
1741 1500 1800 1545 nos
1828 1480 2001 1555 exhilarat,
2028 1502 2126 1563 quam

129 1565 377 1646 acorruptione
404 1585 471 1630 non
503 1565 603 1631 fuisse
632 1566 820 1630 immunem.
866 1565 988 1630 Eadem
1021 1566 1103 1630 ratio
1155 1566 1298 1631 vicissim
1321 1566 1493 1632 amabilem
1517 1566 1588 1631 eius
1610 1568 1736 1631 vultum
1763 1565 1991 1647 conspicimus.
2035 1564 2126 1646 Quin

128 1650 169 1714 ad
190 1649 305 1716 fideles
323 1670 438 1716 omnes
456 1652 606 1733 pertinet,
630 1671 768 1734 quorum
791 1650 1103 1734 nemoaputredine
1127 1678 1130 1781 Ι
1154 1650 1252 1715 etiam
1276 1652 1337 1717 hoo
1359 1653 1505 1717 membro
1527 1651 1648 1717 diserte
1677 1653 1862 1734 exprimere
1887 1651 1993 1715 voluit
2016 1649 2127 1717 David

126 1736 280 1811 intactus,
309 1736 397 1800 vitae
426 1737 685 1819 incorruptibilis
712 1737 757 1801 sit
788 1737 961 1819 particeps.
1006 1735 1102 1803 Unde
1126 1790 1130 1831 Ι
1155 1735 1196 1800 ad
1218 1758 1299 1820 quos
1320 1740 1508 1821 pertineant
1531 1737 1673 1815 deliciae,
1696 1758 1835 1820 quarum
1857 1736 1954 1820 plena
1971 1738 2007 1800 in
2027 1757 2126 1801 manu

126 1823 285 1905 sequitur,
320 1823 407 1886 vitae
439 1822 677 1905 plenitudinem
711 1842 796 1905 quae
826 1822 862 1885 in
895 1825 1001 1905 capite
1034 1822 1102 1888 solo
1154 1822 1217 1886 Dei
1240 1824 1381 1905 reposita
1403 1835 1455 1888 est
1476 1824 1578 1907 copia.
1622 1823 1689 1904 Qui
1711 1824 1749 1888 fit
1770 1822 1868 1899 enim,
1899 1843 2000 1905 quum
2028 1843 2127 1906 penes

125 1907 257 1991 residet,
286 1909 440 1990 guttatim
469 1907 575 1973 solum
598 1908 650 1973 vel
680 1930 738 1992 per
760 1918 871 1990 partes
892 1908 933 1972 ad
956 1908 1102 1974 membra
1153 1907 1262 1973 Deum
1293 1910 1359 1975 sint
1389 1909 1601 1974 amoenitates
1624 1910 1743 1991 quibus
1765 1916 1872 1973 totum
1893 1906 2052 1972 mundum
2076 1931 2128 1973 re·

127 1992 280 2060 defluere.
334 1993 453 2058 Posset
492 2004 603 2058 tamon
647 1993 688 2058 de
721 1992 856 2065 Christo
889 1993 1001 2058 eadem
1036 1994 1102 2059 lere
1153 1993 1251 2077 pleat,
1274 2011 1312 2060 ut
1330 1996 1430 2060 tristis
1448 2004 1481 2059 et
1503 1995 1670 2059 mortifera
1694 1994 1798 2078 caligo
1817 1993 1970 2058 maiorem
1989 1993 2126 2059 humani

126 2079 275 2162 quaestio
297 2077 391 2144 obiici
414 2077 482 2165 (qui
505 2088 539 2143 et
566 2080 691 2161 ipsein
714 2080 900 2162 sepulerum
922 2078 1102 2166 descendit)
1153 2081 1284 2161 generis
1307 2090 1432 2163 partem
1455 2093 1598 2163 occupet,
1622 2080 1685 2145 nisi
1703 2082 1778 2162 quia
1800 2099 1866 2143 non
1886 2099 1998 2143 omnes
2017 2100 2128 2163 perae·

126 2164 184 2231 sed
213 2184 297 2248 quae
324 2164 367 2229 ad
399 2165 595 2231 solvendum
625 2165 730 2230 facilis
760 2174 819 2231 est.
870 2165 1024 2230 Notanda
1052 2179 1103 2230 est
1153 2185 1216 2246 que
1238 2166 1330 2231 Deus
1352 2165 1476 2231 serenis
1497 2175 1532 2230 et
1553 2167 1699 2250 paternis
1721 2164 1823 2231 oculis
1845 2164 1991 2247 adspicit,
2020 2186 2126 2247 neque

126 2251 213 2315 enim
237 2250 409 2332 utriusque
426 2252 516 2317 vocis
533 2250 743 2335 etymologia.
790 2249 987 2335 Sepulcrum
1013 2252 1101 2315 enim
1153 2250 1251 2314 etiam
1274 2251 1424 2317 omnibus
1447 2251 1693 2335 aperitooulos,
1723 2266 1848 2315 utnon
1872 2250 1949 2315 alibi
1972 2270 2068 2333 quam
2091 2251 2126 2315 in

126 2312 231 2420 ΒΜ)
269 2347 424 2415 vocatur,
458 2346 613 2418 tanquam
647 2335 856 2418 inexplebilis
887 2357 1007 2421 gurges
1047 2338 1102 2419 qui
1152 2337 1223 2418 ipso
1262 2336 1374 2420 gaudii
1414 2338 1583 2401 materiam
1617 2335 1799 2420 quaerant?
1856 2336 1960 2399 Porro
1994 2336 2127 2400 satietas

126 2427 238 2487 omnia
258 2421 440 2486 consumit:
475 2435 568 2502 nrw
599 2443 676 2487 vero
705 2444 725 2487 a
754 2423 968 2505 corruptione,
999 2443 1101 2505 quare
1152 2422 1250 2487 fluxis
1280 2421 1395 2487 mundi
1420 2422 1581 2487 illecebris
1610 2422 1804 2504 opponitur,
1837 2441 1919 2502 quae
1953 2431 2126 2503 postquam

126 2529 193 2573 non
224 2519 291 2573 tam
320 2507 410 2572 locus
433 2507 486 2573 hic
516 2517 649 2572 notatur
682 2528 781 2590 quam
813 2507 968 2591 qualitas:
1002 2527 1040 2573 ac
1071 2507 1099 2572 si
1153 2508 1355 2590 aliquamdiu
1377 2507 1531 2572 luserunt
1551 2509 1687 2573 miseros
1708 2506 1868 2581 homines,
1902 2506 2030 2570 ieiunos
2053 2518 2125 2571 tan·

126 2592 251 2660 dictum
272 2605 358 2658 esset
381 2594 482 2658 vitam
505 2593 631 2659 Christi
653 2615 674 2657 a
691 2593 832 2676 sepulcri
855 2594 926 2658 iure
948 2596 1016 2658 fore
1036 2593 1098 2657 im·
1153 2592 1445 2658 demetiamelieos
1459 2594 1657 2675 relinquunt.
1688 2591 1909 2672 Quantumvis
1932 2593 2018 2656 enim
2038 2613 2072 2657 se
2090 2593 2124 2656 in

124 2698 270 2745 munem.
295 2678 372 2762 quia
393 2700 435 2743 ne
455 2690 623 2744 mortuum
645 2677 774 2761 quidem
799 2681 868 2743 eius
890 2701 1007 2763 eorpus
1029 2701 1099 2745 oon·
1151 2679 1338 2762 voluptates
1349 2679 1565 2764 ingurgitent,
1576 2678 1706 2744 fastidio
1718 2687 1828 2743 tamen
1840 2677 1948 2761 potius
1966 2677 2126 2762 languent

124 2765 270 2847 ruptioni
299 2764 361 2829 erit
391 2765 578 2830 obnoxium.
629 2765 733 2829 Porro
761 2766 946 2848 sepulerum
976 2764 1099 2831 Christi
1151 2785 1249 2846 quam
1281 2766 1460 2830 satiantur:
1502 2764 1618 2829 deinde
1657 2762 1853 2846 temporales
1892 2762 2027 2828 deliciae
2059 2785 2123 2829 non

125 2850 257 2917 vivifico
279 2850 414 2933 spiritus
437 2854 506 2915 eius
529 2849 627 2914 odore
648 2852 771 2916 ecimus
798 2851 966 2933 perfusum
989 2852 1098 2930 luisse,
1151 2870 1245 2916 secus
1267 2870 1305 2915 ac
1327 2853 1454 2915 somnia
1475 2859 1685 2916 evanescunt.
1730 2850 1885 2914 Testatur
1907 2869 1985 2932 ergo
2005 2849 2124 2929 David,

1126 2224 1128 2257 i

124 2946 163 2999 ut
189 2935 220 3000 ei
250 2936 349 3001 ianua
375 2937 458 3001 foret
480 2935 521 3000 ad
543 2937 761 3001 immortalem
784 2936 932 3020 gloriam.
976 2937 1099 3003 Fateor
1151 2956 1314 3018 nusquam
1337 2937 1481 3002 inveniri
1503 2935 1642 3001 solidum
1666 2934 1819 3018 gaudium
1842 2938 1876 2999 in
1900 2955 1964 3016 quo
1983 2935 2127 3017 acquies-
2237 3012 2240 3016 Α

125 3030 254 3087 veteres
282 3032 350 3085 tam
379 3041 513 3105 graecos
535 3043 633 3105 quam
656 3022 775 3087 latinos
797 3024 995 3105 interpretes
1018 3022 1098 3090 haee
1151 3030 1227 3087 cant
1255 3022 1425 3086 hominum
1457 3031 1591 3101 mentes,
1622 3022 1686 3086 nisi
1713 3021 1746 3085 in
1775 3020 1843 3085 solo
1872 3019 1961 3084 Deo:
1985 3020 2125 3104 ideoque

125 3108 226 3173 verba
255 3107 289 3171 in
327 3105 493 3172 diversum
524 3128 656 3172 sensum
686 3109 835 3183 traxisse,
868 3108 954 3190 quod
988 3111 1099 3175 anima
1150 3108 1238 3173 solos
1271 3106 1382 3172 fideles
1411 3107 1468 3190 qui
1498 3108 1594 3173 unica
1624 3107 1694 3171 eius
1723 3106 1829 3189 gratia
1856 3106 2005 3170 contenti
2035 3117 2125 3183 sunt,

125 3192 252 3258 Christi
280 3213 323 3258 ex
351 3193 464 3257 inferis
494 3192 628 3260 reducta
656 3193 772 3257 fuerit:
806 3193 863 3258 sed
892 3206 1035 3275 praestat
1062 3197 1097 3260 in
1151 3193 1297 3258 numeris
1319 3193 1470 3258 omnibus
1492 3192 1604 3258 beatos
1626 3211 1708 3256 esse.

145 3279 269 3344 enuina
290 3278 349 3343 illa
370 3277 578 3362 simplicitate
599 3299 741 3354 manere,
773 3300 815 3343 ne
844 3280 972 3345 ridiculi
994 3282 1097 3346 simus

123 3300 266 3441 ludaeis,
289 3363 406 3429 deinde
428 3385 469 3428 ne
489 3385 556 3429 una
573 3365 703 3447 argutia
720 3365 830 3447 plures
848 3365 928 3429 alies
946 3365 1097 3450 gignens,

123 3472 183 3517 nos
216 3451 253 3515 in
286 3449 512 3533 labyrinthum
545 3450 703 3515 coniiciat.
757 3450 855 3515 Certe
888 3452 923 3514 in
956 3452 1098 3518 secundo

123 3538 271 3602 membro
303 3535 438 3600 minime
468 3534 602 3601 dubium
633 3543 691 3611 est,
728 3537 799 3600 fieri
832 3538 975 3618 corporis
1007 3558 1099 3602 men·
1463 3565 1669 3636 lemnus
1694 3566 1803 3635 XVII

123 3624 264 3687 tionem:
293 3622 383 3704 atqui
412 3621 534 3687 scimus
564 3620 688 3686 Davidi
710 3622 794 3686 nihil
817 3624 923 3705 magis
945 3643 1016 3688 esse
1039 3625 1100 3688 tri·
1804 3614 1813 3634 ⁸

123 3718 196 3808 ‘⁰¹3¹
226 3728 323 3808 ‘lump
356 3706 443 3771 ¹d⁰m
477 3707 526 3772 5¹³
560 3718 732 3807 ΓθΡθῑθΓθχ
756 3723 837 3789 ΨΒ)
870 3719 990 3808 aulen),
1024 3709 1099 3809 ll⁰⁰t
1151 3739 1234 3794 ABG.
1254 3740 1378 3793 Psalmus
1392 3738 1436 3791 hic
1452 3739 1573 3791 continet
1584 3738 1691 3791 tristem
1702 3738 1897 3806 querimoniam
1913 3739 1946 3791 de
1956 3738 2057 3791 crudeli
2075 3738 2122 3791 ho·

122 3792 227 3857 latine
247 3795 369 3858 Anima
389 3803 570 3870 vertamus,
589 3793 753 3858 Hebraeis
776 3806 885 3858 tamen
905 3793 988 3858 nihil
1008 3796 1096 3860 aliud
1253 3807 1479 3876 sliumsaperbia.
1491 3806 2123 3929 Deindetauturnsvid,flraetsrmeritumita

123 3892 174 3944 est
195 3899 294 3962 quam
317 3878 428 3943 vitalis
448 3878 592 3960 spiritus,
613 3878 666 3943 vel
688 3879 760 3961 ipsa
783 3881 858 3944 vita,
1254 3894 1283 3930 se
1301 3876 1484 3957 inhumaniter
1502 3876 1605 3942 vexari,
1625 3877 1688 3956 qaia
1697 3876 1797 3955 nullam
1808 3877 1826 3928 il
1837 3876 1861 3928 is
1870 3875 2008 3956 saeviendi
2016 3891 2124 3929 oausam

1253 3946 1367 3999 dederit.
1403 3944 1488 3998 Simul
1506 3944 1591 3997 Deum
1608 3944 1743 3997 vindroem
1760 3946 1895 4013 implorat,
1918 3950 1948 3996 nt
1966 3960 2023 3997 erus
2041 3961 2124 3998 manu

213 4050 252 4112 11
294 4047 414 4115 Nolam
435 4047 518 4112 mihi
533 4048 635 4129 facies
655 4049 741 4114 viam
761 4051 859 4115 vim.
881 4052 1013 4116 satietas
1032 4054 1097 4118 lae.
1253 4016 1394 4095 liberetur.
1420 4013 1481 4066 Etsi
1490 4020 1581 4065 autem
1590 4013 1731 4094 inscriptio
1741 4013 1848 4094 'nullum
1865 4018 1973 4081 tempus
1990 4012 2123 4093 designat,

256 4096 265 4113 ⁰
851 4099 858 4114 ⁸
1253 4084 1392 4150 probabile
1410 4087 1502 4135 umen
1520 4088 1562 4134 est
1570 4081 1702 4134 Davidem
1720 4081 1764 4134 htc
1782 4081 1815 4134 de
1832 4082 1912 4135 Saule
1931 4088 1959 4134 et
1977 4097 2034 4134 erus
2052 4098 2124 4136 esee·

123 4135 268 4200 lilicmm
299 4136 335 4199 ia
365 4135 448 4216 facie
479 4139 550 4208 lua,
591 4136 799 4201 iocunditates
830 4137 866 4200 ia
897 4137 1009 4202 dectra
1042 4145 1096 4203 luc
1253 4153 1302 4205 olis
1320 4151 1459 4219 conqueri.

1238 4307 1266 4370 1.
1279 4304 1421 4371 Precatio
1431 4304 1579 4369 Desidia.
1598 4304 1689 4369 Aeta·
1700 4302 1817 4369 Iehova
1828 4305 1991 4384 iudilicm,
2004 4305 2124 4369 aliems
2172 4308 2177 4317 '

212 4393 397 4458 Confirmat
418 4393 615 4457 sententiam
639 4393 778 4474 proximi
801 4413 924 4471 versus,
948 4392 1099 4458 modum·
1150 4393 1193 4458 ad
1206 4392 1370 4457 clamorem
1386 4411 1502 4455 meam:
1527 4389 1670 4455 caracalla
1687 4391 1894 4472 precationem
1911 4410 2022 4470 meaos,
2045 4411 2124 4472 quac

125 4501 189 4564 qne
229 4479 373 4561 explicat
412 4498 475 4560 quo
509 4478 601 4542 Deus
631 4499 651 4542 a
682 4481 798 4544 mortis
831 4480 990 4543 servitute
1022 4500 1098 4561 eum
1150 4499 1211 4543 noc
1250 4483 1295 4542 est
1326 4479 1362 4543 in
1394 4476 1488 4541 labiis
1525 4475 1745 4557 fraudulentia.
1808 4478 1838 4541 2.
1871 4476 1904 4540 A
1939 4478 2123 4557 praesentia

126 4567 258 4643 eximet,
294 4585 411 4646 nempe
444 4563 519 4646 quia
550 4565 620 4628 eius
653 4563 768 4642 ductu,
801 4575 889 4630 certo
922 4563 963 4629 ad
995 4564 1098 4629 vitam
1150 4566 1256 4630 cultus
1271 4565 1319 4627 tui
1334 4564 1490 4629 iudicium
1506 4582 1610 4626 auum
1623 4563 1769 4642 prodeat:
1791 4563 1930 4627 occlilci
1946 4562 2123 4644 adspr'ct'm

126 4651 307 4736 perveniet.
341 4649 437 4717 Unde
459 4649 577 4714 iterum
596 4648 781 4732 colligimus
802 4650 887 4734 quod
909 4651 998 4733 prius
1022 4648 1100 4729 dixi,
1149 4649 1356 4715 rectitudines.
1693 4660 1697 4665 '

127 4738 183 4803 hic
209 4736 322 4803 fideles
351 4737 392 4801 ab
413 4736 582 4800 extraneis
604 4747 637 4800 et
657 4736 806 4818 reprobis
828 4736 968 4801 discerni
991 4734 1097 4818 quoad

169 4836 322 4907 rpetuum
338 4832 471 4902 statum,
493 4842 569 4885 nam
588 4822 615 4888 si
633 4822 705 4903 quis
723 4837 887 4887 ostensam
905 4822 993 4887 viam
1013 4822 1099 4887 vitae
1234 4818 1334 4884 Initio
1354 4839 1472 4885 causae
1494 4839 1573 4883 suae
1603 4819 1778 4884 bonitatem
1804 4819 1839 4883 in
1858 4818 1999 4883 medium
2018 4816 2122 4882 addu-

125 4844 469 4987 ileavidiluissedicct,
490 4907 566 4991 quia
588 4907 724 4972 vivendi
742 4918 870 4990 tempus
888 4916 1099 4992 prorogatum
1150 4908 1203 4982 eit,
1236 4906 1313 4989 quia
1344 4904 1494 4988 promisit
1522 4903 1615 4969 Deus
1644 4926 1679 4971 sc
1712 4906 1847 4969 minime
1880 4925 2052 4988 passurum
2085 4917 2123 4970 ut

126 4998 160 5060 ei
187 4995 297 5075 luerit,
324 5014 452 5061 merum
480 4994 542 5058 erit
570 4993 733 5059 cavillum.
785 4992 892 5057 Nimis
925 4994 1011 5058 enim
1043 5013 1097 5058 ex·
1149 4991 1276 5058 innoxii
1305 4993 1542 5073 opprimantur,
1576 4990 1654 5072 quin
1684 4990 1817 5055 tandem
1847 4990 1912 5056 illis
1940 5001 2120 5057 succurrat.

127 5080 359 5147 tenuaturDei
372 5079 485 5164 gratia,
508 5080 535 5143 si
548 5077 777 5144 dicamuseum
796 5079 865 5143 suis
883 5078 924 5143 ad
943 5078 1099 5162 pauculos
1150 5079 1236 5143 Nam
1266 5076 1352 5159 quod
1382 5077 1527 5142 iustitiae
1549 5096 1668 5141 nomen
1691 5076 1822 5160 quidam
1846 5084 2018 5158 exponunt
2040 5078 2121 5141 Pre-

127 5177 260 5233 tantum
290 5188 395 5232 annos
422 5165 509 5231 vitae
536 5185 607 5230 esse
637 5166 767 5230 ducem:
806 5164 883 5246 quia
912 5165 973 5231 hoa
1003 5164 1098 5229 modo
1151 5165 1312 5230 cationem
1343 5163 1473 5239 iustam,
1506 5161 1588 5225 mihi
1621 5162 1774 5246 frigidum
1808 5159 1950 5226 videtur.
2006 5162 2121 5226 Potius

127 5254 212 5321 nihil
245 5274 266 5319 a
296 5252 444 5335 reprobis
477 5250 663 5329 differrent,
696 5249 814 5334 quibus
845 5270 1018 5315 commune
1051 5259 1101 5315 est
1151 5248 1262 5315 David
1289 5267 1330 5314 ex
1359 5270 1419 5314 sua
1440 5248 1628 5331 integritate
1645 5247 1796 5313 fiduciam
1818 5248 2012 5330 concipiens,
2034 5247 2121 5311 inter
