4658 5856
166 329 230 395 223
954 329 1171 398 PSALMUS
1193 329 1311 396 XXII.
2093 329 2160 394 224

166 519 315 586 frustrati
337 512 378 581 ad
400 523 530 602 tempus
551 519 681 598 fuerint,
704 539 781 585 suas
803 520 986 586 anxietates
1008 522 1042 586 in
1064 521 1134 586 eius
1186 539 1290 603 genus
1319 518 1381 583 sibi
1412 517 1638 602 adoptaverat:
1672 518 1748 600 quia
1780 539 1896 604 purum
1928 525 2015 582 esset
2048 527 2158 582 tenere

167 607 277 672 sinum
299 616 490 670 exonerent.
1186 625 1268 688 quae
1290 603 1384 670 Deus
1408 605 1511 669 servis
1533 606 1603 669 suis
1624 604 1777 671 exhibuit
1790 602 2038 670 misericordiae
2061 601 2158 668 dnou-

1185 702 1306 767 menta,
1336 690 1457 756 nisiae
1479 689 1520 755 ad
1543 711 1657 756 eorum
1679 690 1827 756 ordinem
1850 691 1985 773 quisque
2007 703 2158 754 nostrum

250 778 283 843 4.
307 776 358 841 Ta
386 782 489 842 oulen
516 781 650 855 annana
678 776 859 845 inhabitans
884 779 993 846 naua
1022 777 1134 846 Israbl.
1187 789 1353 860 aggreget,
1383 777 1476 843 siouti
1502 777 1610 841 David
1640 779 1674 841 in
1700 778 1760 842 Dei
1790 776 1928 844 eeclesia
1949 794 1984 839 ee
2006 774 2157 841 includit.

165 863 196 929 b.
219 862 264 929 In
284 867 312 928 le
331 868 535 946 annuarum
555 868 668 945 pubes
688 865 797 940 nostri,
822 870 1028 947 agnoverant
1048 871 1076 930 et
1095 865 1134 930 a·-
1187 861 1281 943 Quod
1306 877 1355 926 ter
1377 863 1506 945 repetit,
1533 873 1644 944 patres
1664 863 1826 946 sperando
1854 863 1993 928 salutem
2023 860 2158 944 adeptos

165 946 284 1015 beraati
305 969 363 1015 eos.
406 949 439 1013 6.
462 948 517 1016 Aa
544 954 572 1015 be
599 949 818 1027 clamaverant,
846 956 874 1017 et
901 952 1018 1017 sanati
1046 956 1136 1016 sant:
1186 968 1272 1027 esse,
1313 969 1379 1012 nnn
1419 946 1555 1012 dubium
1595 958 1646 1014 est
1684 949 1763 1031 quin
1798 947 1979 1015 vereeuude
2011 948 2158 1012 insinuet

163 1037 199 1101 in
220 1040 249 1100 le
270 1042 481 1117 maavernnt,
510 1040 539 1102 el
558 1055 620 1100 non
646 1040 720 1101 sarri
741 1037 913 1119 paduani.
958 1037 988 1100 l.
1010 1035 1055 1103 Aa
1083 1058 1135 1122 epo
1186 1052 1390 1098 eommunem
1425 1032 1488 1099 sibi
1519 1054 1595 1098 oum
1629 1033 1694 1098 illis
1726 1055 1815 1118 spem
1849 1054 1938 1099 esse:
1972 1053 2038 1114 qua
2059 1035 2098 1097 fit
2121 1043 2160 1097 ut

163 1121 288 1197 onmis,
311 1125 420 1186 anon
439 1123 508 1186 uir:
528 1122 730 1204 opprobrium
750 1122 920 1207 bominem,
942 1129 970 1187 el
986 1129 1134 1207 nordann-
1186 1120 1438 1202 promissionum
1461 1119 1596 1185 effeetus
1618 1118 1660 1184 ad
1689 1141 1748 1185 nos
1778 1122 1957 1204 perveniat.
2002 1118 2089 1183 Nam
2119 1126 2158 1183 ut

164 1212 216 1272 lna
242 1207 363 1290 populi.
407 1207 438 1272 8.
464 1205 577 1272 Omnes
604 1208 741 1273 videntes
768 1227 816 1272 nro
844 1210 1042 1275 subsannant
1067 1230 1135 1275 me.-
1185 1207 1219 1270 in
1250 1227 1344 1270 nsum
1375 1227 1472 1271 suum
1502 1206 1576 1288 quis
1606 1206 1829 1272 aooommodot
1855 1225 1938 1289 quae
1959 1204 2051 1269 Deus
2080 1203 2159 1269 olim

164 1293 317 1359 diducunt
346 1291 748 1375 attenuaverant.
793 1294 823 1361 9.
853 1295 997 1361 Devolvit
1017 1295 1061 1362 ad
1082 1295 1134 1361 le·
1185 1293 1292 1357 servis
1305 1293 1374 1357 suis
1396 1291 1560 1374 praestitit
1580 1291 1746 1368 benefitia,
1770 1293 1804 1356 in
1828 1291 2059 1375 promissiones
2080 1311 2158 1375 gra-

164 1377 282 1459 bovam,
304 1378 419 1459 aspin
438 1399 520 1460 eam,
542 1377 650 1446 liberet
668 1400 754 1445 enm:
775 1381 852 1464 qaia
873 1383 903 1446 ei
924 1380 996 1448 bene
1016 1382 1091 1447 vall.
1186 1378 1286 1442 tuitas
1316 1388 1347 1443 et
1377 1377 1474 1442 iidem
1503 1376 1569 1441 illis
1590 1376 1765 1442 subnixam
1788 1377 1897 1444 oeulos
1919 1377 2062 1460 dirigere
2083 1397 2157 1441 oon·

1186 1465 1285 1530 venit.
1325 1465 1429 1528 Porro
1450 1473 1486 1527 ut
1508 1461 1660 1529 fidutiam
1684 1463 1769 1530 hano
1791 1486 1856 1529 non
1880 1465 1981 1529 fuisse
2002 1462 2157 1546 frigidam

249 1549 281 1615 4.
302 1547 369 1636 (Ta
391 1555 494 1616 antnn
514 1549 665 1636 sanant.)
715 1550 842 1634 Copula
870 1571 954 1635 quae
984 1552 1135 1620 hebraioe
1186 1549 1238 1613 vel
1259 1559 1439 1614 emortuam
1461 1548 1675 1626 demonstret,
1703 1549 1800 1614 simul
1820 1551 1898 1617 dicit
1919 1571 1974 1615 eos
1995 1548 2158 1616 ammonae

163 1633 293 1718 legitur,
308 1637 341 1700 in
355 1634 595 1701 adversativam
609 1636 800 1719 partioulam
813 1635 899 1702 haud
909 1637 1005 1704 dubie
1014 1640 1135 1705 resolvi
1187 1633 1231 1701 Se
1253 1636 1341 1700 enim
1365 1635 1434 1700 Deo
1457 1634 1566 1710 fidere,
1597 1633 1803 1719 impudenter
1826 1636 1987 1701 mentitur
2008 1635 2158 1717 quisquis

163 1720 268 1786 debet.
313 1720 402 1787 Sunt
423 1721 478 1805 qui
501 1732 618 1807 putant
639 1733 807 1788 aeternam
837 1733 872 1788 et
896 1724 1134 1791 immutabilem
1186 1722 1219 1786 in
1253 1722 1349 1787 malis
1381 1721 1449 1785 suis
1479 1730 1628 1805 torpens,
1662 1723 1733 1786 eius
1764 1741 1859 1805 opem
1893 1742 1959 1787 non
1993 1721 2156 1804 implorat

163 1807 228 1871 Dei
255 1814 376 1872 statum
403 1809 522 1891 opponi
552 1808 691 1874 miseriis
719 1830 800 1891 quas
829 1809 992 1875 sentiebat
1014 1809 1134 1890 David,
1187 1807 1275 1890 Ergo
1297 1829 1338 1872 ex
1368 1806 1518 1889 preoibus
1547 1807 1752 1890 eognosoitur
1785 1808 1863 1871 fidei
1896 1810 2029 1883 veritas,
2061 1805 2158 1872 sinoti

163 1891 281 1976 quibus
303 1914 367 1958 non
390 1892 573 1960 subsoribo:
595 1894 673 1977 quia
694 1895 872 1977 simplieior
898 1907 931 1960 et
952 1898 1056 1981 magis
1078 1919 1132 1982 ge·
1184 1893 1311 1958 bonitus
1334 1893 1460 1958 arboris
1481 1914 1523 1957 ex
1544 1893 1663 1958 fruetu.
1715 1891 1855 1957 Interim
1889 1892 2070 1959 notandum
2098 1902 2158 1972 est,

163 1979 284 2045 nninus
307 1979 450 2044 naaurrit
473 1999 600 2060 sensus,
622 2001 739 2064 nempe
760 1981 845 2064 quod
863 1982 956 2048 Deus
974 2003 1009 2048 se
1030 1983 1134 2050 eleeto
1184 1999 1251 2043 non
1273 1978 1353 2043 alias
1376 1977 1501 2045 oeuseri
1523 1999 1632 2044 eoram
1658 1978 1727 2043 Deo
1750 1978 1914 2063 legitimas
1936 1999 2060 2063 praees,
2093 1978 2159 2043 nisi

162 2064 282 2147 populo
310 2085 440 2149 semper
468 2065 647 2132 ostenderit
698 2067 860 2151 repitium.
905 2067 1019 2151 Neque
1045 2070 1133 2134 enlm
1183 2083 1266 2146 quae
1289 2086 1330 2129 ex
1352 2065 1471 2129 fidutia
1489 2077 1632 2140 manant,
1654 2074 1690 2128 et
1706 2085 1780 2131 oum
1799 2085 1838 2130 ea
1855 2077 1935 2131 sunt
1951 2064 2156 2131 ooniunatae.

163 2150 219 2216 hio
240 2150 350 2235 agitur
372 2150 476 2234 qualis
497 2152 541 2218 sit
562 2152 596 2216 in
619 2087 718 2231 aneio,
740 2152 797 2218 sed
820 2153 947 2235 qualem
970 2175 1006 2220 se
1028 2155 1132 2220 homi·
1185 2151 1297 2232 Neque
1330 2152 1416 2214 enim
1452 2166 1573 2215 temere
1606 2149 1716 2215 David
1748 2150 1837 2217 inter
1870 2150 1970 2218 verba
2002 2149 2157 2235 sperandi

164 2235 263 2301 nibus
291 2236 480 2303 ostenderit.
524 2236 621 2304 Nune
653 2238 831 2321 quaeritur,
861 2260 999 2304 suamne
1024 2242 1132 2323 queri-
1183 2237 1326 2300 medium
1349 2236 1525 2301 olamorem
1547 2235 1642 2303 looat.

163 2322 307 2388 moniam
338 2322 391 2387 his
424 2323 532 2388 verbis
565 2335 742 2407 exaggeret
774 2322 894 2405 David,
927 2325 1010 2407 quod
1043 2327 1133 2392 solus
1268 2322 1298 2388 7.
1320 2319 1382 2408 (At
1419 2342 1471 2406 epo
1510 2322 1649 2396 onmis.)
1704 2320 1778 2387 Non
1812 2320 2040 2388 obmurmurat
2071 2320 2156 2400 Deo,

162 2407 232 2559 ique
253 2408 345 2558 quiqule
359 2409 468 2558 rataltleo
489 2409 657 2559 impetretli
680 2430 824 2560 qudvero
845 2421 1001 2561 tznqssam
1024 2412 1132 2497 elypei
1182 2409 1273 2555 ᾳιιιιιιὶ
1296 2408 1431 2488 indigne
1453 2427 1564 2555 strenuum
1587 2416 1716 2558 agetur,
1743 2408 1815 2509 .⁸⁰d.
1831 2423 1953 2557 ⁸⁰ffem
1984 2428 2076 2473 suam
2098 2407 2157 2472 de·

161 2513 257 2645 0οιιιθιῦι
268 2514 865 2665 qerpqtmrlqlnesqorruelqeliqgmqrrqmn
885 2518 1133 2664 dlgoeiiinlaiddr
1183 2512 1332 2644 didrrtmdd’
1343 2504 2158 2664 noiruirabdrgi¹dromiirisuildddioori'iddliudjrdriiffi

160 2601 223 2732 ion
246 2666 287 2730 ad
317 2665 438 2732 doloris
466 2666 606 2730 auxesin
630 2666 752 2742 valere,
786 2688 851 2732 non
881 2676 988 2732 tamen
1019 2667 1132 2734 dubito
1184 2684 1289 2746 primo
1313 2664 1443 2741 intuitu,
1465 2663 1904 2746 addeiiaieudumenimum,
1926 2665 2158 2731 imoadfidem

161 2753 241 2917 grin
275 2750 475 2816 diffidentiae
509 2750 689 2817 remedium
729 2752 790 2817 sibi
830 2765 974 2818 accersat
1010 2751 1132 2821 David.
1184 2749 1376 2814 abolendam
1400 2748 1433 2813 id
1455 2762 1619 2833 speetare:
1643 2751 1699 2816 sed
1722 2772 1763 2817 ex
1786 2762 1943 2818 contextu
1961 2764 2052 2818 nerto
2072 2764 2160 2834 pate·

195 2838 250 2901 uia
271 2838 359 2901 enim
382 2833 564 2920 periculosa
585 2851 655 2901 erat
677 2839 821 2916 tentatio,
844 2837 954 2904 videre
976 2859 1011 2904 se
1030 2840 1132 2905 sto
1186 2837 1233 2898 bit
1254 2858 1295 2901 ex
1317 2837 1466 2917 opposito
1496 2838 1641 2917 proferro
1667 2858 1765 2919 quam
1788 2842 1909 2904 misera
1931 2839 1974 2902 sit
1995 2858 2058 2903 sua
2079 2856 2159 2903 oon·

163 2922 278 3001 deseri,
308 2943 349 2987 ue
372 2942 444 2986 eam
466 2921 595 2987 assidua
616 2923 826 2988 meditatione
848 2923 959 3002 aleret,
988 2936 1132 2991 mentem
1185 2921 1274 2997 ditio,
1305 2936 1343 2986 ut
1365 2921 1442 2985 inde
1463 2941 1556 3004 spem
1578 2921 1752 2986 levationis
1781 2924 1952 3007 eonaipiat
1996 2923 2088 3007 Ergo
2117 2921 2159 2987 ab

162 3007 203 3072 ad
225 3008 381 3074 nantinus
403 3007 598 3074 documenta
619 3009 746 3092 gratiae
764 3009 827 3075 Dei
849 3011 988 3089 reflexit,
1010 3029 1044 3075 et
1065 3013 1134 3094 qui·
1184 3007 1378 3090 impossibili
1417 3006 1541 3090 arguit,
1582 3008 1653 3072 fieri
1686 3029 1752 3072 non
1787 3031 1880 3093 posse
1910 3010 1989 3093 quin
2024 3008 2160 3074 tandem

162 3093 222 3159 bns
243 3094 430 3178 oonoiperet
450 3093 582 3177 aliquod
604 3094 707 3160 bonae
729 3096 800 3179 spei
822 3098 1013 3162 fomentum.
1057 3098 1131 3163 Non
1185 3114 1316 3158 manum
1357 3093 1505 3176 porrigat
1537 3092 1630 3159 Deus
1663 3095 1878 3161 afflictissime
1911 3106 1944 3160 et
1977 3094 2159 3178 desperato.

161 3201 238 3265 ergo
270 3190 403 3247 tantum
435 3201 589 3263 quaerere
622 3181 725 3246 voluit
758 3183 813 3265 qui
847 3183 940 3247 fieret
973 3193 1010 3248 ut
1031 3182 1132 3263 Deus,
1184 3179 1270 3244 Nam
1299 3181 1328 3243 si
1355 3182 1502 3244 omnium
1531 3178 1589 3261 qui
1617 3179 1824 3246 mediocriter
1854 3183 1987 3246 fuerunt
2009 3201 2159 3263 unquam

160 3268 217 3349 qui
239 3267 419 3333 elementer
438 3286 568 3350 semper
589 3277 702 3351 egerat
723 3289 796 3333 oum
816 3269 934 3350 populo
951 3288 1019 3347 sno,
1043 3291 1132 3336 nona
1184 3265 1306 3342 aillieti,
1330 3267 1484 3329 misertus
1506 3277 1565 3344 est,
1595 3267 1757 3347 quomodo
1786 3289 1920 3333 servum
1947 3288 2045 3332 suum
2068 3267 2159 3332 deee-

161 3359 316 3418 miserum
328 3351 504 3428 hominem,
527 3352 621 3434 quasi
638 3365 775 3419 naturae
794 3375 873 3419 suae
893 3354 1023 3433 oblitus,
1042 3356 1132 3420 omni
1183 3363 1273 3415 reret
1309 3350 1342 3414 in
1376 3348 1630 3477 profundissima
1662 3355 1809 3418 omnium
1843 3354 2005 3418 malorum
2039 3351 2160 3436 abysso

161 3438 399 3521 solatioetope
421 3437 594 3503 destituat:
616 3439 742 3523 sedely
767 3441 957 3504 sumariam
977 3442 1131 3523 arripere,
1183 3436 1387 3501 demersum·
1431 3436 1502 3502 Hoo
1524 3435 1619 3502 modo
1641 3439 1767 3521 quoties
1789 3439 1916 3523 ingenti
1938 3438 2159 3505 afflietionnm

162 3543 226 3607 quo
254 3545 289 3589 so
318 3534 445 3607 tegeret
474 3533 588 3587 eontra
610 3524 715 3607 ignita
738 3462 882 3590 gemnae
903 3526 977 3590 tela.
1023 3525 1131 3591 Deum
1183 3526 1267 3586 mole
1289 3523 1469 3602 obruimur,
1500 3522 1577 3586 inde
1600 3524 1776 3606 petendum
1800 3537 1850 3590 est
1872 3524 2053 3607 sperandae
2074 3523 2158 3587 libe·

163 3616 257 3676 voaat
285 3615 429 3675 sanatam
457 3609 534 3691 quia
563 3630 692 3692 semper
718 3622 850 3674 maneat
872 3611 997 3675 similis.
1041 3611 1133 3677 Dieit
1183 3609 1318 3673 rationis
1341 3620 1574 3689 argumentum
1597 3611 1705 3692 potius
1728 3631 1825 3692 quam
1850 3610 2068 3693 desperationi
2098 3630 2159 3674 nos

160 3695 336 3761 inhabitare
357 3695 467 3762 kades
485 3694 598 3773 Israel,
622 3696 698 3778 qnia
714 3694 880 3762 beneficos
899 3717 976 3778 erga
994 3696 1132 3762 eleotum
1183 3693 1348 3758 dedamus.
1361 3693 1455 3775 Quod
1465 3695 1491 3757 si
1501 3694 1587 3759 huno
1595 3696 1910 3777 praestantissimum
1919 3717 2016 3761 suum
2024 3717 2159 3762 servum

161 3783 317 3867 populum
348 3780 456 3847 laudis
474 3783 644 3845 materiam
656 3784 810 3847 eontinuo
822 3782 1002 3866 gratiarum
1020 3792 1134 3847 tenore
1183 3790 1249 3843 tam
1274 3778 1398 3842 duriter
1420 3781 1567 3844 exercuit
1592 3782 1692 3862 Deus,
1721 3795 1756 3846 et
1785 3803 1823 3847 eo
1850 3803 1953 3865 usque
1980 3783 2100 3847 deieoit
2122 3790 2160 3845 ut

159 3867 354 3951 suppeditet,
387 3868 451 3932 nisi
479 3866 567 3931 enim
597 3866 752 3933 bonitatis
780 3889 860 3935 suae
882 3878 1015 3951 gustum
1038 3889 1131 3951 prae·
1183 3865 1274 3929 loeus
1296 3866 1325 3927 ei
1349 3886 1414 3928 non
1437 3878 1522 3929 esset
1551 3866 1638 3930 inter
1668 3870 1967 3951 contemptissimus
1997 3867 2159 3947 homines,

159 3952 337 4019 beatDens
360 3974 421 4019 nos
444 3953 668 4019 obmutescere
690 3976 819 4022 neeesse
841 3965 901 4020 est,
938 3952 1008 4018 Iam
1032 3976 1131 4037 quum
1184 3972 1224 4017 ne
1244 3950 1418 4015 molestum
1438 3950 1829 4038 nobissiteiusexemplo
1843 3954 2022 4019 humiliari.
2045 3954 2161 4035 Quan-

161 4037 270 4104 David
293 4041 336 4104 sit
359 4061 460 4105 unum
483 4062 525 4105 ex
548 4039 713 4122 membris,
735 4053 847 4106 eontra
870 4041 1037 4107 obstaoula
1055 4042 1131 4105 niti-
1183 4058 1279 4119 quam
1298 4037 1332 4099 in
1352 4050 1494 4100 mentem
1518 4036 1611 4102 nobie
1631 4041 1804 4123 praeeipuo
1823 4040 1937 4105 venire
1955 4039 2051 4105 debet
2069 4039 2160 4105 filins

162 4136 225 4202 tur,
259 4135 296 4189 ut
327 4137 437 4209 speret
469 4145 504 4189 se
535 4124 570 4188 in
603 4127 791 4192 sotietatem
821 4129 964 4212 eorporis
998 4125 1130 4192 tandem
1182 4123 1254 4197 Dei,
1279 4120 1573 4202 inqunetiamhoo
1596 4125 1694 4190 luisse
1712 4126 1882 4208 impletum
1899 4125 2040 4191 seimus:
2063 4126 2160 4192 siouti

160 4221 326 4293 receptum
351 4211 392 4274 iri
414 4212 455 4274 ad
477 4209 640 4276 canendas
661 4211 725 4276 Dei
749 4212 871 4278 laudes
1183 4209 1306 4273 lesaiae
1330 4208 1482 4271 vatieiuio
1505 4218 1662 4273 testatum
1685 4212 1805 4277 luerat:
1839 4211 2057 4295 Contemptus
2088 4212 2159 4292 fuit,

246 4296 277 4361 5.
300 4293 358 4383 (In
379 4301 407 4361 le
427 4296 654 4397 maereant.)
687 4298 842 4363 Redditio
864 4317 980 4363 eausae
1001 4305 1053 4362 est
1073 4317 1133 4362 eur
1185 4316 1245 4360 nea
1267 4294 1492 4375 reputavimus
1514 4313 1609 4357 eum:
1632 4297 1684 4359 vir
1701 4297 1766 4361 fuit
1782 4297 1946 4380 dolorum,
1968 4317 2035 4363 nnn
2054 4299 2160 4363 forma

161 4382 253 4447 Deus
279 4381 369 4445 inter
398 4381 512 4445 laudes
538 4383 651 4465 populu
679 4383 807 4449 sedeat:
838 4383 915 4464 qnia
946 4382 1070 4448 seilicet
1091 4382 1131 4448 ad
1184 4381 1222 4453 ei,
1264 4399 1369 4461 neque
1402 4377 1514 4442 decor:
1554 4390 1593 4442 ut
1625 4385 1761 4465 quisque
1800 4383 2014 4450 abseonderet
2045 4384 2087 4449 ab
2120 4402 2159 4447 eo

159 4467 273 4534 fideles
290 4466 470 4532 servandos
488 4486 621 4531 manum
644 4491 773 4553 semper
792 4469 938 4533 habuerit
958 4482 1131 4534 exsertam.
1184 4464 1297 4529 laniem
1328 4485 1432 4544 suam,
1461 4462 1524 4529 Ies.
1555 4464 1607 4546 53,
1630 4468 1660 4533 3.
1706 4466 1834 4549 Quibus
1861 4470 1968 4535 verbis
1995 4470 2078 4535 satis
2107 4489 2159 4532 re·

160 4552 272 4619 David
295 4555 384 4617 enim
408 4553 458 4637 (ut
481 4573 585 4636 nuper
609 4553 693 4639 dixi)
722 4567 867 4641 aetatum
897 4554 1046 4619 omnium
1075 4576 1133 4619 ex·
1184 4552 1305 4616 lellitur
1328 4551 1445 4615 frivole
1460 4570 1578 4616 eorum
1598 4556 1735 4636 argutia,
1759 4558 1815 4637 qui
1833 4557 1867 4621 in
1887 4554 2007 4620 vermis
2025 4553 2160 4618 nomine

161 4640 271 4722 ampla
292 4637 428 4723 oolligit,
452 4637 568 4720 quibus
590 4659 626 4703 se
648 4642 755 4724 erigat
776 4650 809 4705 et
830 4642 1009 4723 confirmet,
1033 4654 1134 4705 nerto·
1185 4637 1404 4722 philosophati
1417 4648 1503 4712 sunt,
1526 4659 1563 4703 ae
1582 4642 1610 4704 ei
1627 4640 1793 4726 singulare
1811 4639 1941 4724 aliquod
1960 4642 2159 4724 mysterium

160 4747 225 4808 que
253 4724 317 4791 sibi
347 4722 551 4808 persuadeat,
580 4726 710 4806 quando
739 4727 902 4792 neminem
926 4746 1068 4809 unquam
1092 4746 1133 4789 ex
1184 4724 1218 4788 in
1242 4722 1368 4789 Christi
1386 4724 1594 4806 generatione
1618 4737 1746 4790 notaret
1758 4726 1882 4791 David:
1905 4745 1943 4792 ao
1963 4745 2027 4789 uon
2047 4725 2160 4809 potius

160 4812 265 4878 eleeto
294 4810 415 4896 populo
448 4807 669 4892 repudiaverit
692 4813 792 4892 Deus,
822 4835 857 4879 se
879 4834 1007 4896 quoqne
1030 4833 1132 4876 unum
1185 4830 1219 4874 se
1241 4811 1328 4873 iulra
1350 4808 1500 4872 homines
1521 4809 1686 4877 deiectum
1709 4812 1808 4877 fuisse
1830 4825 1865 4877 et
1892 4810 1986 4896 quasi
2016 4831 2059 4876 ex
2089 4811 2159 4877 aui·

162 4898 232 4963 fore
262 4920 303 4964 ex
333 4917 447 4962 eorum
476 4915 615 4961 numero
642 4899 760 4979 quibus
782 4898 870 4963 salus
891 4900 926 4963 in
950 4899 1012 4963 Dei
1033 4919 1133 4962 mnnu
1185 4896 1343 4959 mantiam
1379 4915 1514 4959 numero
1543 4911 1703 4964 reseotnm
1736 4898 1867 4963 diceret.
1918 4895 2016 4978 Quod
2049 4910 2159 4962 antem

162 4985 307 5068 reposita
322 4992 382 5050 est.
417 4981 495 5048 Ideo
511 4982 631 5048 diserte
648 4994 881 5050 eommemorat
899 5006 933 5050 se
956 5005 998 5048 ex
1021 5003 1133 5047 eorum
1185 4981 1250 5046 hun
1272 5003 1306 5045 se
1329 4982 1432 5062 redigi
1455 5002 1570 5063 passus
1591 4996 1642 5049 est
1666 4984 1727 5048 Dei
1750 4984 1847 5065 filius,
1878 4984 1943 5049 imo
1973 4981 2015 5048 ad
2038 4985 2159 5049 interos

163 5071 319 5156 progenie
333 5079 443 5136 ortum
460 5090 529 5136 esse
551 5071 605 5152 qui
623 5069 767 5135 exauditi
786 5070 927 5147 fuerant,
946 5069 1135 5153 signifioans
1187 5087 1288 5147 usque
1310 5064 1487 5142 deseendit,
1521 5067 1600 5133 adeo
1630 5069 1803 5134 eoelestem
1832 5070 1903 5134 eius
1930 5069 2071 5155 gloriam
2094 5091 2158 5134 non

163 5176 199 5220 se
227 5155 372 5222 eiusdem
403 5176 501 5239 quam
531 5156 660 5239 experti
687 5166 782 5221 erant
803 5156 928 5240 gratiae
961 5154 1134 5221 haeredem
1187 5152 1345 5230 obseurat,
1377 5163 1416 5216 ut
1458 5152 1564 5236 patius
1592 5155 1719 5219 illustre
1746 5156 1915 5239 speonlum
1954 5156 1997 5219 sit
2036 5157 2159 5221 ineam·

161 5261 245 5307 esse.
288 5241 438 5324 Respicit
467 5241 554 5307 enim
584 5241 624 5308 nd
647 5242 760 5309 foedas
782 5262 846 5325 quo
868 5242 961 5308 Dens
981 5238 1135 5306 Abrahae
1187 5237 1341 5322 parabilis
1363 5257 1442 5321 erga
1463 5258 1522 5303 nos
1543 5241 1612 5307 eins
1635 5240 1771 5325 gratiae.
