4658 5856
237 360 301 423 343
326 423 333 440 ,
1032 353 1248 422 PSALMUS
1270 355 1437 422 XXXIV.
2165 355 2230 420 344

241 560 348 612 metus
366 569 385 611 a
406 548 459 613 via
477 569 531 613 eos
551 548 705 613 abducat:
727 545 878 610 hortatur
894 543 1003 609 David
1023 554 1060 608 ut
1081 550 1207 607 mentes
1231 555 1235 597 Ι
1346 544 1396 610 19.
1421 543 1525 625 Prope
1546 551 1589 611 ast
1611 546 1744 611 Ielroooe
1764 546 1931 629 confractis
1956 547 2055 626 carde,
2085 547 2230 611 contritos

241 635 384 699 relcrant
412 633 452 698 ad
486 633 549 698 Dei
579 631 827 717 providentiam,
867 651 926 695 nec
958 629 1109 695 dubitent
1138 628 1208 692 eius
1258 630 1373 712 spiritu
1394 631 1536 697 servabit.
1569 631 1621 697 20.
1646 628 1752 697 Malta
1768 632 1960 715 mulctasti,
1982 637 2065 697 atae
2086 631 2229 698 annuos

241 720 302 785 alis
330 740 366 785 ee
397 720 532 803 protegi.
574 719 666 784 Dicit
694 728 803 782 autem
834 715 944 781 oculos
973 713 1037 779 Dei
1065 715 1207 779 intentos
1258 717 1326 791 illis
1346 716 1489 782 liberabit
1511 738 1580 782 earm
1603 717 1743 784 labarae.
1788 718 1839 782 21.
1864 716 2006 783 Custodit
2026 720 2133 783 omnia
2155 737 2229 784 ossa

241 804 282 870 ad
305 803 485 870 custodiam
508 806 680 883 iustorum,
706 825 771 886 quo
800 802 939 866 alacrius
955 801 1003 864 ¹in
1034 821 1095 866 sua
1124 800 1207 863 iute-
1258 804 1334 876 aius,
1363 823 1459 867 onom
1483 823 1521 866 aa
1543 803 1593 869 bie
1616 824 1677 869 ooo
1706 810 1751 870 est
1769 805 1913 885 fractam.
1957 802 2009 868 22.
2036 802 2155 870 Occidet
2172 805 2231 868 irrr-

241 891 359 975 gritatc
383 902 521 975 pergant
544 889 617 954 boni
640 904 672 952 et
695 888 868 972 simplices.
908 887 1048 951 Interim
1070 885 1112 951 ad
1134 894 1209 950 rota
1254 889 1347 973 mum
1385 888 1525 968 molitio,
1565 895 1592 954 et
1630 890 1700 954 odic
1731 889 1874 955 lrabectas
1902 891 2021 953 iustum
2047 891 2229 969 perdetur.

242 986 276 1042 at
307 998 419 1059 preces
452 997 506 1041 aas
538 975 695 1053 stimulat,
730 976 756 1038 si
780 973 907 1055 quando
930 973 1050 1037 iniuste
1072 972 1210 1037 lacessat
1259 973 1310 1039 23.
1331 972 1471 1038 Redimet
1488 974 1602 1041 Ieltooa
1623 975 1764 1041 acimum
1781 995 1940 1040 saeorum
1957 995 2094 1059 moram,
2118 982 2147 1040 et
2167 996 2230 1039 oon

243 1084 297 1129 ece
320 1062 472 1128 mundus.
516 1061 602 1124 Nam
625 1081 721 1124 aures
739 1060 803 1126 Dei
825 1058 866 1123 ad
885 1058 1060 1124 clamorem
1082 1067 1210 1139 apertas
1256 1059 1401 1143 peritura
1421 1061 1593 1143 alicunque
1613 1060 1770 1142 confidunt
1789 1063 1824 1126 io
1845 1081 1888 1127 ao,

242 1170 313 1214 esse
345 1148 470 1226 dicens,
510 1146 663 1211 admonet
696 1146 758 1212 hoc
790 1152 1010 1227 opportunum
1049 1164 1120 1207 esea
1159 1162 1209 1206 re·

242 1233 385 1299 medium
416 1233 450 1297 in
479 1232 629 1297 omnibus
657 1231 840 1308 aerumnis,
871 1239 907 1293 ut
928 1230 1039 1294 Deum
1070 1228 1210 1294 ultorem
1349 1231 1399 1295 19.
1421 1230 1538 1316 (stopa
1559 1231 1627 1317 ast.)
1665 1230 1857 1315 Amplificat
1878 1240 1911 1295 et
1933 1231 2064 1315 longius
2082 1231 2234 1296 extendit

243 1320 393 1402 imploret
416 1319 470 1401 qui
488 1330 617 1400 practer
637 1318 688 1382 ius
706 1328 740 1382 θι
756 1317 909 1381 meritum
928 1315 1095 1398 affligitur.
1128 1313 1209 1378 Pro·
1262 1317 1461 1400 superiorem
1495 1316 1689 1396 doctrinam,
1717 1316 1826 1382 Deum
1855 1317 2062 1382 liberatorem
2097 1337 2234 1383 suorum

242 1405 375 1470 nuntiat
408 1405 507 1469 etiam
540 1426 580 1469 ex
615 1402 762 1483 adverso,
796 1401 945 1484 quamvis
975 1398 1138 1465 interdum
1170 1399 1211 1464 ad
1262 1423 1341 1481 essa,
1371 1403 1521 1485 quamvis
1550 1403 1591 1467 ad
1621 1403 1736 1467 ultima
1754 1403 1887 1486 redacti,
1917 1423 2014 1487 aegra
2044 1403 2110 1467 iam
2133 1405 2232 1487 spiri-

243 1489 413 1555 hominum
436 1490 559 1556 scelera
581 1490 674 1556 Deus
695 1490 731 1553 in
754 1489 895 1570 speeiem
916 1488 1098 1563 conniveat,
1136 1486 1211 1565 quia
1262 1500 1332 1553 tum
1356 1487 1499 1552 trahant.
1535 1489 1620 1552 Nam
1641 1488 1721 1554 haec
1740 1487 1821 1553 dura
1839 1497 1890 1553 est
1912 1488 2069 1572 probatio,
2088 1491 2233 1572 gratiam

243 1596 308 1640 non
331 1577 443 1641 statim
472 1596 593 1658 poenas
622 1576 824 1657 exsequitur,
854 1572 937 1636 nihil
967 1581 1076 1636 tamen
1100 1570 1211 1650 fugare
1262 1574 1325 1637 Dei
1355 1594 1459 1655 usque
1475 1594 1526 1653 ,θο
1557 1573 1692 1658 differri,
1720 1582 1754 1638 et
1782 1573 1919 1639 subduci
1947 1595 2088 1639 asensu
2116 1587 2231 1641 nostro

243 1662 313 1726 ains
336 1673 555 1744 conspectum.
600 1664 688 1727 Dum
711 1658 891 1738 sceleratis,
914 1657 1033 1740 inquit,
1056 1656 1212 1740 poetandi
1263 1658 1339 1724 dum
1363 1659 1497 1741 spiritus
1524 1681 1585 1726 nos
1614 1660 1758 1725 deficiat:
1788 1660 1854 1725 imo
1883 1660 1944 1725 hoo
1970 1658 2161 1727 incredibile
2184 1674 2234 1727 est

243 1746 410 1812 audaciam
434 1746 524 1812 addit
545 1747 733 1830 impunitae,
762 1744 879 1829 vigilat
897 1743 990 1809 Deus
1017 1743 1107 1807 utin
1131 1741 1213 1807 nihi·
1262 1743 1460 1827 paradoxon,
1482 1744 1539 1810 ubi
1560 1745 1665 1812 cordis
1687 1746 1845 1827 languore
1866 1746 2001 1811 conlecti
2029 1745 2141 1811 fideles
2164 1747 2234 1812 fere

243 1832 312 1897 lum
332 1831 458 1916 redigat
475 1853 587 1898 eorum
607 1834 807 1908 memoriam,
830 1840 863 1893 ct
885 1829 949 1893 tale
969 1848 1091 1911 poenae
1108 1848 1213 1911 genus
1263 1829 1443 1910 tabescunt,
1471 1831 1579 1896 Deum
1606 1830 1673 1897 illis
1706 1851 1777 1896 essa
1809 1831 2037 1914 propinquum.
2086 1830 2155 1898 Sed
2188 1834 2234 1897 ita

245 1918 391 1984 consulto
413 1918 584 2001 exprimit:
612 1920 688 2001 quia
714 1917 809 2002 impii
837 1936 901 1980 non
927 1914 1021 1979 modo
1050 1913 1212 1978 adfinem
1264 1916 1383 1983 elarius
1416 1916 1555 2000 refulget
1588 1918 1658 1983 eius
1691 1917 1806 1991 virtus,
1839 1915 1916 1981 dum
1947 1938 1965 1982 a
1993 1917 2143 1999 sepulcro
2172 1939 2235 1984 nos

245 2025 347 2087 usque
369 2005 457 2070 vitae
479 2003 590 2070 beatos
612 2025 647 2069 se
669 2003 738 2069 lore
761 2002 936 2079 confidunt,
966 2000 1023 2064 sed
1044 1999 1212 2063 immorta-
1263 2002 1392 2068 attollit.
1436 2002 1531 2067 Adde
1553 2003 1638 2086 quod
1660 2002 1772 2069 fideles
1794 2023 1929 2085 prorsus
1958 2001 2051 2067 deiiai
2081 2013 2115 2070 et
2136 2006 2236 2070 atteri

245 2089 371 2155 litatem
400 2110 526 2173 quoque
554 2092 614 2156 sibi
648 2091 777 2173 fingunt
806 2088 841 2151 in
870 2084 1001 2151 mundo.
1052 2084 1212 2149 Testimo·
1264 2089 1433 2164 convenit,
1472 2099 1508 2152 ut
1541 2110 1606 2154 non
1640 2089 1702 2154 nisi
1735 2090 1769 2152 in
1803 2089 1874 2152 Deo
1909 2088 2081 2170 respirant.
2136 2090 2235 2156 Unde

245 2176 338 2240 nium
361 2174 421 2240 hoc
449 2177 530 2240 saite
552 2174 775 2243 accommodat
796 2173 925 2250 Petrus,
955 2172 984 2234 1.
1005 2170 1094 2235 Pctr.
1117 2171 1148 2245 5,
1173 2168 1214 2233 10
1264 2178 1363 2237 etiam
1382 2172 1576 2256 colligimus,
1599 2194 1697 2240 verae
1720 2174 1913 2239 tolerantiae
1936 2173 2018 2238 nihil
2041 2194 2111 2240 esse
2127 2176 2235 2261 magis

246 2262 288 2327 ad
299 2260 497 2343 mitigandos
510 2273 637 2327 nostros
649 2260 785 2337 dolores,
806 2268 838 2323 θι
851 2256 1028 2322 sedandam
1039 2257 1212 2339 impatien·
1263 2259 1450 2337 adversum,
1472 2281 1570 2342 quam
1593 2258 1807 2325 altidudiuem
1830 2258 1921 2323 illam
1942 2257 1982 2323 de
2001 2279 2064 2341 qua
2080 2262 2234 2344 garriunt

246 2349 335 2422 tiam,
365 2348 488 2428 quotics
518 2347 677 2412 malorum
705 2345 872 2428 protervia
900 2354 1124 2409 transversum
1153 2363 1212 2406 nos
1264 2344 1384 2410 Stoici:
1424 2345 1501 2426 quia
1534 2367 1600 2411 non
1631 2346 1723 2428 prius
1756 2366 1832 2410 rara
1865 2344 2030 2409 humiliati
2049 2366 2234 2426 censemur,

245 2433 399 2514 impellit:
432 2432 507 2515 quia
542 2433 583 2498 ad
616 2431 872 2497 moderationem
905 2427 1100 2493 servandam
1129 2427 1212 2492 nibil
1263 2452 1361 2513 quam
1381 2430 1458 2494 dum
1477 2431 1582 2497 oordis
1600 2431 1732 2497 afflictio
1750 2449 1858 2497 coram
1875 2430 1949 2495 Dco
1966 2451 2026 2496 nos
2042 2434 2233 2514 prosternit,

245 2518 358 2583 utilius
387 2532 434 2583 est
464 2539 561 2600 quam
585 2517 725 2602 pendere
753 2518 792 2580 ab
821 2514 945 2579 auxilio
967 2513 1040 2593 Dei,
1065 2524 1098 2577 et
1127 2512 1212 2577 bona
1264 2526 1300 2580 ut
1321 2517 1465 2582 iacentes
1487 2517 1602 2600 erigat.
1642 2516 1747 2582 Plena
1768 2516 1982 2583 suavissimae
2004 2516 2235 2584 consolationis

245 2604 445 2670 conscientia
467 2606 566 2668 fretos
589 2609 617 2667 ai
640 2603 766 2667 deferre
784 2600 949 2666 iudicium.
973 2597 1011 2663 Si
1033 2599 1109 2682 quis
1130 2599 1210 2664 obii·
1263 2601 1421 2679 doctrina,
1450 2603 1558 2667 Deum
1580 2624 1621 2668 ne
1643 2612 1722 2667 tuuc
1743 2601 1874 2685 quidem
1897 2623 1918 2666 a
1939 2601 2034 2668 nobie
2056 2601 2234 2684 discedere,

245 2690 318 2767 ciat,
342 2691 436 2772 longe
459 2690 546 2753 aliud
565 2689 705 2772 experiri
729 2688 837 2761 bonos,
861 2685 916 2766 qui
934 2685 989 2749 diu
1006 2684 1212 2766 multumque
1263 2708 1363 2769 quum
1402 2687 1562 2753 malcrum
1604 2689 1772 2773 congeries
1804 2706 1871 2751 non
1904 2689 1996 2770 quasi
2029 2690 2235 2756 exanimatos

246 2776 355 2839 vexati
390 2774 475 2838 nibil
506 2775 638 2838 tandem
669 2772 784 2838 auxilii
812 2771 978 2836 sentiunt:
1022 2768 1210 2852 respondeo,
1262 2771 1381 2836 obruit.

245 2859 355 2924 Deum
389 2880 493 2942 neque
526 2858 643 2942 palam,
677 2879 780 2940 neque
813 2877 940 2940 semper
971 2855 1081 2921 eodem
1116 2855 1211 2920 modo
1348 2857 1400 2922 20.
1423 2856 1544 2943 (Multa
1565 2859 1652 2924 mala
1673 2856 1775 2943 iusti.)
1818 2858 1996 2924 Praevenit
2017 2859 2235 2943 cogitationes

246 2943 339 3010 bonis
366 2965 564 3025 succurrere,
594 2945 649 3010 sed
680 2953 791 3010 tamen
820 2944 866 3006 ita
895 2954 1076 3025 temperare
1099 2962 1211 3007 eorum
1263 2964 1347 3026 quae
1377 2943 1615 3027 utplurimum
1637 2945 1804 3009 mentibus
1833 2944 1953 3009 nostris
1975 2944 2148 3027 obrepunt,
2179 2948 2235 3028 qui

246 3030 392 3096 miserias
414 3041 452 3095 ut
474 3052 528 3097 eos
551 3053 616 3095 non
639 3031 776 3096 deserat.
816 3027 910 3093 Adde
932 3026 1015 3111 quod
1038 3027 1137 3092 etiam
1158 3048 1212 3109 cp·
1263 3029 1336 3095 fieri
1357 3030 1461 3113 possit
1483 3043 1519 3094 ut
1542 3029 1619 3095 insti
1641 3050 1740 3097 curae
1762 3030 1829 3095 sint
1850 3030 1933 3108 Deo,
1955 3031 2011 3112 qui
2032 3030 2164 3096 assidue
2189 3042 2236 3097 tot

247 3119 318 3181 timi
339 3115 403 3181 Dei
433 3116 593 3200 praesidio
622 3138 656 3183 se
686 3114 890 3197 defraudant,
918 3113 994 3196 quia
1015 3112 1074 3178 rix
1102 3126 1211 3179 conte·
1264 3114 1413 3181 adversis
1442 3114 1592 3181 fiuctibus
1622 3117 1794 3182 iactantur.
1848 3115 2015 3195 Quorsum
2046 3116 2136 3181 enim
2169 3116 2235 3183 Dei

246 3205 349 3271 simus
378 3203 513 3284 quisque
542 3203 763 3268 innocentiam
792 3199 872 3267 adeo
901 3221 982 3284 pure
1012 3198 1099 3277 colit,
1133 3198 1211 3282 quin
1263 3201 1430 3285 protectio,
1458 3201 1522 3266 nisi
1551 3209 1590 3265 ut
1619 3201 1745 3284 placido
1775 3202 1840 3267 otio
1862 3203 2014 3267 fruantur
2042 3202 2097 3284 qui
2130 3202 2234 3270 vitam

246 3310 306 3356 sua
327 3288 423 3371 culpa
444 3288 567 3371 aliquid
597 3288 673 3353 mali
703 3288 764 3351 sibi
793 3298 945 3353 accersat.
989 3284 1081 3350 Daue
1103 3296 1212 3351 autam
1265 3288 1408 3372 quietam
1431 3285 1556 3372 agunt?
1580 3288 1712 3370 etquid
1735 3287 1839 3371 magis
1861 3285 2036 3352 absurdum
2060 3307 2157 3370 quam
2183 3302 2235 3353 tu-

247 3374 404 3440 simulac
435 3372 516 3457 lapsi
550 3386 642 3449 sunt,
676 3395 716 3437 ue
749 3381 881 3456 peccata
902 3371 944 3452 ¹in
977 3371 1056 3453 ipsis
1088 3370 1213 3437 radices
1265 3374 1428 3439 multuoee
1460 3373 1574 3438 vexari
1608 3375 1664 3456 qui
1695 3372 1818 3439 nemini
1847 3372 2013 3439 lacessunt
2040 3373 2234 3456 negotium?

247 3469 358 3544 agant,
380 3460 489 3523 statim
513 3481 568 3525 eos
587 3459 736 3542 castigat,
765 3468 799 3522 θι
827 3456 956 3540 quidem
980 3456 1094 3522 durius
1116 3477 1213 3540 quam
1264 3459 1355 3543 Ergo
1387 3479 1429 3524 ne
1462 3457 1560 3524 fidem
1593 3456 1817 3541 providentiae
1845 3458 1909 3522 Dei
1939 3456 2032 3524 nobie
2063 3459 2237 3524 excutiant

246 3543 408 3629 reprobos,
442 3544 558 3626 quibus
591 3544 738 3628 indulget
771 3545 806 3608 in
835 3543 984 3607 exitium.
1033 3542 1079 3607 Et
1105 3554 1214 3607 umen
1265 3544 1474 3626 tentationes,
1497 3544 1616 3626 quibus
1637 3543 1767 3610 assidua
1789 3543 1996 3626 impetimur:
2018 3540 2161 3609 tenenda
2183 3555 2237 3610 est

247 3643 414 3713 utcunque
436 3651 489 3696 res
511 3631 545 3695 in
568 3629 689 3695 mundo
712 3629 886 3712 permistae
907 3628 975 3692 sint
996 3647 1033 3692 aa
1050 3627 1213 3704 confusae,
1265 3629 1346 3696 haec
1378 3628 1574 3709 admonitio,
1614 3628 1765 3712 quamvis
1804 3628 1908 3695 iustos
1940 3629 2033 3695 Daue
2063 3628 2235 3712 gubernat,

247 3718 391 3785 sentient
410 3715 502 3799 probi
520 3716 669 3781 homines
687 3735 752 3779 non
771 3714 893 3778 frustra
911 3733 1005 3795 opem
1018 3711 1082 3776 Dei
1100 3722 1215 3776 eontra
1265 3715 1394 3798 illisque
1416 3713 1599 3796 prospiciat,
1622 3713 1783 3779 subiectos
1801 3722 1910 3780 tamen
1931 3725 1965 3780 et
1984 3713 2139 3780 obnoxios
2162 3736 2237 3781 asse

247 3805 313 3870 viru
337 3811 369 3867 et
391 3803 526 3868 iniurias
547 3801 608 3867 sibi
630 3822 700 3867 esse
722 3801 925 3883 promissam.
1266 3800 1379 3865 multis
1411 3800 1570 3864 miseriis:
1610 3808 1647 3863 ut
1682 3798 1811 3882 probati
1844 3799 1966 3866 talibus
1998 3800 2237 3884 experimentis

333 3887 384 3952 18.
406 3885 669 4037 parmomo.)
718 3885 893 3971 Significat
919 3885 1044 3967 quoties
1072 3882 1215 3948 clamant
1264 3885 1428 3968 specimen
1456 3883 1555 3950 edant
1583 3885 1725 3951 invictae
1755 3906 1833 3951 suae
1862 3885 2080 3964 constantiae,
2108 3884 2238 3951 Deum·

247 3973 363 4040 audiri.
437 3983 468 4040 st
497 3974 584 4039 enim
607 3974 761 4040 continua
783 3970 940 4048 doctrina,
969 3969 1134 4052 quianon
1163 3991 1213 4035 re·
1265 3992 1328 4055 que
1359 3969 1567 4036 liberatorem
1600 3970 1718 4037 malias
1749 3971 1903 4037 sentiant.
1957 3970 2043 4037 Nam
2077 3971 2104 4036 ei
2136 3970 2238 4037 liberi

247 4061 311 4125 fert
332 4058 410 4141 quid
440 4061 538 4124 semel
570 4070 626 4123 aut
655 4060 776 4123 iterum
797 4058 918 4122 laetum
941 4056 986 4122 sit
1004 4077 1024 4120 a
1045 4054 1127 4131 Deo,
1156 4052 1213 4121 sed
1264 4066 1374 4123 essent
1397 4077 1434 4122 ac
1459 4057 1553 4121 vacui
1574 4057 1663 4121 omni
1692 4055 1849 4135 molestia,
1879 4067 2024 4141 torperet
2043 4056 2135 4140 fidas,
2163 4078 2236 4124 oes-

248 4143 323 4228 quid
348 4155 504 4225 perpetuo
525 4146 632 4209 lacere
661 4144 772 4209 soleat.
817 4143 878 4207 Est
905 4152 1015 4206 autem
1043 4141 1213 4223 proximae
1264 4151 1353 4209 earet
1384 4141 1449 4207 Dei
1481 4141 1663 4220 invocatio,
1695 4143 1860 4226 incognita
1893 4151 1926 4207 οι
1958 4141 2085 4227 sepulta
2115 4142 2238 4209 lateret

247 4229 428 4295 sentcntiae
457 4230 671 4306 confirmatio,
703 4228 759 4293 ubi
789 4226 916 4292 dixerat
944 4247 1040 4291 aures
1062 4225 1126 4292 Dei
1155 4247 1212 4309 pa·
1264 4249 1375 4294 eorum
1397 4227 1511 4311 pietas.
1556 4225 1645 4311 Ergo
1664 4227 1764 4294 variis
1786 4227 1989 4294 documentis
2011 4248 2066 4293 eoa
2087 4229 2237 4294 exerceri

247 4328 316 4381 tere
338 4312 379 4378 ad
402 4314 574 4378 clamorem
603 4315 777 4380 iustorum:
807 4335 844 4378 ac
875 4334 961 4378 nunc
994 4313 1112 4379 effectu
1141 4312 1211 4395 ipso
1263 4314 1344 4380 utile
1366 4323 1425 4391 aet,
1449 4332 1486 4378 aa
1507 4313 1680 4396 praecipue
1702 4313 1844 4379 inbono
1865 4315 1974 4390 finem,
1996 4324 2237 4397 utagnoeoant

248 4402 451 4467 demonstrat
481 4401 589 4464 Deum
621 4400 756 4464 surdum
789 4419 854 4463 non
890 4420 969 4473 esse,
998 4399 1054 4464 ubi
1085 4410 1213 4463 nostrae
1263 4400 1351 4465 inter
1380 4406 1501 4463 mortes
1527 4398 1720 4463 innumeras
1752 4420 1787 4464 sa
1816 4399 2009 4466 mirabiliter
2041 4419 2061 4463 a
2089 4398 2235 4465 Domino

246 4485 464 4571 querimonias
475 4497 507 4549 et
518 4486 659 4569 gemitus
671 4485 710 4548 ad
729 4505 803 4549 aum
824 4485 1008 4550 deferimus.
1038 4484 1213 4549 Caeterum
1264 4485 1398 4551 servari.
1442 4482 1632 4548 Fortuitum
1662 4484 1750 4549 enim
1782 4484 1884 4550 videri
1913 4493 2022 4567 poseat
2049 4484 2134 4567 quod
2157 4505 2236 4550 raro

247 4571 419 4640 Clamandi
458 4570 557 4635 verbo
597 4569 757 4649 admonet,
796 4571 944 4651 quamvis
982 4568 1073 4635 Deus
1112 4569 1213 4634 iustos
1264 4571 1485 4653 contingeret:
1520 4569 1575 4635 ubi
1608 4578 1717 4634 autem
1752 4570 1842 4635 nullo
1875 4572 1941 4636 fine
1974 4583 2007 4636 et
2039 4568 2135 4636 modo
2166 4570 2236 4636 alia

247 4668 388 4735 tueatur,
413 4678 477 4720 non
500 4667 609 4721 tamen
629 4676 698 4719 esse
721 4676 740 4717 a
762 4656 859 4720 rebus
877 4655 1023 4720 adversis
1040 4655 1213 4733 immunes,
1264 4667 1360 4739 atque
1391 4653 1455 4719 alia
1487 4655 1574 4720 mala
1613 4666 1801 4733 recurrunt,
1841 4656 1868 4721 si
1900 4656 2063 4721 Dominus
2102 4676 2236 4739 semper

246 4747 381 4809 mirifice
400 4743 488 4807 enim
505 4754 666 4823 temporat
683 4762 776 4804 suum
795 4741 830 4803 in
848 4740 912 4805 illis
934 4739 1102 4804 servandis
1120 4762 1212 4823 prae·
1263 4762 1397 4807 manum
1421 4740 1575 4824 porrigat,
1603 4761 1670 4805 non
1699 4743 1764 4806 iam
1788 4741 1926 4807 obscura
1947 4752 1997 4807 est
2021 4741 2092 4806 eius
2113 4743 2234 4825 gratia.

246 4830 374 4906 sidium,
403 4838 439 4893 ut
467 4827 579 4892 multis
608 4825 839 4890 certaminibus
869 4847 923 4890 eos
947 4834 1104 4890 exerceat.
1148 4827 1213 4890 Hic
1263 4825 1374 4892 David
1403 4846 1481 4909 ergo
1509 4826 1665 4908 quidquid
1695 4827 1857 4891 malorum
1886 4825 2089 4911 impendeat,
2119 4825 2236 4893 fideles

246 4916 345 4980 etiam
374 4936 439 4978 non
462 4913 545 4979 levis
566 4912 606 4977 ad
630 4910 826 4994 precandum
849 4910 1001 4976 stimulus
1029 4911 1121 4976 nobis
1143 4932 1214 4975 ease
1263 4912 1383 4976 animis
1405 4920 1535 4992 paratos
1558 4933 1630 4978 assa
1652 4912 1751 4992 iubet,
1773 4915 1849 4995 quia
1871 4933 2039 4996 nunquam
2062 4932 2118 4977 eos
2139 4911 2236 4979 Deus

246 5000 351 5074 debat,
370 5001 454 5083 quod
472 4998 620 5065 liberatio
633 5018 697 5062 non
712 4997 913 5079 promittitur
925 4997 988 5061 nisi
1000 4994 1108 5061 Deum
1120 4996 1213 5061 iuvo-
1262 4995 1490 5080 frustrabitur,
1530 5000 1581 5062 cui
1619 5019 1686 5063 non
1719 4998 1824 5082 magis
1857 4998 1996 5063 arduum
2029 5006 2080 5063 aet
2113 4998 2236 5065 millias

246 5087 409 5151 cautibus:
431 5107 534 5169 neque
559 5088 645 5150 enim
669 5082 905 5166 providentiam
926 5103 1019 5146 suam
1041 5082 1089 5147 ita
1106 5080 1213 5147 vulta
1263 5102 1360 5164 quam
1383 5082 1483 5147 semel
1506 5103 1526 5146 a
1547 5094 1652 5148 morte
1674 5085 1808 5165 eripere.
1854 5083 1952 5164 Quod
1972 5083 2063 5148 addit
2092 5083 2132 5150 de
2153 5087 2236 5151 oasi-

245 5171 308 5252 piis
321 5171 473 5252 reputari,
493 5182 530 5237 ut
546 5171 639 5236 otiosi
659 5179 826 5253 torpeant:
845 5168 902 5233 sed
924 5168 1029 5250 potius
1050 5178 1086 5231 ut
1096 5167 1211 5232 salutis
1262 5167 1320 5232 but
1342 5189 1407 5232 non
1435 5189 1551 5250 parum
1581 5168 1622 5233 ad
1645 5169 1927 5251 amplificationem
1958 5170 2063 5235 valet:
2092 5181 2129 5235 ut
2151 5172 2237 5236 saia·

246 5277 323 5320 suae
335 5257 500 5322 custodem
512 5278 583 5322 asse
594 5259 750 5340 persuasi,
762 5254 803 5320 ad
815 5275 888 5320 eum
903 5265 977 5318 vota
988 5273 1046 5318 aua
1058 5253 1210 5337 dirigant.
1263 5273 1348 5332 mus,
1370 5253 1459 5318 omni
1476 5276 1517 5318 ex
1535 5264 1627 5336 parta
1644 5255 1774 5321 illaesos
1792 5254 1861 5321 fore
1884 5278 1965 5338 quoe
1983 5257 2075 5322 Deus
2093 5256 2238 5324 tuendos
