4658 5856
166 272 209 337 25

166 471 360 540 statueram,
389 474 513 527 61666
545 465 672 548 longior
694 486 792 546 quam
817 466 914 530 unius
938 464 1041 529 noctis

167 594 260 638 mora
288 576 323 638 in
354 575 435 638 urbe
465 575 546 640 mihi
569 577 661 642 foret.
714 577 819 642 Paulo
840 586 915 642 ante
944 577 1041 641 huius

166 685 281 768 optimi
311 687 375 750 viri
404 696 436 749 61
466 687 557 752 Petri
586 689 692 754 Viroti
722 709 821 772 61616
850 690 1041 773 profligatus

166 805 239 863 erat
261 808 399 881 papatus
408 817 431 877 t,
447 800 504 865 sed
534 821 587 865 res
617 799 723 865 adhuc
751 801 986 883 incompositae
1008 808 1042 864 et
1117 842 1119 857 .

167 909 244 975 urbs
267 912 300 974 in
319 930 437 993 pravas
456 918 489 975 et
507 914 622 975 6611166
640 912 798 978 166116666
810 912 922 977 divisa.
946 912 1041 977 Unus

166 1025 281 1100 homo,
316 1022 372 1105 qui
403 1044 489 1088 nunc
518 1024 607 1107 turpi
641 1023 819 1089 delectione
851 1024 970 1088 iterum
1000 1025 1040 1088 ad

166 1136 312 1220 16116166
340 1134 448 1210 rediit,
481 1136 592 1200 statim
622 1135 697 1199 fecit
726 1146 763 1199 ut
791 1136 1038 1201 innotescerem.

165 1247 231 1312 Hic
260 1246 412 1311 Farcllus
434 1244 484 1331 (ut
507 1245 690 1310 incredibili
726 1247 794 1311 aelo
827 1247 1038 1330 promovendi

166 1358 325 1441 evangelii
347 1357 521 1443 flagrabat)
544 1359 656 1422 statim
687 1357 728 1423 ad
758 1380 810 1421 me
832 1358 1038 1434 retinendum

166 1468 287 1535 obnixe
310 1491 428 1535 nervos
457 1492 568 1536 omnes
595 1470 743 1534 intendit.
784 1471 830 1535 Et
852 1493 949 1553 quum
974 1471 1039 1553 pri-

167 1583 250 1648 vatis
280 1590 313 1647 61
342 1583 476 1648 occultis
505 1581 622 1647 studiis
650 1603 702 1646 me
739 1581 938 1665 intelligeret
970 1604 1039 1648 csse

166 1693 322 1771 deditum,
352 1693 409 1759 ubi
432 1714 467 1759 so
489 1693 571 1760 vidit
599 1693 743 1778 rogando
772 1693 855 1757 nihil
876 1696 1040 1777 proficere,

165 1826 270 1888 usque
299 1805 339 1869 ad
370 1806 641 1871 exsercrationem
671 1806 852 1884 descendit,
883 1816 918 1869 ut
947 1805 1039 1871 Deus

165 1920 231 1984 otio
254 1938 327 1982 mco
356 1917 575 1995 malediceret,
605 1919 633 1983 si
655 1938 708 1981 me
731 1918 1038 1983 6616116166-

165 2030 227 2095 diis
251 2031 287 2094 in
310 2039 403 2093 tanta
425 2031 618 2095 necessitate
640 2028 864 2094 subducerem.
889 2029 1039 2110 1166161-

164 2162 238 2206 rore
268 2142 438 2224 perculsus
467 2150 655 2224 susceptum
686 2144 746 2207 iter
782 2143 828 2207 116
858 2142 969 2218 omisi,
1004 2156 1040 2204 ut

164 2253 247 2319 mihi
268 2264 301 2317 61
313 2254 527 2319 verecundiae
548 2269 580 2317 ct
591 2254 777 2319 timiditatis
789 2273 880 2318 meae
892 2254 1039 2319 conscius

163 2365 314 2432 obeundo
345 2376 433 2430 certo
470 2366 598 2429 muneri
629 2365 726 2430 fidem
752 2386 858 2429 meam
887 2385 953 2428 non
983 2365 1037 2428 cb·

164 2478 371 2561 stringerem.

251 2599 321 2664 Vix
343 2609 483 2682 quatuor
512 2620 639 2663 meuses
662 2599 908 2682 praeterierant,
938 2619 1036 2679 quum

162 2735 222 2779 nos
244 2714 285 2777 ab
309 2733 375 2776 una
404 2720 496 2793 16116
521 2711 667 2795 aggressi
695 2724 772 2776 sunt
794 2712 1037 2795 anabaptistae.

163 2828 203 2891 ab
226 2825 330 2889 altera
352 2821 529 2889 6661616166
546 2823 679 2905 quidam
695 2833 853 2906 apostata,
877 2825 930 2905 qui
949 2822 1036 2887 elan-

163 2936 301 3002 destinis
333 2934 536 3018 quorundam
574 2956 743 3017 procerum
780 2936 896 3018 opibus
936 2934 1039 2999 fretus

164 3049 306 3113 multum
330 3049 452 3131 negotii
465 3048 729 3113 facessercnobis
748 3056 884 3130 1616161.
908 3047 1037 3110 Interea

163 3160 341 3225 seditiones
372 3160 576 3235 domesticae,
606 3158 799 3249 etquidem
828 3158 912 3222 61166
941 3178 1040 3241 66161

164 3275 252 3347 61166,
277 3273 413 3338 mirifico
436 3293 495 3336 nos
517 3242 689 3336 1661611161.
732 3270 814 3353 Ego,
844 3270 898 3351 qui
923 3279 1039 3334 1161616

163 3387 288 3463 timido,
320 3384 410 3449 molli
432 3396 465 3447 61
488 3383 605 3464 1661116
628 3384 736 3446 661616
760 3404 811 3446 166
834 3402 903 3445 esse
925 3382 1037 3455 fateor,

163 3500 249 3562 inter
282 3497 389 3580 prima
422 3495 610 3560 rudimenta
643 3494 702 3558 hos
742 3502 806 3555 tam
840 3494 1038 3574 impetuosos

163 3612 282 3675 fluctus
305 3610 455 3690 excipere
478 3615 607 3673 coaetus
629 3627 719 3671 sum:
749 3604 866 3688 quibus
889 3607 949 3670 etsi
972 3626 1035 3669 non

162 3720 328 3798 succubui,
352 3740 404 3784 me
417 3730 525 3784 tamen
539 3739 603 3783 non
617 3729 709 3783 tanta
723 3718 880 3783 sustinuit
902 3737 1036 3800 magna·

162 3834 308 3910 nimitas,
338 3832 417 3914 quin
448 3830 637 3896 turbulenta
667 3831 822 3894 eiectione
844 3826 918 3910 plus
941 3849 1035 3910 quam

162 3944 299 4010 decebat
321 3943 461 4008 laetatus
483 3942 555 4007 sim.

250 4066 360 4146 Atque
394 4063 455 4127 hoc
485 4062 665 4128 vocationis
697 4060 827 4126 vinculo
858 4062 983 4133 solutus
1005 4077 1038 4123 et

162 4179 247 4244 libor
270 4188 451 4243 statueram
473 4175 622 4259 11116166
644 4175 819 4256 quiescere,
844 4174 920 4237 dum
943 4194 1036 4256 prae·

163 4289 385 4357 stantissimus
408 4287 533 4354 Christi
563 4287 713 4350 minister
744 4285 907 4351 Martinus
930 4287 1036 4350 Buce-

163 4423 221 4468 rus
242 4422 295 4465 me
318 4402 436 4465 iterum
460 4399 558 4466 simili
585 4418 649 4479 qua
670 4419 750 4463 usus
769 4398 874 4462 166161
885 4399 1036 4464 Farellus

162 4514 384 4579 obsecratione
424 4513 464 4577 ad
508 4530 626 4575 novam
671 4510 843 4573 stationem
888 4511 1034 4575 retraxit.

162 4625 263 4690 Ionae
282 4626 393 4707 itaque
411 4623 560 4706 exemplo
575 4622 660 4706 quod
679 4633 890 4704 proposuerat
904 4623 1036 4687 territus

163 4737 197 4801 in
216 4736 503 4802 doeendimunere
520 4736 661 4819 perrexi.
685 4738 793 4816 Atque
804 4733 913 4811 etiam,
936 4755 1033 4816 quum

163 4868 293 4932 semper
304 4867 409 4913 essem
421 4847 486 4911 mci
501 4847 626 4925 similis,
649 4845 867 4911 celebritatem
879 4845 1034 4927 fugitans,

163 4962 273 5028 nescio
291 4982 356 5045 qno
367 4958 462 5023 modo
473 4957 514 5023 ad
527 4957 710 5040 imperiales
729 4966 911 5022 conventus
922 4964 1035 5037 raptus

163 5095 247 5153 sum,
272 5071 336 5151 ubi,
358 5071 477 5136 vellem
500 5071 631 5148 nollem,
659 5088 791 5134 neeesse
813 5069 894 5133 mihi
915 5069 977 5135 fuit
998 5068 1033 5132 in

163 5196 370 5269 conspectum
401 5182 579 5248 multorum
609 5180 749 5264 prodire.
793 5181 1033 5263 Posteaquam

2121 271 2163 335 26

1196 479 1232 524 66
1255 457 1514 541 qu'ineontinent
1536 479 1630 541 apres
1659 457 1690 522 ie
1718 479 1770 522 mc
1792 459 1917 540 retiray
1939 457 1979 523 de
2002 458 2050 523 la:
2081 460 2163 524 ioint

1196 552 1408 609 mesmement
1431 565 1492 625 quo
1511 564 1671 626 personne
1689 566 1730 608 ne
1741 556 1832 609 secut
1854 543 1887 608 la
1905 564 1967 626 que
1991 546 2054 609 i’en
2078 546 2164 611 fusse

1195 631 1373 699 l’autheur:
1396 650 1520 694 comme
1541 630 1630 694 aussi
1652 650 1711 713 par
1730 639 1800 693 tout
1818 630 1950 694 ailleurs
1973 632 2001 694 16
2025 633 2100 694 n’en
2124 653 2163 711 61

1196 719 1287 799 16161
1309 716 1370 779 1611
1393 713 1432 779 16
1454 715 1625 794 semblent,
1653 726 1686 780 et
1708 734 1812 798 61616
1835 715 1976 779 delibero
2000 715 2039 782 de
2061 720 2162 783 eonti-

1196 823 1278 867 nuer
1302 801 1341 865 de
1363 822 1485 865 mesme
1507 803 1634 884 iusqu’t
1663 823 1699 865 cc
1729 823 1791 882 que
1812 802 2003 866 finalcment
2030 805 2164 869 maistre

1197 888 1387 953 Guillaume
1400 887 1496 951 Farel
1516 909 1568 951 mc
1591 889 1710 952 retaint
1728 895 1748 952 6
1765 887 1910 966 Geneve,
1933 909 1998 952 non
2015 910 2075 973 pas
2093 900 2164 954 tant

1117 972 1119 1009 ²
1196 995 1254 1056 par
1276 974 1395 1039 eonseil
1419 986 1452 1036 61
1474 973 1689 1049 exhortation,
1720 995 1782 1054 que
1805 994 1864 1055 par
1893 995 1957 1036 une
1979 972 2163 1040 adiuration

1197 1059 1435 1142 espovantahle,
1457 1080 1581 1124 comme
1599 1059 1626 1123 si
1650 1060 1734 1123 Dieu
1758 1071 1831 1123 eust
1854 1058 2009 1123 d’enhaut
2027 1061 2163 1128 ostendo

1196 1168 1233 1210 sa
1255 1147 1342 1209 main
1366 1165 1422 1209 sur
1440 1166 1516 1228 moy
1534 1165 1617 1227 pour
1634 1148 1829 1210 m'arrester.
1853 1145 1980 1211 Pourcc
1997 1167 2060 1228 que
2082 1169 2164 1230 pour

1196 1230 1277 1296 aller
1299 1239 1318 1295 1
1341 1229 1551 1313 Strasbourg,
1580 1252 1621 1295 ou
1650 1232 1681 1295 16
1709 1231 1847 1314 1661616
1877 1231 1941 1296 1616
1962 1253 2014 1296 616
2037 1235 2162 1314 1611161,

1194 1316 1226 1382 16
1248 1318 1322 1399 1166
1352 1316 1438 1380 droit
1466 1316 1596 1382 chemin
1619 1316 1713 1381 estoit
1743 1319 1845 1380 ferme
1868 1337 1926 1398 161
1950 1318 1996 1382 166
2019 1340 2161 1401 guerres,

1194 1403 1323 1486 i'avoye
1346 1401 1487 1467 delibero
1510 1400 1550 1466 de
1572 1424 1684 1484 passer
1701 1424 1760 1484 par
1781 1403 1832 1486 yci
1857 1401 2065 1486 legerement,
2088 1426 2163 1469 sans

1195 1502 1337 1554 arrestor
1365 1489 1439 1570 plus
1462 1488 1560 1552 d’une
1588 1489 1661 1552 nuit
1691 1510 1732 1552 en
1762 1488 1793 1551 16
1816 1488 1901 1552 ville.
1946 1488 1995 1554 Or
2024 1512 2068 1554 un
2100 1510 2162 1572 peu

1196 1596 1236 1638 au
1259 1586 1418 1656 16161661
1447 1575 1479 1637 16
1502 1574 1649 1657 Ρ616616
1673 1597 1712 1638 66
1742 1574 1830 1638 61611
1858 1585 1926 1638 6616
1949 1574 2081 1639 chassec
2104 1597 2164 1658 par

1196 1660 1226 1724 le
1250 1682 1368 1743 moyen
1400 1659 1438 1723 de
1462 1681 1497 1724 co
1526 1659 1589 1723 bon
1619 1681 1820 1742 personnago
1842 1681 1903 1742 que
1929 1661 1993 1744 i’ay
2024 1672 2162 1739 nomme,

1195 1759 1228 1809 et
1240 1746 1279 1810 dc
1293 1748 1424 1810 maistre
1436 1746 1550 1810 Pierre
1564 1745 1671 1810 Viret:
1692 1748 1774 1809 mais
1796 1745 1842 1809 les
1857 1745 1970 1811 choses
1981 1751 2163 1831 n’estoycnt

1195 1833 1286 1913 point
1308 1853 1425 1896 encore
1448 1831 1592 1897 dressees
1611 1852 1652 1895 en
1675 1833 1746 1895 leur
1768 1833 1879 1906 forme,
1903 1842 1935 1894 et
1952 1855 1975 1914 y
1994 1833 2083 1897 61611
2106 1833 2162 1896 des

1195 1918 1351 1983 divisione
1373 1928 1405 1981 et
1428 1918 1567 1982 16611666
1584 1919 1771 1982 1666161666
1790 1925 1824 1981 61
1842 1917 2058 1999 dangereuses
2070 1931 2162 1982 entre

1194 2025 1279 2070 ceux
1301 2002 1341 2067 do
1362 2004 1395 2067 la
1418 2003 1503 2068 ville.
1537 2003 1733 2085 Adoncques
1755 2026 1799 2067 un
1823 2023 2036 2087 personnage,
2059 2005 2162 2087 lequel

1195 2092 1399 2152 maintenant
1421 2095 1496 2153 s'est
1520 2090 1718 2153 vilenement
1731 2089 1854 2153 revolte
1875 2100 1905 2152 61
1924 2098 2077 2154 retourne
2090 2112 2163 2155 vers

1196 2176 1242 2238 les
1269 2176 1426 2255 Papistes,
1455 2198 1506 2238 mo
1534 2175 1718 2240 deseouvrit
1747 2188 1777 2239 61
1809 2174 1866 2239 1611
1893 2177 2076 2258 cogneistre
2098 2197 2162 2240 aux

1194 2271 1312 2324 autres.
1337 2258 1405 2324 Sur
1427 2260 1605 2324 celaFarel
1624 2262 1763 2344 (comme
1785 2261 1808 2324 il
1830 2259 1968 2324 bruslcit
1986 2261 2063 2326 d’un
2083 2283 2165 2325 mer·

1194 2346 1338 2410 veilleux
1360 2345 1429 2409 zelo
1452 2345 1625 2411 d’uveneer
1649 2346 1847 2431 l’llvangile)
1872 2347 1929 2409 1611
1959 2348 2163 2412 incontinent

1196 2444 1268 2495 1666
1298 2453 1349 2496 666
1380 2432 1493 2496 efforts
1523 2453 1606 2513 pour
1630 2454 1681 2495 me
1711 2433 1842 2495 retenir.
1889 2432 2049 2512 11161166
2072 2436 2163 2497 61611

1195 2516 1337 2582 entendu
1361 2538 1423 2598 que
1446 2517 1573 2599 i'avoye
1603 2519 1758 2600 quelques
1788 2518 1917 2581 estudes
1941 2519 2162 2598 particulieres

1195 2603 1379 2685 ausquelles
1410 2605 1439 2667 ie
1468 2625 1519 2666 me
1543 2606 1680 2687 vouloye
1710 2623 1857 2667 reservor
1888 2602 1977 2675 libre,
2007 2604 2116 2685 quand
2139 2605 2161 2666 il

1195 2690 1264 2753 veit
1297 2689 1372 2771 qu'il
1409 2712 1449 2753 116
1482 2690 1630 2772 gaignoit
1658 2689 1727 2754 rien
1763 2710 1821 2770 par
1848 2689 1986 2771 priores,
2018 2690 2041 2753 il
2071 2691 2163 2754 veint

1195 2775 1324 2857 iusqu’a
1352 2797 1417 2839 uno
1448 2776 1676 2858 imprecation,
1714 2774 1791 2857 qu'il
1823 2775 1929 2857 pleust-
1957 2782 1977 2837 a
2006 2774 2091 2839 Dieu
2123 2775 2163 2840 dc

1194 2860 1342 2925 maudire
1365 2881 1442 2924 mon
1465 2882 1559 2945 repes
1582 2860 1668 2925 6116
1694 2861 1894 2941 tranquillite
1916 2860 2078 2925 d'estudes
2101 2882 2163 2943 quo

1195 2948 1224 3011 ie
1246 2945 1437 3030 cherchoye,
1467 2948 1494 3011 si
1525 2969 1564 3010 en
1589 2967 1653 3010 une
1676 2946 1703 3011 si
1726 2944 1850 3026 grande
1878 2947 2035 3011 necessita
2059 2948 2087 3010 ie
2111 2967 2163 3011 me

1194 3034 1337 3116 retiroye
1370 3042 1403 3096 61
1437 3032 1589 3113 16166616
1622 3032 1661 3096 dc
1695 3033 1820 3095 donner
1853 3050 1983 3097 secours
2016 3044 2048 3095 et
2081 3032 2161 3096 aide.

1193 3117 1317 3200 Lequcl
1336 3128 1405 3181 mot
1426 3122 1650 3198 m’espovanta
1669 3128 1701 3180 et
1719 3117 1887 3181 osbransla
1905 3117 2079 3196 tellement,
2102 3140 2163 3199 que

1195 3206 1223 3267 16
1246 3224 1298 3267 166
1321 3203 1462 3285 desiste-y
1493 3204 1536 3266 du
1560 3224 1685 3285 voyage
1713 3223 1775 3285 que
1805 3203 1935 3286 i’avoyc
1961 3204 2161 3284 entreprins:

1194 3310 1234 3354 on
1264 3297 1352 3352 sorte
1382 3288 1549 3353 toutosfois
1580 3308 1643 3371 qne
1672 3297 1804 3352 sentent
1833 3310 1887 3352 ma
1916 3286 2017 3351 honte
2048 3300 2080 3350 61
2110 3310 2163 3352 166

1194 3374 1350 3451 timidite,
1387 3377 1417 3438 16
1448 3396 1488 3439 66
1517 3374 1634 3440 166166
1663 3374 1758 3458 16161
1785 3374 1952 3459 m’obligcr
1981 3382 2002 3439 6
2031 3394 2162 3439 exercet

1194 3461 1334 3543 quelque
1355 3461 1499 3525 certaino
1522 3460 1650 3544 charge.

1258 3547 1364 3629 Apros
1376 3546 1444 3612 6616
1457 3546 1600 3630 agrand'
1613 3547 1751 3629 peinese
1766 3562 1935 3628 pascerent
1946 3555 2059 3629 quatre
2071 3545 2161 3622 mois,

1194 3652 1257 3716 que
1280 3634 1357 3697 d²un
1382 3641 1468 3697 coste
1498 3633 1545 3695 les
1575 3633 1806 3714 Anabaptistes
1836 3653 1917 3696 nous
1941 3634 2089 3697 1611116111
2111 3653 2161 3696 as·

1193 3718 1314 3795 saillir,
1344 3735 1376 3781 et
1407 3718 1445 3782 de
1475 3717 1590 3782 l'autre
1616 3740 1659 3782 un
1690 3718 1859 3783 meschant
1888 3725 2025 3800 6166161,
2056 3717 2161 3799 lequel

1194 3814 1301 3868 estant
1330 3815 1543 3869 secretoment
1571 3813 1727 3868 scustenu
1762 3814 1794 3867 61
1827 3813 1954 3887 611616
1984 3801 2026 3867 du
2058 3803 2161 3869 eredit

1193 3889 1349 3955 d’aueuns
1378 3889 1435 3954 des
1471 3888 1680 3973 principaux,
1714 3909 1796 3952 nous
1829 3890 1963 3969 pouvoit
1995 3889 2161 3970 beaucoup

1192 3975 1275 4040 faire
1299 3975 1338 4038 de
1350 3975 1517 4040 fascherie.
1542 3974 1735 4056 Cependant
1752 3975 1963 4037 surveinrent
1981 3996 2022 4037 cn
2040 3974 2072 4037 la
2085 3975 2161 4038 ville

1193 4059 1351 4125 seditione
1374 4060 1420 4124 les
1450 4081 1531 4125 unes
1553 4082 1609 4126 sur
1631 4060 1679 4123 les
1702 4067 1823 4137 autres,
1854 4059 1910 4141 qui
1932 4080 2014 4123 nous
2037 4061 2158 4142 afflige·

1194 4155 1266 4210 rent
1288 4156 1320 4211 61
1342 4155 1596 4228 proumenercnt
1618 4146 1714 4210 d'une
1729 4146 1823 4226 faqon
1838 4145 1893 4226 qui
1918 4146 2047 4210 n’estoit
2069 4150 2160 4226 point

1191 4232 1310 4299 lasehc.
1356 4232 1459 4307 Ainsi‚
1489 4231 1636 4297 combien
1666 4252 1729 4313 quo
1758 4233 1861 4295 ieme
1891 4250 2052 4314 recognoy
2075 4248 2159 4295 estre

1192 4318 1313 4396 timide,
1337 4317 1403 4381 mol
1421 4328 1454 4381 61
1470 4318 1676 4401 1116111661166
1695 4318 1734 4381 de
1752 4337 1806 4381 ma
1824 4324 1949 4392 nature,
1972 4317 1995 4380 11
2015 4336 2066 4379 me
2078 4317 2160 4380 16161

1191 4404 1359 4469 1661661616
1377 4403 1434 4468 des
1453 4403 1499 4468 les
1516 4406 1675 4487 premiere
1692 4423 1974 4467 commencemens
1996 4403 2159 4467 soustenir

1191 4512 1245 4557 666
1262 4493 1336 4555 flots
1358 4499 1430 4553 tant
1451 4490 1656 4571 impetueux:
1679 4488 1831 4570 ausquels
1853 4488 1886 4551 16
1907 4488 2051 4570 scitque
2073 4487 2102 4551 ic
2119 4509 2158 4551 ne

1191 4577 1414 4644 succumbasse
1444 4596 1510 4656 pas,
1540 4577 1568 4640 si
1597 4588 1698 4639 est-cc
1726 4595 1790 4657 que
1818 4573 1849 4637 ie
1878 4595 1919 4638 ne
1942 4594 1994 4636 me
2016 4584 2159 4656 1166161

1190 4665 1282 4748 point
1292 4661 1386 4746 garni
1406 4660 1504 4725 d’une
1516 4661 1544 4726 si
1556 4659 1680 4744 grande
1699 4683 1730 4724 m
1776 4660 1944 4737 nanimite,
1967 4680 2031 4741 que
2048 4658 2157 4741 quand

1189 4770 1249 4833 par
1267 4747 1299 4813 le
1321 4767 1440 4830 moyen
1463 4746 1503 4810 de
1524 4742 1665 4811 contains
1682 4754 1756 4811 trou
1780 4746 1826 4810 les
1849 4767 1892 4810 on
1912 4765 1964 4808 me
1981 4745 2107 4828 chasse,
2127 4744 2158 4808 ie

1189 4857 1231 4900 ne
1254 4839 1338 4899 m’en
1360 4831 1532 4897 resiouisse
1550 4831 1624 4914 plus
1646 4830 1725 4914 qu’il
1747 4852 1788 4896 no
1810 4831 1912 4896 laloit.

1275 4920 1359 4985 Lora
1382 4938 1441 5000 par
1463 4938 1499 4983 ee
1521 4939 1641 5001 moyen
1668 4925 1776 4983 estant
1797 4939 1839 4983 en
1863 4916 1978 4981 liberte
2000 4928 2033 4980 ot
2053 4917 2157 4997 quitto

1188 5007 1229 5072 de
1251 5026 1304 5070 ma
1326 5003 1485 5083 vocation,
1507 5004 1636 5088 i'avoye
1658 5003 1799 5069 delibare
1822 5001 1862 5066 de
1884 5000 1978 5067 11116
2000 5022 2156 5084 6616166

1189 5113 1266 5159 66116
1287 5087 1428 5174 prendre
1450 5110 1576 5154 aucune
1597 5089 1717 5172 charge
1739 5087 1902 5172 publique,
1923 5085 2056 5171 iusquas
2079 5093 2099 5152 1
2121 5107 2157 5152 66
2262 5102 2268 5115 ·

1189 5200 1252 5263 que
1274 5175 1458 5243 l'excellent
1487 5175 1649 5240 serviteur
1675 5177 1715 5239 de
1742 5172 1857 5238 Christ
1886 5173 2008 5239 Μ61116
2036 5172 2155 5249 Β6661,
