4658 5856
163 327 205 394 43
1016 326 1100 396 Psa
1106 326 1234 396 LMUS
1249 327 1296 394 H.
2115 324 2159 390 44

163 513 249 576 enim
269 508 454 576 doChristo
472 513 674 580 vaticinatus
695 517 794 583 fuerit
805 516 926 600 David,
947 518 1024 584 hinc
1043 527 1132 585 certo
1155 523 1159 623 f
1184 515 1308 583 Christi
1338 535 1511 597 personam
1543 537 1608 579 non
1639 515 1755 581 debere
1784 516 1948 600 restringi,
1973 514 2156 596 illaquam

163 599 273 679 liquet,
294 597 516 680 quodeciebat
533 620 672 682 regnum
691 625 785 669 snum
804 604 935 670 nonnisi
957 604 1131 670 umbratile
1155 628 1158 677 l
1183 602 1282 667 citavi
1306 601 1528 685 apostolorum
1553 604 1696 683 precatio
1719 601 1805 668 clare
1828 611 1975 667 testatur.

163 704 242 748 esse.
266 687 374 765 Atque
397 697 434 747 nt
454 683 495 747 ad
514 685 684 751 Christum
706 694 829 756 referre
851 691 1013 757 discamus
1035 682 1158 774 qnae-l
1268 688 1297 752 3.
1331 686 1619 772 (Disrumpamus.)
1670 688 1908 770 Prosopopoeia
1941 695 1991 751 est
2021 687 2055 749 in
2091 704 2156 766 qua

163 789 289 851 cunque
322 768 362 832 de
394 790 429 834 se
461 769 539 834 olim
571 772 688 838 cecinit
715 777 843 856 David,
873 777 1052 841 tenendum
1082 786 1132 841 cst
1154 762 1158 827 l
1183 774 1342 856 propheta
1365 773 1532 854 loquentes
1555 795 1630 838 suos
1653 772 1763 837 hostes
1785 772 1919 848 inducit,
1950 794 2012 855 quo
2036 770 2157 835 melius

97 907 103 921 .
161 855 358 937 principium
376 852 464 919 istud
483 855 570 938 quod
590 861 709 940 passim
732 862 767 926 in
790 862 940 927 omnibus
962 863 1130 945 prophetis
1181 859 1319 941 impium
1350 869 1384 922 et
1412 859 1608 942 sacrilegum
1637 878 1748 923 eorum
1778 859 1949 923 consilium
1973 859 2153 938 exprimat:

162 941 318 1019 occurrit,
356 940 449 1004 illum
482 961 554 1006 oum
586 947 724 1025 posteris
754 970 819 1012 non
851 958 916 1013 tam
944 970 1004 1013 sua
1032 969 1130 1014 causa
1182 943 1342 1026 nonquod
1357 945 1462 1026 palam
1476 944 1593 1008 Deose
1613 944 1749 1009 rebelles
1767 966 1837 1009 esse
1855 944 1990 1026 professi
2012 943 2155 1007 fuerint:

161 1038 307 1090 creatum
336 1025 437 1091 luisse
464 1048 574 1111 regem
603 1050 702 1111 quam
728 1044 765 1098 ut
785 1034 1000 1116 redemptoris
1020 1033 1130 1116 imago
1181 1030 1309 1114 (quovis
1339 1031 1426 1094 enim
1457 1031 1565 1111 potius
1595 1030 1700 1095 colore
1731 1031 1886 1113 tegebant
1913 1049 2006 1094 snam
2038 1037 2156 1093 contu-

162 1117 254 1177 t'oret.
290 1112 435 1177 Tametsi
456 1125 564 1178 autem
588 1114 649 1181 hoc
671 1123 800 1202 saepius
822 1119 1033 1203 repetendum
1057 1121 1129 1200 crit,
1153 1130 1156 1151 Ξ
1181 1116 1336 1194 maciem,
1366 1136 1403 1179 ac
1432 1116 1582 1180 ferociter
1610 1115 1775 1181 iactabant
1797 1115 1906 1179 Deum
1935 1135 1954 1178 a
1979 1130 2072 1196 purte
2096 1133 2155 1177 sua

160 1200 196 1261 in
214 1197 398 1280 praesentia
416 1213 524 1262 tamen
549 1199 693 1267 breviter
717 1206 869 1271 monendi
893 1215 970 1270 sunt
990 1206 1129 1271 lectores
1181 1202 1283 1287 stare)
1313 1200 1369 1266 sed
1400 1222 1500 1282 quum
1531 1201 1598 1264 illis
1627 1201 1758 1282 penitus
1787 1202 1952 1266 decretum
1983 1206 2071 1265 esset
2097 1218 2156 1280 per

161 1281 253 1369 (quia
275 1284 452 1365 temporale
474 1283 554 1348 illud
576 1308 713 1370 regnum
736 1292 828 1356 velut
850 1292 949 1356 arrha
970 1291 1129 1374 quaedam
1180 1289 1229 1352 fas
1269 1298 1325 1351 aut
1365 1288 1456 1351 nefas
1493 1286 1631 1350 deiicere
1664 1307 1704 1349 ex
1744 1287 1835 1370 regio
1875 1287 1944 1349 inre
1978 1283 2155 1368 Davidem,

160 1370 266 1434 veteri
294 1370 412 1452 populo
440 1371 500 1434 fuit
528 1375 652 1445 aeterni
681 1379 790 1461 regni,
820 1378 905 1460 quod
935 1377 1066 1442 domum
1095 1378 1128 1440 in
1181 1372 1336 1457 quidquid
1347 1393 1404 1438 ore
1415 1373 1607 1456 proferrent,
1632 1373 1712 1436 haec
1730 1381 1837 1435 tamen
1859 1392 1971 1435 eorum
1994 1372 2058 1436 luit
2076 1390 2157 1436 oon·

161 1456 286 1520 Christi
322 1475 460 1536 persona
493 1477 570 1521 vere
603 1461 783 1527 stabilitum
814 1464 891 1549 fnit)
921 1484 1002 1546 qnae
1033 1462 1073 1526 de
1095 1485 1130 1527 se
1181 1458 1328 1537 saltatio,
1360 1459 1520 1540 quomodo
1550 1468 1683 1540 possent
1711 1477 1848 1540 regnum
1880 1454 2040 1520 divinitus
2069 1455 2156 1520 ordi·

61 1615 66 1624 Ι
161 1542 352 1625 pronuntiat
380 1541 489 1606 David
527 1565 594 1607 non
622 1546 781 1613 violenter
808 1551 861 1616 vel
890 1549 1061 1632 allegorice
1088 1548 1129 1612 ad
1181 1553 1296 1607 natum
1325 1557 1480 1608 evertere.
1525 1544 1594 1609 Nec
1622 1563 1698 1608 vero
1726 1542 1807 1606 mihi
1837 1541 1971 1605 dubium
2000 1553 2053 1607 est
2075 1544 2154 1624 quin

161 1627 332 1692 Christum
363 1629 516 1708 torqueri,
545 1630 601 1693 sed
633 1653 709 1697 vere
739 1635 778 1700 de
801 1657 838 1701 eo
860 1634 1026 1719 praedicta
1050 1655 1129 1699 esse.
1181 1651 1275 1695 suum
1309 1632 1481 1712 imperium
1514 1628 1735 1710 metaphorice
1767 1628 1892 1693 araca
1923 1633 1950 1692 ct
1978 1629 2090 1711 lupum
2119 1630 2155 1692 in

161 1712 286 1778 Namsi
304 1713 397 1795 regni
420 1721 571 1778 naturam
594 1719 818 1800 expendimus,
842 1721 1018 1787 absurdum
1037 1721 1130 1796 foret,
1181 1737 1444 1798 eorumpcrsona
1458 1715 1635 1797 appellans,
1658 1714 1778 1780 fastum
1797 1734 1908 1777 eornm
1927 1712 2057 1795 oblique
2080 1735 2155 1796 per·

161 1801 281 1863 omisso
310 1797 378 1861 fine
409 1799 460 1862 vel
487 1820 590 1883 scopo,
622 1806 797 1872 subsistere
819 1811 854 1872 in
876 1808 983 1890 prima
1003 1807 1129 1870 umbra.
1182 1801 1332 1884 stringat,
1352 1800 1708 1884 namquasideservili
1729 1809 1761 1863 et
1780 1797 1932 1881 pudenda
1950 1800 2156 1864 subiectione

160 1884 225 1969 Hic
266 1883 397 1965 quidem
436 1886 626 1967 prophetico
665 1892 783 1974 spiritu
823 1891 961 1959 describi
1003 1890 1131 1958 Christi
1182 1886 1392 1968 contemptim
1404 1885 1573 1968 loquentes
1592 1885 1733 1953 inducit:
1758 1886 1851 1948 sicuti
1872 1883 2021 1949 videmus
2038 1906 2156 1949 omnes

160 1989 310 2053 regnum,
342 1971 478 2050 apostoli
508 1973 600 2036 nobis
629 1974 736 2042 idonei
759 1989 838 2044 sunt
865 1987 974 2060 testes,
1002 1978 1058 2060 qui
1080 1979 1131 2041 vi·
1182 1972 1307 2038 Christi
1326 1972 1437 2037 hostes
1460 1993 1523 2035 non
1546 1972 1654 2036 minus
1677 1969 1811 2052 indigne
1833 1970 1917 2033 ferre
1941 1970 1968 2033 ei
1991 1980 2158 2053 cogantur

161 2057 276 2119 dentes
294 2056 412 2136 impios
434 2067 548 2121 contra
571 2057 741 2128 Christum
764 2064 951 2148 conspirare
973 2063 1035 2126 hac
1057 2062 1130 2127 doc·
1182 2058 1313 2124 subesse
1341 2059 1410 2121 eius
1439 2057 1585 2140 imperio,
1614 2077 1712 2139 quam
1741 2058 1769 2119 si
1798 2066 1946 2118 extrema
1969 2054 2037 2120 illis
2060 2057 2157 2139 igno·

160 2143 295 2206 trinase
313 2140 353 2202 ad
372 2142 570 2221 precandum
594 2161 732 2226 armant,
756 2153 914 2216 Actorum
936 2149 967 2229 4,
989 2149 1040 2213 24.
1064 2147 1130 2214 Sed
1183 2146 1284 2207 minia
1307 2146 1538 2226 imponeretur.

162 2249 204 2292 ne
216 2226 335 2308 quibus
350 2227 474 2291 cavillis
493 2232 634 2296 obnoxia
652 2235 696 2298 sit
718 2236 798 2301 fides
821 2247 940 2315 nostra,
963 2257 1004 2299 ex
1027 2235 1131 2297 omni·

163 2312 224 2377 bus
255 2312 424 2393 prophetie
453 2315 560 2395 palam
592 2332 725 2398 constat,
749 2322 880 2405 proprie
902 2323 935 2384 in
959 2320 1131 2385 Christum
1267 2315 1299 2380 4.
1325 2314 1388 2395 Qui
1409 2313 1529 2378 habitat
1550 2313 1585 2377 ia
1606 2313 1700 2377 coelis
1721 2312 1873 2377 irridebit.
1904 2313 2063 2376 Dorulaus
2086 2312 2159 2378 aab·

162 2407 344 2479 competere
375 2417 457 2479 quae
487 2410 627 2467 testatus
658 2421 706 2470 est
729 2405 840 2472 David
871 2409 909 2470 de
939 2428 996 2470 suo
1018 2425 1130 2486 regno.
1183 2399 1329 2465 caseata
1351 2420 1410 2464 ece.
1442 2399 1473 2464 5.
1500 2400 1586 2463 Turro
1608 2398 1746 2479 baqaetar
1767 2399 1810 2462 aa
1831 2419 1882 2463 eos
1902 2399 1938 2462 ia
1959 2400 2013 2463 iro
2035 2419 2106 2481 sau,
2130 2404 2160 2464 er

163 2484 217 2550 Sit
239 2483 342 2566 igitur
364 2482 425 2548 hoc
447 2486 559 2567 fixum,
581 2491 767 2574 quicunque
790 2493 914 2556 Christi
938 2490 1075 2572 imperio
1098 2510 1132 2552 se
1184 2488 1219 2548 iu
1239 2487 1348 2566 farore
1370 2505 1429 2548 sao
1450 2484 1586 2548 turbabit
1608 2503 1667 2548 eos.
1713 2485 1744 2546 6.
1767 2483 1838 2566 Epo
1859 2504 1929 2549 cero
1951 2485 2033 2548 anai
2054 2505 2160 2569 reqem

163 2592 229 2634 non
258 2568 445 2651 subiiciunt,
475 2592 529 2635 cos
558 2594 633 2636 cum
655 2578 726 2640 Deo
748 2577 878 2640 bellare.
923 2575 1009 2639 Nam
1032 2594 1132 2655 quum
1183 2589 1285 2635 meam
1307 2590 1403 2649 saper
1428 2569 1505 2633 Sion
1526 2572 1655 2633 meatem
1677 2573 1818 2632 canaam
1839 2589 1950 2634 meam.

163 2654 373 2735 Deoplaceat
391 2675 452 2718 nos
470 2676 527 2736 per
549 2658 609 2720 filii
632 2661 681 2724 sui
707 2682 841 2724 manum
864 2681 987 2743 regere,
1011 2659 1133 2723 frustra

164 2742 360 2823 profitentur
390 2757 425 2800 se
452 2741 522 2803 eius
544 2743 718 2824 imperinm
742 2767 807 2809 non
831 2746 974 2809 abnuere
997 2744 1052 2826 qui
1074 2765 1132 2828 pa·
1270 2741 1450 2821 Postquam
1476 2750 1508 2802 ot
1531 2739 1712 2819 strepitum,
1735 2739 1871 2803 consilia
1904 2749 1937 2803 et
1959 2740 2161 2822 superbiam,

165 2845 237 2888 rere
255 2822 318 2904 ipsi
329 2823 463 2886 Christo
482 2839 642 2892 recusant.
668 2829 757 2895 Vera
779 2832 866 2895 enim
888 2840 939 2894 est
960 2830 1133 2906 sententia,
1186 2834 1377 2909 apparatum
1408 2836 1440 2889 et
1466 2825 1586 2906 copias,
1619 2826 1767 2906 viresque
1796 2834 1830 2887 et
1852 2836 1987 2889 cenatus
2012 2827 2161 2891 hostium

167 2908 323 2989 Quisquis
336 2926 401 2969 non
421 2909 558 2973 honorat
580 2911 694 2993 filium,
717 2936 822 2997 neque
845 2928 969 2998 patrem
994 2915 1134 2978 honorat
1186 2911 1297 2976 retulit
1319 2909 1437 2989 David,
1467 2910 1519 2974 his
1547 2910 1696 2973 omnibus
1724 2911 1859 2991 opponit
1879 2911 1943 2975 Dei
1967 2913 2162 2994 potentiam,

167 2995 222 3076 qui
245 2992 334 3055 misit
355 2990 456 3066 illum,
479 2993 595 3060 Iohan.
607 2997 637 3078 5,
660 3000 711 3065 23.
736 3004 784 3066 Ac
805 3010 915 3065 nostra
938 3020 1134 3083 magnopere
1187 3018 1284 3080 qnam
1314 2994 1380 3058 illis
1408 2996 1476 3059 sore
1507 2995 1702 3059 contrariam
1725 2995 1801 3058 inde
1823 2995 1958 3078 colligit,
1988 2998 2066 3078 qnia
2090 2998 2164 3062 eius

167 3081 320 3153 interest,
360 3076 564 3143 individuam
604 3083 688 3151 hanc
721 3087 980 3151 coniunctionem
1014 3094 1134 3162 tenere,
1187 3081 1352 3148 decretum
1375 3090 1578 3164 oppugnant.
1612 3080 1896 3160 Quemadmodum
1919 3093 2030 3145 autem
2055 3103 2164 3165 nuper

168 3163 255 3246 quod
278 3161 375 3225 sicuti
397 3162 461 3227 Dei
484 3167 638 3233 maiestas
658 3172 691 3234 in
715 3172 783 3235 tilio
806 3172 974 3254 unigenito
996 3168 1135 3249 refulsit,
1187 3189 1279 3250 reges
1292 3176 1398 3230 torrae
1418 3166 1594 3247 appellans,
1616 3166 1783 3229 infirmum
1803 3176 1835 3228 et
1853 3167 2010 3231 caducum
2034 3175 2161 3233 statum

166 3247 299 3314 nonnisi
326 3247 361 3310 in
390 3249 460 3313 eius
489 3272 627 3332 persona
655 3256 764 3321 timeri
793 3270 825 3322 et
847 3257 907 3322 coli
931 3257 1010 3322 velit
1031 3265 1133 3338 pater.
1188 3253 1338 3317 notabat:
1376 3252 1423 3316 sic
1457 3271 1545 3315 nunc
1572 3272 1703 3315 rursum
1734 3254 1840 3315 Deum
1871 3255 2047 3317 nominans
2077 3254 2164 3319 coeli

168 3336 240 3399 Iam
252 3355 292 3396 ex
311 3334 372 3396 hoo
391 3333 459 3398 loco
483 3336 604 3418 duplex
627 3342 802 3406 consolatio
825 3343 897 3407 elici
919 3351 1034 3424 potest,
1057 3361 1134 3404 nam
1187 3336 1412 3415 habitatorem,
1435 3336 1496 3402 hoc
1509 3336 1612 3420 elogio
1624 3336 1751 3401 extollit
1769 3337 1838 3401 eius
1855 3340 2057 3418 potentiam:
2082 3343 2163 3405 acsi

169 3420 296 3503 quoties
325 3419 483 3481 mnndum
514 3423 707 3488 tumultuari
738 3428 914 3509 continget,
944 3434 982 3488 ut
1011 3425 1135 3489 Christi
1186 3425 1316 3501 diceret,
1346 3422 1492 3487 illaesam
1521 3434 1554 3484 et
1583 3421 1744 3504 integram
1766 3441 1898 3486 manere
1919 3421 2079 3506 quidquid
2102 3425 2163 3492 ho·

168 3524 307 3586 regnum
336 3502 447 3566 turbet
475 3505 527 3568 vel
557 3519 717 3588 moretur,
746 3512 772 3573 si
803 3511 896 3574 nobis
926 3519 1073 3574 occurrat
1102 3511 1135 3573 in
1186 3512 1289 3574 mines
1318 3508 1503 3571 moliantur.
1548 3507 1770 3587 Quantnmvis
1803 3509 1890 3571 enim
1913 3529 1984 3573 sese
2008 3511 2162 3591 efferant,

170 3588 370 3663 memoriam,
401 3588 530 3668 impleri
559 3592 731 3671 quodiam
756 3594 1136 3675 olimpraediotumest,
1187 3614 1354 3674 nunquam
1388 3593 1576 3674 pertingent
1608 3592 1642 3653 in
1676 3591 1799 3655 coelum
1828 3614 1946 3674 usque:
1979 3596 2046 3659 imo
2079 3596 2162 3661 dum

172 3674 262 3737 nulla
275 3671 476 3735 novitasnos
494 3676 656 3754 percellet.
679 3677 883 3757 Quinetiam
907 3699 989 3759 quae
1011 3679 1138 3758 experti
1188 3677 1310 3742 coelum
1338 3690 1445 3739 terrae
1467 3679 1603 3740 miscere
1625 3676 1777 3756 cogitant,
1807 3679 1929 3743 saltant
1950 3682 2045 3761 quasi
2068 3682 2162 3747 locu·

170 3773 249 3824 sunt
279 3757 414 3839 apostoli
444 3777 520 3821 cnm
551 3763 774 3840 praesentibus
810 3764 968 3844 exemplis
990 3761 1138 3825 conferre
1190 3774 1267 3840 stae,
1300 3759 1463 3824 Dominus
1496 3763 1622 3823 interea
1651 3759 1783 3839 quietus
1817 3783 1834 3824 e
1868 3764 1998 3828 sublimi
2032 3778 2164 3849 spectat

174 3843 269 3908 valde
300 3841 456 3924 proderit.
499 3843 566 3908 Per
594 3867 629 3909 se
659 3846 788 3928 quidem
820 3847 1030 3930 tranquillum
1054 3859 1140 3909 esset
1191 3866 1327 3910 vesanos
1346 3863 1459 3908 eorum
1481 3852 1598 3907 motus.
1629 3843 1698 3906 Deo
1720 3856 1828 3909 autem
1851 3850 1954 3913 risum
1977 3851 2096 3917 tribuit
2119 3855 2163 3920 ob

172 3930 298 3996 Christi
329 3947 476 4008 regnum,
504 3928 590 3993 unde
613 3933 711 3995 etiam
734 3953 812 3998 vera
834 3954 898 4014 pax
922 3930 1044 3996 mundo
1066 3951 1139 3993 exo·
1190 3930 1270 3994 duas
1291 3948 1423 3993 causas:
1445 3928 1595 3992 Primum
1614 3938 1650 3990 ut
1667 3929 1805 3995 sciamus
1828 3954 1892 3997 non
1915 3957 1997 4017 opus
2019 3937 2068 4000 illi
2088 3961 2163 4004 esse

173 4020 275 4081 ritur:
300 4014 407 4076 eedfit
425 4013 593 4078 hominum
613 4016 692 4080 vitio
713 4025 745 4079 et
769 4017 892 4080 malitia
914 4028 951 4080 ut
973 4034 1139 4097 nunquam
1190 4015 1317 4096 magnis
1341 4010 1519 4094 praesidiis,
1549 4021 1588 4074 ut
1609 4026 1790 4093 compescat
1812 4015 1959 4085 homines
1981 4023 2083 4106 impie
2107 4035 2163 4088 tu·

173 4105 242 4169 sine
261 4099 364 4163 turbis
383 4111 538 4180 emergat.
562 4098 673 4178 Quare
696 4101 779 4164 nihil
802 4102 921 4164 mirum
944 4115 994 4164 est
1016 4099 1066 4162 vel
1089 4101 1139 4162 in·
1190 4100 1400 4175 multuantee,
1423 4098 1515 4178 qnasi
1526 4116 1578 4160 res
1596 4096 1735 4162 difficilis
1753 4111 1839 4165 esset
1857 4115 1888 4166 et
1906 4104 2079 4186 laboriosa,
2102 4111 2164 4174 aed

172 4188 304 4255 solitum
334 4183 362 4247 si
391 4183 612 4246 tumultuetur
638 4183 798 4265 mundus,
831 4185 981 4248 simulac
1002 4183 1141 4266 erigitur
1192 4184 1252 4248 hoc
1266 4180 1575 4246 ludendofacturum
1595 4181 1718 4262 quotics
1739 4183 1879 4252 libuerit.
1904 4189 2033 4256 Deinde
2056 4196 2164 4277 signi·

173 4269 449 4340 Christosolium.
474 4266 633 4347 Sequitur
650 4269 753 4331 altera
770 4269 954 4343 consolatio,
977 4267 1062 4349 quod
1085 4268 1141 4331 uhi
1192 4269 1268 4331 tioat
1297 4286 1364 4328 non
1394 4285 1519 4329 cessare
1540 4264 1648 4329 Deum
1675 4270 1829 4350 quamdiu
1859 4293 1998 4356 regnum
2021 4277 2083 4343 filii
2108 4282 2167 4345 sni

173 4381 251 4427 enas
282 4358 370 4422 vires
398 4355 432 4417 in
462 4373 565 4416 unum
589 4352 784 4416 contulerint
806 4354 908 4435 impii,
931 4353 1058 4416 etiamsi
1080 4352 1140 4413 im·
1193 4350 1314 4413 turbari
1328 4351 1457 4431 patitur,
1480 4349 1555 4430 quia
1575 4351 1626 4413 vel
1645 4351 1720 4418 alibi
1738 4357 1780 4418 sit
1797 4372 1982 4441 occupatus,
2007 4364 2061 4428 vel
2085 4386 2165 4433 suo·

175 4466 289 4513 mensa
300 4462 359 4507 sua
371 4435 582 4503 multitudine
595 4437 709 4518 opibus
720 4447 753 4499 et
764 4436 933 4518 praesidiis
944 4436 1141 4510 confisi,non
1191 4455 1322 4499 currere
1346 4454 1410 4497 non
1432 4435 1542 4515 possit,
1568 4435 1619 4498 vel
1648 4438 1706 4502 filii
1734 4441 1785 4504 sui
1813 4441 1968 4509 honorem
1992 4449 2164 4533 negligat:

175 4532 271 4598 modo
290 4525 447 4611 superbas
465 4521 686 4602 blasphemias
708 4520 914 4603 despumant,
937 4519 993 4584 sed
1016 4519 1141 4583 coelum
1192 4519 1248 4582 sed
1266 4517 1412 4581 consulto
1434 4518 1564 4580 differre
1583 4521 1756 4587 vindictam
1778 4526 1814 4589 in
1837 4539 2002 4595 maturum
2026 4543 2165 4618 tempus

175 4623 284 4703 ipsum
315 4613 435 4678 furiose
464 4609 642 4689 impetant:
671 4604 736 4668 illis
758 4615 867 4669 tamen
890 4603 1048 4667 insultare
1071 4612 1142 4666 tuto
1193 4602 1294 4666 donec
1316 4600 1445 4664 illorum
1468 4601 1609 4666 furorem
1633 4606 1769 4671 ludibrio
1791 4619 1987 4693 exposuerit.
2029 4620 2165 4686 'Panea-

176 4723 358 4790 possumus,
383 4699 443 4761 hoc
455 4712 521 4758 uno
540 4691 638 4754 verbo
657 4691 740 4767 freti,
762 4690 847 4770 quod
860 4688 968 4751 Deum
990 4688 1025 4749 in
1044 4686 1141 4752 coelis
1192 4707 1264 4751 mus
1282 4706 1370 4767 ergo,
1389 4685 1417 4748 si
1436 4705 1500 4747 non
1524 4688 1632 4752 statim
1656 4712 1786 4756 manum
1809 4717 1900 4761 suam
1921 4719 2052 4767 exserat
2064 4706 2164 4774 Dens

176 4794 349 4856 lacessunt.
393 4783 506 4863 Quare
534 4776 611 4840 dnm
640 4773 789 4840 uidemus
820 4773 961 4836 hostium
989 4771 1082 4853 copia
1110 4779 1141 4833 et
1192 4780 1305 4834 contra
1333 4769 1466 4849 impios,
1495 4790 1588 4834 suum
1618 4775 1667 4838 illi
1694 4798 1763 4842 osse
1791 4790 1919 4865 tempus
1949 4788 2097 4854 ridendi:
2129 4804 2164 4859 et

177 4875 303 4943 viribus
337 4870 506 4938 Christum
539 4880 638 4944 propo
670 4859 773 4934 obrui,
808 4856 900 4921 nobis
931 4856 966 4919 in
999 4863 1142 4918 mentem
1192 4872 1373 4935 quanquam
1405 4854 1494 4917 uobis
1521 4855 1645 4923 interea
1669 4861 1810 4927 flendum
1840 4868 1898 4952 sit,
1932 4871 2013 4938 haec
2044 4884 2163 4944 tamen

177 4964 288 5027 veniat
314 4957 437 5022 bellum
466 4953 553 5033 ipsos
576 4946 646 5010 Deo
668 4944 796 5019 inferre,
815 4941 868 5006 oni
890 4960 954 5003 non
977 4938 1141 5019 praevale·
1192 4936 1343 5019 cogitatio
1370 4934 1489 5000 doloris
1507 4943 1710 5007 acerbitatem
1734 4948 1871 5032 mitiget,
1899 4956 1965 5019 imo
1988 4961 2092 5025 etiam
2115 4965 2165 5030 la.

178 5049 269 5127 bunt,
293 5045 430 5127 ideoque
448 5038 577 5103 irritum
597 5044 630 5096 et
650 5031 748 5094 inane
770 5027 839 5092 fore
857 5022 1013 5106 quidquid
1036 5023 1142 5120 moliri
1193 5041 1321 5104 crymas
1349 5018 1522 5105 abstergat,
1552 5028 1635 5126 quod
1658 5029 1748 5095 Dens
1777 5056 1841 5098 non
1872 5039 2057 5109 dissimulat
2084 5061 2163 5115 tan.

178 5158 243 5201 non
272 5139 411 5200 cessant
455 5124 629 5188 Discamns
659 5124 828 5199 praeterea
852 5109 935 5171 hano
965 5105 1142 5169 doctrinam
1193 5124 1288 5202 qnam
1319 5103 1427 5168 lentus
1454 5108 1505 5170 vel
1529 5108 1659 5211 debilis:
1686 5116 1742 5179 sed
1765 5120 1841 5199 quia
1863 5124 1938 5188 vult
1959 5129 2000 5191 ad
2025 5141 2163 5216 tempus

178 5222 220 5289 ad
253 5227 357 5287 totum
390 5207 550 5294 evangelii
583 5221 715 5271 cursum
751 5191 934 5261 extendere.
984 5188 1068 5252 Nam
1103 5188 1142 5251 ad
1197 5197 1306 5268 quieto
1345 5197 1529 5274 contemptu
1570 5197 1710 5263 hostium
1743 5205 1957 5284 petulantiam
1991 5214 2163 5302 frangere.
