4658 5856
245 318 308 384 307
1051 312 1267 381 PSALMUS
1288 313 1423 381 XXXI.
2161 313 2224 380 308

247 526 386 588 magnos
407 513 546 587 vertere,
569 524 666 588 quam
688 503 818 568 multos.
859 501 941 569 Inde
961 503 1050 566 enim
1072 511 1212 585 augetur
1260 500 1369 583 ipsum
1409 500 1502 583 quasi
1535 501 1665 567 unicum
1705 509 1820 567 testem
1853 500 1914 565 diri
1940 500 1959 566 ‘.
2013 499 2104 566 Nihil
2138 502 2225 567 enim

246 591 434 675 indignitas,
458 590 487 655 si
505 590 672 672 primores,
694 588 749 671 qni
767 608 833 652 uon
851 588 960 653 minus
978 585 1096 654 iudicio
1113 605 1211 671 qnam
1263 585 1427 651 difficilius
1448 596 1507 665 est,
1536 588 1591 653 ubi
1621 586 1716 654 fidem
1741 597 1886 653 nostram
1930 585 2018 652 eludi
2036 585 2227 653 videmusa

246 676 421 742 autoritate
443 675 578 758 pollent,
600 696 657 740 nos
678 673 856 740 traducunt
876 682 911 739 et
927 673 1097 748 infamant,
1120 672 1211 755 quasi
1263 680 1331 737 toto
1353 671 1482 751 mundo,
1506 693 1602 754 quam
1624 692 1807 739 sermonem
1829 672 1868 737 ad
1893 672 1999 738 Deum
2020 693 2124 738 unum
2147 672 2225 737 diri·

245 762 437 828 sceleratos:
460 762 536 844 quia
558 760 642 844 apud
665 759 807 843 plebeios
824 759 929 824 instar
947 769 997 824 est
1014 756 1211 841 praeiudicii,
1262 778 1348 840 gere,
1371 766 1403 822 et
1414 757 1618 839 acquiescere
1640 760 1672 824 in
1687 757 1747 825 boc
1769 758 2226 824 conscicntiaencstraetesti·

246 847 402 931 quidquid
430 847 471 912 ab
493 846 558 911 illis
580 846 757 928 profectum
780 853 840 910 est.
883 843 1016 929 Optime
1038 862 1115 928 ergo
1137 863 1211 909 con·
1262 843 1382 920 monio,
1416 842 1503 926 quod
1535 844 1579 909 sit
1606 843 1699 909 Deus
1728 855 1848 909 noster.
1898 843 2004 927 Atque
2037 843 2116 910 haec
2147 863 2226 909 vera

246 945 343 1018 gruet
365 953 490 1010 sensus,
518 953 538 997 a
560 941 626 996 totu
655 949 826 1014 procerum
848 928 960 995 ordine
982 929 1213 995 contumeliose
1262 927 1392 993 demum
1414 928 1492 994 fidei
1513 930 1659 1012 probatio
1681 939 1739 1005 est,
1761 928 1938 1013 quamlibet
1955 928 2088 994 violenti
2106 931 2226 996 fluctus

247 1020 436 1085 damnatum
470 1019 568 1082 fuisse
600 1015 771 1091 Davidem,
812 1025 850 1079 ut
888 1035 1000 1080 eornm
1039 1013 1212 1097 splendore
1262 1014 1444 1098 insurgant,
1474 1015 1650 1096 quamlibet
1679 1015 1776 1080 etiam
1798 1014 1872 1079 duri
1898 1015 2037 1098 impetus
2062 1036 2122 1081 nos
2151 1034 2225 1082 con·

247 1124 401 1188 oppressa
434 1103 530 1167 luerit
561 1101 673 1168 afflicti
705 1101 849 1166 hominis
870 1101 1074 1166 innocentia:
1113 1119 1212 1182 quam
1262 1101 1396 1181 cutiant,
1432 1101 1549 1166 stabile
1577 1101 1638 1167 hcc
1667 1100 1862 1183 principium
1892 1101 2041 1178 retinere,
2074 1121 2135 1167 nos
2163 1100 2226 1166 sub

246 1191 442 1257 sententiam
470 1188 641 1254 confirmat
663 1186 747 1270 qnod
776 1188 928 1251 continuo
950 1196 1023 1268 post
1044 1184 1210 1268 adiungit:
1262 1185 1326 1251 Dei
1341 1206 1412 1251 esse
1434 1186 1546 1266 tutela,
1568 1196 1600 1251 et
1622 1187 1722 1252 libere
1744 1207 1817 1252 cum
1839 1185 1910 1269 ipso
1930 1185 1967 1250 in
1984 1185 2071 1251 bunc
2091 1187 2225 1253 modum

247 1275 353 1342 Pauor
384 1277 633 1356 circumquaque,
663 1273 739 1337 dum
770 1273 943 1339 ccruultout
970 1271 1075 1337 simul.
1126 1271 1209 1335 Nam
1262 1272 1362 1354 loqui:
1385 1272 1436 1336 Τιι
1460 1273 1550 1337 Deus
1572 1281 1683 1337 noster
1704 1293 1748 1337 es.

246 1382 346 1445 quum
377 1358 417 1424 de
444 1359 560 1425 iisdem
589 1359 749 1439 loquatur,
778 1358 886 1440 aptius
915 1357 949 1422 in
971 1359 1127 1440 primores
1150 1354 1212 1421 boo
1350 1356 1399 1422 15.
1440 1356 1498 1443 (Iu
1529 1377 1625 1423 mauu
1658 1354 1736 1441 tua.)
1791 1355 1865 1435 Quo
1905 1355 2046 1423 alacrius
2086 1357 2225 1422 salutem

247 1454 431 1528 competere
460 1459 585 1509 certum
613 1452 674 1523 est,
709 1464 807 1525 quam
829 1444 863 1508 in
886 1443 1059 1509 obscurum
1083 1441 1211 1526 vulgus.
1263 1462 1357 1507 suam
1390 1444 1461 1509 Dec
1499 1441 1712 1518 commendet,
1752 1442 1919 1525 praefatur
1956 1463 1991 1508 se
2024 1461 2062 1508 eo
2095 1440 2229 1508 custode

245 1532 348 1596 Porro
379 1531 538 1607 videmus,
577 1530 694 1610 impios
734 1529 781 1594 sic
814 1527 1031 1594 fraudulentis
1070 1527 1212 1594 consiliis
1263 1529 1380 1594 fretum
1413 1549 1478 1594 non
1505 1527 1678 1612 imaginari
1707 1528 1856 1593 fortuitos
1885 1537 1919 1592 et
1946 1546 2058 1594 caecos
2080 1536 2228 1606 eventus,

245 1617 332 1681 inter
363 1637 399 1681 se
432 1615 634 1697 conspirasse
668 1613 708 1679 ad
738 1613 940 1697 perdendum
968 1612 1140 1689 Davidem,
1176 1621 1212 1676 ut
1262 1634 1345 1696 quos
1376 1613 1476 1698 vulgo
1503 1622 1653 1680 metuunt
1682 1612 1840 1678 homines.
1891 1612 2034 1678 Perinde
2062 1613 2150 1677 enim
2178 1622 2229 1677 est

244 1702 337 1784 prius
376 1701 533 1765 invidiam
574 1701 604 1764 ei
644 1700 857 1765 confleverint
896 1709 1052 1782 tanquam
1085 1698 1211 1763 homini
1264 1720 1302 1766 ac
1323 1701 1349 1765 si
1380 1697 1531 1764 dixisset:
1560 1699 1710 1781 Domine,
1739 1718 1840 1781 penes
1869 1707 1902 1763 te
1930 1698 2046 1764 mortis
2074 1720 2112 1764 ac
2143 1699 2229 1763 vitae

244 1788 381 1853 scelesto
403 1797 436 1852 et
458 1785 603 1869 reprobo.
648 1783 704 1851 Sic
731 1786 828 1850 etiam
851 1786 1003 1852 convitiis
1033 1805 1108 1849 eum
1127 1784 1211 1850 lace·
1263 1804 1354 1849 meae
1387 1785 1558 1850 arbitrium
1597 1793 1648 1849 est
1680 1793 1713 1850 et
1746 1793 1903 1867 potestas:
1943 1805 2129 1867 quanquam
2162 1803 2228 1848 non

244 1893 344 1951 rasse,
376 1883 414 1938 ut
446 1871 645 1954 proterviam
679 1872 751 1937 luco
784 1872 955 1954 gravitatis
982 1878 1139 1954 tegerent,
1171 1869 1212 1932 de
1263 1878 1386 1934 temere
1415 1869 1535 1952 plurali
1557 1890 1695 1935 numero
1714 1890 1812 1936 usum
1840 1889 1912 1934 esse
1934 1870 2083 1946 arbitror,
2112 1867 2170 1934 sed
2192 1880 2230 1933 ut

245 1960 318 2024 eius
348 1957 490 2041 pernicie
518 1959 605 2021 inter
633 1976 668 2021 se
700 1956 924 2035 consultando,
954 1975 991 2022 ae
1013 1956 1041 2021 si
1063 1955 1129 2020 iam
1151 1956 1212 2018 mi·
1263 1976 1397 2021 casuum
1420 1955 1609 2020 varietatem
1632 1963 1770 2034 notaret,
1791 1974 1856 2038 qua
1876 1954 2019 2038 agitatur
2036 1956 2106 2020 vita
2124 1954 2229 2019 homi·

247 2045 336 2108 nime
369 2043 522 2109 ferendus
555 2051 649 2120 esset,
683 2041 792 2124 itaque
825 2062 891 2107 non
924 2043 1044 2106 mirum
1072 2049 1131 2120 est,
1165 2049 1212 2105 tot
1264 2061 1353 2106 num.
1383 2040 1520 2124 Frigido
1542 2042 1631 2107 enim
1653 2042 1773 2124 exponi
1802 2039 1932 2106 videtur
1960 2039 2022 2106 hoc
2043 2060 2163 2105 nomen
2187 2040 2227 2105 de

246 2149 283 2195 ac
296 2140 362 2193 tam
374 2127 498 2194 acerbis
520 2127 753 2193 tentationibus
770 2125 868 2212 (sicut
889 2147 994 2210 nuper
1012 2127 1118 2192 visum
1136 2123 1212 2211 fuit)
1264 2126 1351 2190 vitae
1369 2127 1524 2191 termino:
1547 2130 1625 2208 quia
1648 2127 1698 2192 vel
1721 2136 1850 2207 tempus
1872 2146 1968 2191 suum
1990 2126 2042 2191 vel
2060 2124 2129 2190 dies
2150 2144 2228 2190 auos

246 2213 455 2279 vulneratum
476 2213 577 2279 fuisse
598 2214 668 2277 eius
690 2213 847 2277 animum.
1263 2210 1374 2276 David
1397 2213 1432 2275 in
1454 2233 1554 2276 manu
1577 2212 1639 2276 Dei
1666 2233 1736 2278 esse
1758 2211 1946 2294 simpliciter
1967 2209 2111 2278 dixisset.
2155 2211 2229 2295 Ego

1262 2297 1373 2380 itaque
1396 2317 1461 2362 non
1483 2297 1594 2362 dubito
1612 2297 1692 2380 quin
1710 2297 1819 2362 varias
1836 2295 2053 2362 resolutiones
2070 2297 2229 2380 cogitans,

1264 2390 1375 2464 totque
1397 2383 1583 2448 discrimina
1604 2402 1687 2465 quae
1709 2381 1838 2448 assidue
1859 2380 2058 2464 impendent,
2086 2390 2134 2446 tot
2154 2381 2227 2446 ino-

1263 2467 1392 2551 pinatos
1413 2477 1552 2535 eventus
1569 2471 1624 2551 qui
1644 2467 1780 2533 subinde
1801 2466 1961 2550 accidunt,
1982 2487 2096 2534 secure
2111 2466 2228 2533 nihilo·

1264 2555 1371 2620 minus
1393 2554 1562 2619 recumbat
1582 2554 1616 2618 in
1640 2554 1703 2620 Dei
1724 2553 1978 2636 providentiam:
2007 2553 2085 2636 quia
2113 2553 2229 2618 statuit

333 2340 383 2405 14.
406 2339 474 2425 qu
494 2346 597 2406 tcmeu
613 2341 649 2406 iu
663 2345 691 2405 te
707 2342 843 2423 speravi,
867 2340 1002 2406 Ielcocc:
1023 2340 1100 2422 dici,
1122 2340 1212 2406 Deus

245 2446 332 2492 meuc
361 2446 402 2492 cc.
449 2429 497 2492 15.
521 2428 564 2491 Iu
581 2447 680 2492 mauu
699 2432 755 2491 tuc
776 2432 848 2492 suut
875 2432 1014 2509 tempora
1034 2448 1112 2504 mec,
1140 2445 1212 2490 erue

244 2532 292 2576 me
312 2533 328 2577 e
350 2532 449 2577 mauu
468 2512 603 2577 bostium
623 2532 773 2591 meorum,
795 2517 823 2575 et
844 2533 865 2576 c
881 2513 1135 2593 persequentibus
1154 2531 1211 2575 me.

245 2597 814 2748 ssgvalztsseetssnlggmffimmffl
828 2597 1212 2764 mmmmm:
1264 2660 1336 2705 eam
1379 2638 1626 2705 moderatricem
1669 2660 1739 2705 esse
1780 2639 1948 2721 utriusque
1989 2639 2149 2714 fortunae,
2194 2646 2229 2703 ut

248 2770 326 2851 quia
348 2768 488 2832 invocavi
509 2772 553 2831 te:
570 2766 735 2849 pudefiant
755 2768 858 2848 impii,
880 2765 993 2832 sam
1008 2769 1044 2831 m
1060 2768 1212 2848 sepulcro·
1264 2725 1452 2809 loquuntur.
1505 2722 1665 2789 Videmus
1703 2725 1819 2807 primo,
1860 2733 1897 2789 ut
1935 2745 1999 2789 non
2038 2723 2075 2788 in
2107 2744 2229 2807 genere

246 2851 650 3003 qqqqqqpq
670 2852 1135 3019 qq
1156 2853 1212 2918 a
1265 2808 2230 2977 tracturaeattrectaretur,et

1264 2981 1465 3065 simpliciter,
1487 2980 1543 3046 sed
1565 2980 1809 3064 quibuscunque
1830 2980 1956 3047 versari
1976 2979 2082 3045 modis
2103 2979 2231 3045 contin·

334 3067 385 3130 14.
406 3063 491 3152 (qu
512 3070 614 3130 tcmcu
634 3066 669 3130 iu
689 3070 718 3130 te
739 3063 805 3150 etc.)
847 3064 914 3129 Hic
941 3067 1077 3148 ponitur
1097 3066 1213 3148 copule
1264 3076 1330 3151 gat,
1351 3068 1437 3132 iuter
1458 3086 1573 3132 omnes
1594 3066 1833 3132 vicissitudines
1854 3068 1991 3147 positam
2008 3086 2136 3148 semper
2159 3086 2231 3131 esse

246 3165 272 3235 Ἰ,
304 3151 361 3217 sed
400 3149 627 3216 adversativae
668 3150 846 3233 particulae
886 3151 965 3217 luco.
1019 3152 1104 3216 Nam
1136 3150 1212 3218 fidei
1263 3151 1324 3218 sub
1346 3152 1408 3217 Dei
1436 3171 1554 3217 manu:
1584 3151 1662 3218 hinc
1684 3152 1901 3235 predationem
1931 3150 2069 3227 deducit,
2099 3162 2136 3214 ut
2163 3172 2232 3216 ser·

246 3258 325 3303 suae
347 3237 565 3303 constantiam
593 3236 744 3303 omnibus
761 3256 844 3318 quac
861 3237 973 3302 retulit
995 3237 1213 3303 tentationum
1264 3249 1359 3303 vetur
1381 3259 1399 3300 e
1420 3257 1520 3302 manu
1540 3236 1695 3302 hostium.

247 3322 409 3388 machinis
439 3341 605 3404 opponens
626 3321 746 3400 David,
775 3331 875 3404 negat
895 3342 930 3387 se
951 3321 1053 3388 fuisse
1074 3320 1213 3389 labefac-
1350 3323 1400 3390 16.
1418 3320 1550 3409 (Lucere
1564 3322 1618 3405 foc
1631 3344 1725 3406 super
1742 3341 1866 3388 cerum
1879 3325 1968 3386 tuum
1983 3321 2097 3403 faciem
2112 3319 2232 3407 tuam.)

247 3417 362 3482 tatum,
392 3406 450 3472 scd
473 3409 582 3488 potius
610 3408 742 3472 firmum
764 3409 892 3472 stetisse
913 3407 949 3471 in
971 3408 1076 3473 salute
1098 3431 1117 3474 a
1139 3409 1213 3473 Dec
1264 3409 1418 3476 Diximus
1440 3407 1525 3485 alibi,
1555 3415 1589 3472 et
1616 3419 1729 3490 postea
1756 3405 1939 3473 videbimus
1967 3405 2113 3489 pluribus
2135 3405 2232 3484 locis,

247 3491 423 3576 speranda:
454 3512 562 3574 neque
583 3501 694 3556 tamen
723 3491 769 3556 ita
791 3513 825 3556 ss
847 3491 946 3557 luisse
969 3495 1212 3576 magnanimum
1264 3494 1349 3561 banc
1384 3492 1537 3576 loquendi
1577 3493 1715 3559 formam
1748 3493 1879 3559 ducum
1911 3512 1981 3558 esse
2012 3511 2033 3556 a
2062 3493 2232 3557 communi

247 3577 414 3662 praedicat
435 3578 515 3659 quin
538 3598 596 3659 pro
619 3577 727 3643 carnis
744 3577 937 3662 infirmitate
954 3576 1022 3642 fere
1040 3598 1214 3663 oppressus
1264 3580 1434 3647 bominum
1462 3600 1571 3662 sensu,
1603 3579 1658 3663 qui
1689 3599 1724 3645 se
1753 3601 1773 3645 a
1795 3577 1866 3642 Dec
1887 3596 1953 3642 ncn
1975 3576 2093 3660 respici
2113 3577 2232 3643 existi·

247 3663 394 3730 iacuerit.
417 3661 508 3729 Haec
530 3664 627 3740 enim,
650 3663 799 3745 quamvis
820 3661 856 3726 in
878 3662 1019 3746 speciem
1040 3666 1215 3748 contraria,
1264 3676 1366 3745 mant,
1399 3665 1463 3731 nisi
1493 3684 1528 3728 re
1556 3663 1628 3746 ipsa
1659 3674 1692 3729 et
1720 3664 1839 3730 effectu
1870 3662 2020 3729 ostendat
2047 3682 2083 3728 se
2112 3681 2232 3745 gerere

248 3749 345 3815 simul
384 3748 538 3832 coniungi
578 3748 705 3825 debent,
745 3768 820 3814 eum
854 3747 965 3813 dolore
999 3749 1215 3828 contabuisse,
1265 3771 1376 3816 corum
1398 3769 1520 3818 curam.
1562 3749 1637 3813 Non
1659 3750 1748 3815 enim
1769 3767 1863 3816 secus
1886 3747 2001 3814 faciem
2023 3747 2093 3813 eius
2114 3747 2232 3814 obscu-

247 3837 423 3920 vigoreque
444 3835 532 3899 omni
551 3834 650 3900 fuisse
668 3834 850 3917 privatum:
871 3846 904 3899 ct
925 3845 1035 3898 tamen
1053 3832 1136 3898 bonu
1157 3855 1215 3917 spe
1265 3844 1340 3901 rant
1361 3836 1560 3912 afflictiones,
1584 3854 1622 3899 ac
1643 3835 1781 3900 nebulae
1802 3834 1879 3901 solis
1896 3832 2112 3916 splendorem.
2140 3832 2233 3897 Petit

249 3920 431 4000 suffultum,
471 3930 507 3985 ut
540 3940 560 3985 a
593 3920 656 3985 Dei
695 3920 899 3986 invocatione
938 3939 1004 3985 non
1037 3918 1214 3986 desisteret.
1265 3921 1365 4006 igitur
1382 3921 1502 4001 David,
1523 3921 1687 4002 praesenti
1705 3921 1768 3985 Dei
1789 3918 1912 3985 auxilio
1933 3918 1995 3984 sibi
2017 3917 2125 4002 palam
2146 3919 2232 3996 fieri,

249 4004 306 4071 Sic
335 4025 413 4104 ergo
438 4006 471 4070 in
495 4007 649 4072 tristitiae
671 4004 881 4088 dirorumque
902 4007 1103 4072 cruciatuum
1126 4014 1215 4072 tene·
1264 4007 1371 4090 ipsum
1401 4009 1462 4075 sibi
1490 4005 1667 4090 propitium
1696 4025 1767 4071 ease
1796 4025 1834 4072 ac
1863 4005 2044 4069 laventem:
2077 4000 2163 4086 quod
2192 4004 2232 4068 in

249 4091 316 4155 bris
337 4093 401 4156 furt
422 4090 600 4171 demersus,
622 4102 659 4156 ut
680 4091 807 4157 occulta
827 4092 885 4155 lux
907 4089 983 4155 fidei
1003 4091 1093 4156 intus
1115 4090 1216 4175 fulge·
1266 4092 1478 4159 afflictionum
1511 4090 1650 4174 caligine
1679 4111 1823 4170 cernere,
1858 4109 1923 4155 non
1952 4088 1999 4154 ita
2025 4088 2120 4154 facile
2147 4098 2232 4155 erat.

249 4185 301 4240 ret
322 4178 358 4240 in
381 4177 450 4242 eius
471 4177 585 4242 corde:
615 4179 661 4242 sic
682 4176 807 4261 gemuit
833 4175 893 4241 sub
915 4176 1040 4259 ingenti
1062 4180 1214 4242 tentatio·
1266 4176 1461 4262 Quanquam
1494 4175 1620 4241 duobus
1648 4176 1752 4241 modis
1779 4175 1895 4242 faciem
1922 4193 2015 4239 suam
2043 4193 2141 4256 snper
2168 4194 2233 4241 nos

250 4281 331 4326 num
349 4260 442 4340 mole,
465 4272 501 4325 ut
516 4263 661 4327 animum
681 4272 789 4326 tamen
807 4258 848 4324 ad
867 4259 977 4324 Deum
995 4262 1215 4328 invocandum
1266 4263 1431 4330 illustrare
1458 4261 1591 4328 dicitur:
1627 4263 1676 4327 vel
1707 4283 1808 4345 quum
1836 4259 1945 4327 oculos
1974 4261 2079 4343 aperit
2105 4258 2147 4324 ad
2175 4280 2232 4325 res

249 4345 425 4431 colligeret.
465 4347 555 4429 Ergo
577 4368 635 4429 per
656 4346 759 4412 multa
778 4344 943 4411 obstacula
970 4347 1086 4413 enixus
1108 4358 1158 4414 est
1180 4357 1217 4413 ut
1266 4360 1395 4416 nostras
1424 4348 1593 4426 curandas,
1624 4347 1677 4413 vel
1707 4369 1808 4431 quum
1837 4344 1982 4412 favorem
2009 4364 2105 4410 snum
2134 4344 2232 4411 nobis

250 4432 292 4498 ad
320 4433 405 4496 hanc
432 4431 666 4497 occasionem
696 4439 886 4514 emergeret
937 4429 1072 4496 Modum
1103 4443 1216 4516 postea
1266 4433 1417 4500 ostendit.
1461 4433 1547 4500 Sunt
1575 4433 1704 4518 quidem
1732 4434 1813 4498 haec
1841 4431 1905 4496 duo
1926 4430 2022 4497 simul
2043 4428 2232 4511 coniuncta,

249 4518 319 4602 spei
337 4536 414 4582 suae
432 4513 556 4594 definit,
575 4516 659 4598 quod
674 4516 796 4582 scilicet
812 4536 923 4582 secum
944 4517 990 4583 ita
1005 4521 1214 4600 reputaverit,
1265 4519 1330 4583 imo
1354 4520 1491 4585 alterum
1509 4540 1551 4584 ex
1573 4521 1674 4584 altero
1696 4519 1830 4602 pendet:
1853 4517 1909 4583 sed
1932 4517 1966 4581 in
1988 4516 2096 4599 priore
2112 4514 2232 4598 loquu-

250 4605 358 4669 Deum
386 4600 448 4665 sibi
471 4621 635 4684 nunquam
657 4600 774 4666 defore.
813 4600 879 4666 Sed
903 4601 1049 4685 loquutio
1071 4603 1215 4667 notanda
1265 4605 1361 4683 tione,
1380 4625 1438 4688 pro
1456 4625 1554 4671 sensu
1572 4605 1678 4671 carnis
1693 4614 1821 4670 nostrae
1833 4603 1987 4668 tribuitur
1999 4600 2069 4666 Dec
2081 4604 2232 4679 mutatio,

250 4699 316 4755 est:
347 4686 438 4765 Dici,
467 4686 556 4752 Deus
584 4705 670 4750 meuc
697 4706 730 4751 ea
759 4691 810 4750 tu:
840 4707 902 4769 quo
930 4688 1030 4753 verbo
1052 4689 1215 4771 significat
1265 4709 1348 4772 quac
1386 4691 1516 4773 proprie
1552 4691 1584 4755 in
1618 4692 1725 4755 Deum
1761 4711 1827 4754 non
1859 4687 2021 4771 competit.
2076 4683 2232 4752 Secunda

249 4776 297 4839 ita
313 4773 468 4863 statuisse
487 4773 616 4855 penitus
633 4771 669 4834 in
687 4771 796 4835 animo
815 4792 881 4849 suo,
904 4780 942 4836 ut
958 4773 1083 4837 nullam
1101 4782 1216 4839 contra
1265 4785 1373 4841 autem
1403 4774 1548 4857 loquutio
1581 4776 1744 4857 exprimit,
1776 4773 1869 4839 nobis
1896 4775 2000 4856 potius
2028 4790 2125 4853 quam
2155 4769 2231 4836 Dec

251 4857 486 4924 dubitationem
508 4856 701 4922 admitteret.
745 4855 858 4922 Donec
887 4856 975 4922 enim
997 4858 1216 4939 praevaluerit
1265 4861 1393 4927 clausos
1423 4879 1494 4925 esse
1523 4861 1574 4926 vol
1601 4861 1732 4926 hebetes
1761 4859 1883 4939 oculos,
1911 4856 2068 4943 quamdiu
2095 4854 2231 4923 videtur

251 4944 314 5009 ista
344 4944 521 5027 persuasio,
550 4952 588 5007 ut
616 4962 730 5007 sensus
759 4954 885 5007 nostros
915 4952 1058 5024 occupet,
1087 4964 1215 5026 semper
1265 4946 1412 5011 miserias
1433 4955 1562 5012 nostras
1590 4966 1657 5010 non
1684 4966 1807 5012 curare.
1854 4944 2008 5011 Servcudi
2030 4942 2129 5008 verbo
2150 4941 2231 5026 quid

251 5029 366 5094 incerti
398 5027 631 5094 vacillabimus.
682 5027 870 5092 Notandum
896 5037 1006 5092 tamen
1034 5037 1093 5107 est,
1126 5029 1215 5095 istud
1265 5033 1356 5112 prius
1389 5030 1535 5110 voluerit,
1576 5032 1726 5113 explicat,
1767 5031 1843 5112 quia
1883 5041 1992 5095 autem
2026 5026 2118 5092 nulla
2150 5037 2231 5093 tunc

251 5112 371 5180 Dicere
398 5135 461 5179 non
485 5115 580 5178 modo
607 5113 743 5179 interius
764 5132 835 5177 esse
863 5122 896 5177 et
917 5133 1081 5193 arcanum,
1110 5123 1149 5179 ut
1179 5115 1213 5178 in
1265 5115 1411 5179 exstabat
1432 5117 1547 5184 salutis
1569 5118 1661 5195 ratio,
1690 5117 1730 5181 ad
1753 5136 1826 5180 eam
1847 5115 2042 5197 sperandam
2063 5115 2232 5198 proposita

252 5199 347 5264 corde
369 5199 593 5282 potiusquam
616 5202 650 5265 in
672 5197 785 5282 lingua
802 5210 948 5264 resonet:
971 5197 1028 5264 sed
1046 5198 1088 5264 ad
1105 5199 1214 5265 Deum
1266 5199 1409 5264 bonitate
1431 5223 1466 5268 sc
1488 5205 1619 5269 animat.
