4658 5856
162 354 226 419 559
967 350 1182 418 PSALIIUS
1203 349 1332 418 LVIII.
2085 348 2148 415 560

160 546 236 607 mut
255 541 295 606 ab
315 543 401 604 utero
421 538 574 620 loquentes
592 537 793 603 mendacium.
827 538 857 604 5.
887 538 1042 605 Venenum
1060 537 1125 604 iltis
1178 537 1242 602 bile
1271 550 1322 604 555
1350 551 1446 622 55555
1478 539 1577 603 55155
1610 539 1705 615 55115,
1738 537 1794 603 sed
1825 537 1907 602 nihil
1939 535 1981 601 ad
2010 537 2146 603 DavidIs

160 627 327 694 5555551555
348 623 583 689 similitudieem
605 624 712 689 aeneai
732 625 895 708 carpetis,
924 625 1017 692 515551
1039 625 1125 705 aspi-
1178 632 1332 689 mentem.

161 711 355 778 dissertae
384 730 463 792 quae
483 707 603 774 obturat
625 729 733 775 aurem
754 730 857 777 55555.
902 711 931 775 6.
957 711 1043 792 Quae
1064 729 1127 774 555
1264 710 1292 776 3.
1316 709 1573 797 (5515555155.)
1615 709 1800 794 ,Postquam
1829 707 1868 773 de
1896 728 2006 774 crassa
2036 728 2147 772 eorum

160 799 252 864 audit
272 797 315 862 ed
335 814 434 861 vocem
454 794 644 862 immanere
664 796 761 879 mapi,
783 798 941 879 magicam
961 796 1127 861 exercentis
1178 795 1382 878 impudentia
1413 809 1610 879 conquestus
1643 804 1708 874 est,
1750 796 1815 860 iam
1854 815 1909 860 eos
1948 791 2146 876 aggreditur,

159 885 298 950 scienter.
1178 879 1263 963 quod
1295 881 1391 948 corde
1423 880 1653 946 machinentur
1685 881 1892 956 iniustitiam,
1932 894 1966 943 et
1997 880 2148 945 manibus

1179 984 1410 1049 exsequantur.
1464 966 1582 1050 Itaque
1621 967 1812 1050 particulam
1845 977 1898 1083 tq&
1931 976 2024 1029 verto
2058 963 2148 1043 Quin

246 1055 277 1118 2.
307 1052 376 1139 (Aa
402 1073 471 1118 vere
499 1051 721 1138 congregatio.)
772 1051 879 1117 David
913 1053 1128 1120 5555555555
1180 1054 1296 1134 potius,
1325 1055 1493 1136 quianon
1521 1051 1643 1136 dubito,
1674 1050 2150 1117 ubilalsasoalumniasase

161 1140 416 1223 interrogatione
458 1139 544 1204 ultro
583 1139 760 1216 lacessens,
799 1138 941 1203 ostendit
970 1151 1127 1221 quantum
1181 1136 1306 1221 depulit
1333 1138 1458 1214 David,
1491 1138 1631 1204 ulterius
1660 1159 1747 1204 nune
1776 1134 1942 1220 progredi,
1976 1146 2007 1199 et
2037 1156 2150 1200 eorum

163 1227 281 1292 555555
308 1222 445 1288 fiduciae
474 1225 508 1288 in
530 1223 616 1289 bona
637 1244 743 1290 causa.
787 1223 871 1288 Nam
894 1225 949 1290 ubi
972 1223 1128 1289 audemus
1179 1224 1318 1289 crimina
1340 1225 1483 1309 prolerre
1505 1226 1538 1289 in
1563 1224 1714 1289 medium.
1754 1220 1944 1289 Secundum
1966 1225 2151 1285 membrum

161 1311 384 1378 testimonium
417 1322 525 1392 petere
558 1331 577 1373 5
610 1323 701 1392 parte
735 1309 885 1387 adversa,
925 1310 1128 1375 ostendimus
1180 1309 1306 1375 duobus
1336 1310 1441 1376 modis
1473 1309 1559 1374 verti
1591 1323 1712 1391 potest:
1754 1307 1939 1374 Vioterttiam
1970 1307 2152 1386 appenditie

161 1396 247 1462 nihil
275 1416 345 1461 esse
375 1398 408 1459 in
438 1416 473 1460 re
503 1396 575 1480 ipsa
603 1395 832 1460 dubitationis:
866 1397 941 1478 qnia
970 1395 998 1460 51
1030 1415 1129 1460 causa
1179 1395 1325 1462 munitas
1352 1396 1475 1472 5555515,
1504 1395 1556 1461 551
1586 1415 1703 1460 55555
1731 1405 1861 1459 vestrae
1882 1392 2072 1458 violentiam
2096 1413 2153 1474 ap·

161 1483 296 1549 obscura
313 1495 407 1557 esset,
430 1480 549 1546 stultae
567 1481 782 1547 confidentiae
800 1497 886 1546 esset
903 1480 1127 1546 adversarium
1181 1482 1339 1568 pendunt.
1372 1480 1461 1563 Quia
1483 1494 1592 1546 tamen
1616 1502 1681 1545 non
1699 1491 1846 1544 mutatur
1863 1498 1988 1558 sensus,
2010 1498 2152 1559 sequan-

161 1571 261 1635 eitare
291 1577 416 1632 testem.
460 1566 569 1632 David
591 1587 669 1650 ergo
691 1566 993 1645 bonaconecientia
1015 1568 1127 1645 155555,
1181 1585 1235 1634 555
1257 1568 1395 1633 lectores
1417 1577 1529 1632 utrum
1554 1567 1673 1631 volent.
1714 1565 1810 1646 Quod
1832 1578 1942 1629 autem
1965 1563 2152 1647 appendere

161 1655 262 1720 libere
283 1651 390 1735 prodit
412 1655 445 1716 in
466 1653 619 1730 medinm,
640 1664 675 1717 et
691 1651 800 1718 futiles
815 1651 994 1717 calumnias
1010 1652 1128 1736 quibus
1181 1655 1258 1720 dicit
1288 1674 1346 1736 pro
1368 1673 1529 1728 exercere,
1560 1664 1677 1733 putant
1697 1650 1828 1734 quidam
1852 1649 1936 1716 5555
1958 1670 2030 1713 esse
2051 1662 2153 1713 meta·

161 1762 236 1806 555
263 1736 444 1822 gravabant
466 1737 551 1822 apud
574 1737 744 1820 simplices,
774 1737 905 1820 refutat,
935 1737 1032 1821 idque
1055 1759 1127 1821 pro·
1181 1742 1303 1824 phoras
1333 1739 1508 1817 rationem,
1539 1738 1624 1821 quod
1655 1739 1709 1802 isti
1740 1735 1901 1802 Davidem
1928 1738 2154 1819 opprimerent

161 1827 231 1910 prio
261 1845 372 1890 eorum
402 1823 529 1900 iudicio,
559 1844 596 1889 ao
618 1824 647 1887 si
676 1822 814 1890 diceret:
845 1823 917 1908 Ego
947 1844 1007 1889 vos
1030 1836 1128 1888 testes
1180 1825 1242 1891 sub
1264 1825 1437 1907 aequitatis
1460 1833 1642 1907 praetextu,
1666 1845 1703 1888 ac
1725 1824 1753 1888 si
1769 1820 1911 1906 perfidus
1927 1834 1961 1885 et
1975 1834 2154 1886 contumax

161 1912 265 1978 habeo
287 1931 378 1974 meae
393 1908 609 1991 innocentiae,
632 1928 693 1972 vos
708 1922 817 1973 tamen
835 1909 918 1974 fietis
937 1909 1129 1975 criminibus
1180 1913 1296 1977 luisset
1318 1910 1477 1975 adversus
1496 1930 1616 1993 regem,
1639 1920 1672 1973 et
1690 1907 1837 1993 publicae
1855 1907 1975 1989 quietis
1992 1908 2152 1971 turbator.

161 1993 307 2080 improbe
336 2015 388 2060 me
410 1995 551 2060 vexatis:
584 1993 744 2076 quomodo
773 2014 917 2059 555555
950 1993 1049 2077 pudet
1077 1995 1127 2059 in·
1180 1997 1250 2062 Nec
1278 1995 1412 2061 dubium
1441 2008 1492 2059 est
1521 1995 1713 2078 55155555
1736 1992 1943 2076 tyrannidem
1966 1991 2153 2057 secaverint

161 2083 297 2149 noxium
326 2081 372 2144 ita
395 2081 497 2163 gratis
518 2082 723 2164 opprimere?
767 2079 958 2144 Tenendum
981 2102 1057 2145 vero
1080 2090 1129 2146 est
1180 2082 1326 2148 honestis
1344 2081 1467 2147 titulis:
1489 2092 1525 2146 ut
1543 2080 1741 2164 hypocritae.
1760 2079 1889 2143 etiamsi
1907 2078 1989 2142 nihil
2011 2076 2153 2142 habeant

161 2187 317 2252 quosnam
336 2164 444 2230 David
463 2177 601 2231 accuset.
636 2164 740 2230 Vocat
757 2186 812 2230 eos
831 2168 1128 2250 congregationem,
1180 2169 1308 2244 coloris,
1331 2165 1515 2232 obtendunt
1537 2178 1646 2230 tamen
1670 2163 1951 2247 semperaliquid.
1986 2162 2054 2228 Sed
2077 2163 2152 2245 quia

161 2253 279 2318 deinde
299 2250 386 2332 filios
405 2250 573 2316 hominum.
617 2228 879 2336 1155551055
910 2263 1027 2334 putant
1060 2254 1130 2336 epi·
1181 2254 1316 2321 verbnm
1351 2252 1538 2317 hebraicum
1571 2229 1648 2337 555
1675 2250 1776 2316 155155
1809 2261 1914 2332 patet,
1948 2251 2151 2330 sumiturque

161 2340 276 2404 theton
305 2358 378 2403 esse
407 2336 559 2415 iustitiae,
589 2346 621 2400 et
650 2346 785 2401 vertunt
810 2337 948 2415 1115555,
974 2337 1129 2402 aberrant
1182 2360 1239 2422 pro
1262 2338 1403 2423 dirigere
1426 2338 1478 2403 vel
1501 2348 1623 2420 aptare,
1647 2336 1823 2418 simplicior
1846 2335 1927 2399 torte
1945 2354 2062 2399 555555
2080 2335 2150 2410 orit,

161 2423 384 2499 meoiudicio,
414 2431 564 2487 amente
587 2419 731 2488 Doridis.
775 2421 959 2498 Caeterum,
989 2421 1028 2487 de
1052 2444 1128 2488 voce
1180 2446 1235 2491 eos
1264 2425 1416 2489 ordinare
1447 2423 1497 2487 vel
1526 2423 1698 2505 disponere
1726 2442 1807 2504 quas
1836 2420 1932 2485 corde
1962 2421 2151 2502 iniquitates

161 2510 273 2593 Oongr
314 2508 433 2574 ationis
459 2529 524 2572 non
553 2508 763 2573 consentiunt
790 2508 994 2591 interpretes.
1046 2507 1128 2596 Qui·
1180 2524 1406 2592 conceperant.
1440 2509 1641 2574 Particulam
1662 2509 1695 2572 in
1718 2513 1803 2572 terra
1825 2504 2018 2571 tantundem
2044 2504 2151 2570 valere

161 2595 237 2660 dam
269 2595 379 2659 51555
412 2593 589 2677 perstringi
622 2592 811 2657 existimant
838 2593 949 2659 hostes
979 2591 1129 2672 Davidis,
1181 2605 1269 2679 puto,
1299 2618 1336 2661 55
1366 2595 1490 2677 palam:
1520 2608 1557 2659 ut
1578 2594 1631 2659 hio
1653 2593 1694 2658 de
1715 2592 1850 2656 effraeni
1880 2612 1992 2656 eorum
2020 2590 2151 2656 11555515

162 2679 248 2765 quod
280 2699 356 2745 5555
390 2678 547 2743 haberent
578 2690 759 2744 conventus
787 2679 937 2744 ineundis
967 2680 1130 2760 perversis
1181 2681 1382 2764 expostulet:
1411 2680 1572 2763 quianon
1596 2677 2150 2746 clanculumvelinobsouroan·

161 2765 320 2832 consiliis:
343 2765 427 2830 51555
449 2761 587 2845 improbi
610 2783 707 2846 saepe
725 2763 765 2827 ad
781 2784 885 2829 noxas
899 2764 1129 2847 excogitandas
1182 2767 1258 2851 gnlo
1281 2765 1470 2832 violentiam
1494 2787 1586 2830 suam
1610 2763 1815 2831 exercebant.

162 2853 268 2933 capita
296 2850 383 2914 inter
410 2869 446 2914 se
474 2848 655 2914 conterunt.
700 2849 773 2933 Ego
796 2862 905 2916 tamen
929 2850 1001 2916 51115
1023 2850 1130 2933 potins
1267 2851 1299 2916 4.
1321 2850 1477 2937 (Alienati
1499 2851 1594 2936 555555.)
1637 2851 1761 2915 Eorum
1787 2848 1945 2914 malitiam
1965 2858 2150 2932 exaggerat,

162 2935 345 3014 subscribo,
386 2935 443 3017 qni
476 2933 666 3013 5555511155,
700 2934 757 2999 sed
790 2956 847 3018 per
879 2937 1128 3013 concessionem,
1182 2935 1265 3020 qnod
1285 2959 1348 3003 non
1367 2937 1533 3020 coeperint
1548 2958 1652 3018 nuper
1667 2936 1707 3001 ad
1724 2935 1920 3018 precandum
1936 2955 1971 2997 55
1987 2933 2150 3016 prolicere,

163 3022 274 3088 Saulis
302 3020 502 3086 consiliarios
530 3020 637 3084 notari
666 3031 792 3104 putant,
824 3020 879 3103 551
908 3022 943 3085 15
964 3023 1035 3087 5155
1057 3043 1129 3104 per·
1181 3022 1238 3089 sed
1267 3024 1334 3089 nati
1364 3023 1493 3087 5155551
1516 3023 1720 3105 pravitatem.
1765 3020 1897 3086 Scimus
1918 3020 2007 3084 enim
2031 3017 2150 3100 pleros·

163 3108 281 3174 niciam
310 3107 439 3173 coibant
466 3107 558 3195 quasi
588 3108 694 3171 acturi
717 3106 756 3171 de
774 3106 859 3172 bono
880 3106 1018 3190 publico.
1062 3106 1131 3170 Alii
1182 3130 1245 3191 que
1268 3130 1333 3174 non
1356 3108 1440 3173 malo
1463 3109 1581 3191 alioqui
1602 3108 1733 3193 ingenio
1751 3106 1924 3189 praeditos,
1948 3105 2000 3169 vel
2018 3103 2150 3168 levitate

162 3195 218 3277 qui
235 3194 366 3257 literam
384 3208 411 3275 2
428 3170 915 3343 555155ἔ5555555555ῡ555,
934 3191 1130 3257 5515555155
1183 3205 1217 3260 et
1238 3194 1382 3260 lrbrdrnrs
1400 3195 1522 3277 impetu
1542 3195 1654 3276 abripi,
1679 3192 1729 3258 vel
1747 3191 1912 3273 eorrumpi
1929 3190 2024 3255 55115
2043 3209 2149 3254 exem·

163 3299 295 3345 sensum
331 3276 498 3342 accedunt.
575 3276 615 3340 ed
646 3279 722 3360 quia
750 3290 972 3343 commentum
1001 3278 1083 3344 illud
1111 3300 1131 3342 a
1183 3279 1254 3363 plis,
1275 3280 1328 3345 vel
1352 3280 1460 3363 511555
1481 3280 1648 3346 occasione
1670 3300 1705 3343 so
1728 3279 1923 3360 prostituere
1945 3275 1987 3340 ad
2010 3275 2149 3339 malum:

164 3363 274 3430 verbis
302 3374 464 3427 remotum
493 3372 551 3441 est,
581 3372 725 3445 praestat
746 3365 922 3447 genuinam
945 3364 1034 3429 illam
1056 3385 1131 3428 ver·
1183 3379 1296 3432 eontra
1318 3376 1428 3430 autem
1451 3365 1641 3448 pronuntiat
1658 3362 1777 3442 David,
1799 3362 1909 3428 hostes
1930 3382 2006 3426 suos
2029 3359 2152 3425 malitia

164 3452 289 3515 sionem
330 3448 480 3513 retinere.
535 3448 672 3514 Ooetnm
712 3470 789 3534 ergo
827 3449 921 3514 illum
960 3448 1133 3533 compellat
1183 3453 1324 3516 imbutos
1354 3472 1425 3518 esse
1454 3450 1495 3515 ab
1520 3463 1629 3515 utero:
1659 3470 1697 3514 ac
1718 3449 1746 3513 si
1769 3447 1900 3527 diceret,
1929 3446 2100 3531 perfidiam
2122 3456 2151 3509 et

165 3535 290 3612 David,
324 3554 420 3616 quem
451 3532 510 3599 sub
539 3535 646 3616 specie
675 3534 814 3620 legitimi
843 3534 968 3602 consilii
998 3535 1134 3601 vocabat
1183 3537 1410 3603 crudelitatem
1432 3557 1506 3602 oum
1529 3538 1607 3618 15515
1625 3545 1719 3601 natas
1733 3554 1815 3599 esse.
1847 3533 1922 3598 Etsi
1937 3533 2026 3597 euim
2043 3532 2151 3596 vitiosi

166 3620 248 3687 Saul
277 3617 317 3684 ad
346 3620 508 3684 insontem
529 3621 791 3705 opprimendum.
835 3621 934 3687 Forte
958 3640 1034 3686 vero
1056 3640 1133 3685 con·
1183 3644 1296 3687 omnes
1319 3623 1493 3697 nascimur,
1516 3633 1549 3684 et
1570 3621 1722 3685 omnibus
1741 3619 1832 3683 Adae
1853 3619 1990 3702 posteris
2008 3617 2152 3700 ingenita

166 3707 314 3789 temptim
333 3716 427 3771 vocat
444 3703 527 3770 filios
544 3705 723 3786 hominum,
741 3705 917 3772 detrahens
934 3705 1021 3788 quod
1038 3705 1133 3769 515515
1184 3718 1234 3772 555
1253 3709 1406 3790 pravitas,
1430 3722 1465 3770 ut
1484 3705 1566 3770 nihil
1584 3707 1664 3772 recti
1681 3715 1807 3769 tentare
1822 3705 1949 3787 possint
1964 3705 2153 3786 quantisper

166 3807 262 3857 tenus
283 3799 501 3857 concesserat:
524 3790 1135 3874 5515555155155555555555555555
1184 3813 1242 3856 suo
1275 3794 1407 3876 ingenio
1440 3792 1608 3856 teruntur:
1641 3791 1763 3856 scimus
1796 3803 1904 3854 tamen
1936 3809 2057 3853 arcano
2092 3786 2153 3853 Dei

166 3898 264 3961 quam
282 3876 426 3943 iudicum
443 3886 635 3943 conventus.
665 3877 737 3942 Nisi
754 3877 859 3960 magis
877 3877 1011 3960 placeat,
1034 3895 1134 3958 quum
1184 3879 1296 3942 fraeno
1324 3877 1456 3942 retineri
1486 3876 1639 3941 maiorem
1671 3893 1805 3959 partem,
1835 3896 1931 3939 nese
1953 3875 1994 3938 ad
2018 3873 2153 3957 quodvis

166 3961 354 4047 praevalida
382 3983 483 4027 mann
512 3984 547 4027 se
576 3962 760 4047 oppugnari
788 3961 915 4027 videret
943 3961 1070 4038 David,
1102 3970 1135 4025 et
1184 3965 1345 4047 flagitium
1376 3962 1532 4044 proiiciat.
1576 3961 1667 4045 Ergo
1696 3962 1844 4044 quamvis
1871 3959 2036 4042 corruptio
2056 3960 2152 4042 origi·

167 4069 281 4113 omnes
310 4049 378 4112 lere
401 4047 490 4130 vulgi
513 4048 639 4113 animos
660 4048 694 4112 in
716 4047 807 4113 illam
829 4048 999 4113 scelestam
1022 4048 1134 4113 155515·
1185 4049 1266 4114 55115
1306 4048 1426 4132 peceati
1469 4048 1501 4110 in
1544 4057 1609 4111 toto
1644 4049 1786 4111 hnmano
1822 4067 1942 4129 genere
1978 4059 2153 4130 grassetur,

167 4154 242 4198 nem
264 4152 444 4217 propensos
466 4154 546 4212 5555,
569 4144 680 4198 tamen
698 4134 825 4199 excelso
844 4135 951 4198 animo
969 4133 1134 4217 despicere
1184 4135 1384 4217 experientia
1404 4147 1511 4196 tamen
1530 4131 1681 4209 ostendit,
1700 4131 1854 4214 quosdam
1871 4153 1942 4197 esse
1954 4129 2155 4195 verecundos

167 4218 258 4282 illam
298 4215 552 4283 multitudinem.
608 4219 771 4284 Dooemur
810 4231 919 4283 autem
961 4219 1023 4284 hoc
1054 4218 1134 4294 loco,
1184 4231 1218 4285 et
1232 4220 1379 4285 honestis
1389 4218 1551 4283 moribus:
1571 4218 1651 4282 alios
1664 4218 1818 4283 mediocri
1830 4229 1959 4282 tantum
1971 4215 2155 4297 corruptela

167 4304 315 4389 quamvis
333 4322 352 4365 a
370 4310 438 4367 toto
457 4301 577 4369 mundo
594 4305 795 4387 impetantur
812 4306 898 4369 servi
917 4303 990 4384 Dei,
1008 4303 1134 4368 nullum
1185 4307 1345 4371 imbutos:
1368 4304 1448 4370 alios
1471 4324 1548 4368 vero
1570 4315 1706 4369 naturae
1728 4303 1808 4368 adeo
1831 4322 2012 4385 perversae,
2035 4314 2073 4366 ut
2090 4301 2156 4365 sint

169 4406 326 4456 terrorem
355 4386 421 4452 11115
441 4388 579 4466 obstare,
607 4390 702 4453 modo
723 4389 785 4454 sibi
807 4401 894 4454 recte
915 4390 1035 4456 conscii
1059 4389 1134 4467 sint,
1186 4412 1318 4473 prorsus
1333 4387 1560 4454 intolerabiles.
1585 4390 1681 4456 Η555
1696 4390 1797 4473 igitur
1809 4389 1984 4453 effraenem
1998 4387 2155 4452 malitiam

169 4496 233 4559 555
264 4473 373 4539 51555
400 4481 468 4538 555
488 4475 622 4556 regibus
644 4475 722 4557 ipsis
743 4487 776 4539 et
798 4495 909 4538 eorum
932 4474 1135 4554 consiliariis,
1185 4497 1268 4559 quae
1299 4476 1335 4540 in
1367 4474 1532 4539 communi
1565 4475 1733 4540 hominum
1763 4476 1925 4559 pravitate
1955 4472 2155 4539 detestabilis

169 4581 266 4645 quam
289 4558 402 4644 populi
424 4557 607 4642 quisquiliis
632 4560 798 4625 insultent.
843 4560 910 4627 Noe
933 4582 1009 4626 vero
1032 4560 1135 4627 disea-
1186 4576 1244 4640 est,
1269 4561 1377 4626 David
1400 4562 1434 4624 in
1457 4560 1606 4626 hostibus
1627 4562 1695 4626 suis
1718 4581 1855 4646 regnare
1877 4561 2038 4624 affirmat:
2064 4557 2156 4642 quasi

169 4667 252 4726 mus,
276 4643 413 4710 Davidis
434 4644 593 4727 exemplo,
619 4645 768 4726 quamvis
791 4656 876 4711 totus
899 4645 1041 4711 mundus
1063 4667 1135 4710 sur·
1187 4649 1316 4722 diceret,
1339 4648 1400 4711 sibi
1421 4668 1496 4712 cum
1519 4647 1678 4712 scelerum
1701 4646 1860 4729 portentis
1882 4665 1954 4710 esse
1976 4646 2155 4730 negotIum.

169 4733 231 4797 dus
260 4733 312 4806 sit,
341 4732 374 4795 in
404 4731 522 4796 bonam
550 4730 783 4796 conscientiam
813 4733 1009 4810 recumbere,
1039 4741 1136 4813 atque
1271 4730 1609 4817 5.(175555555511115.)
1645 4731 1758 4815 Pergit
1769 4732 1803 4796 in
1815 4751 1874 4795 sua
1884 4729 2155 4813 amplificatione:

168 4819 216 4883 ita
255 4837 431 4900 provocare
466 4815 507 4881 ad
539 4815 603 4881 Dei
636 4816 789 4881 55155551.
844 4818 1049 4903 Augustinus
1081 4817 1136 4899 qui
1186 4831 1219 4885 et
1240 4838 1425 4901 quanquam
1447 4816 1586 4882 saevitia
1607 4816 1765 4882 ardebant
1781 4819 1852 4882 eius
1871 4817 1988 4894 hostes,
2012 4816 2156 4881 virulen-

168 4923 319 4987 graeeam
338 4913 470 4968 tantum
492 4903 672 4968 versionem
696 4903 835 4981 tenebat,
858 4916 973 4987 argute
995 4903 1049 4969 hic
1070 4902 1136 4969 dis·
1187 4906 1265 4970 tiam
1296 4918 1406 4968 tamen
1434 4903 1539 4986 magis
1560 4902 1626 4968 illis
1648 4904 1833 4985 exprobrat,
1863 4902 1957 4967 515551
1981 4901 2056 4967 aliis
2079 4901 2157 4966 locis

170 4997 272 5072 putat,
295 4988 482 5053 hominibus
503 4997 629 5055 rectum
655 5009 725 5053 esse
750 4987 905 5054 Iudicium
923 4989 957 5054 in
976 4987 1137 5073 generali·
1187 4989 1340 5055 vidimus.
1375 4988 1460 5054 Nam
1485 4986 1569 5072 quod
1587 4988 1642 5053 alii
1659 4988 1820 5055 Furorem
1840 4998 1983 5071 vertunt,
2005 4986 2156 5071 aspidum

170 5073 232 5140 bus
262 5074 448 5158 principiis:
477 5072 534 5139 sed
556 5073 613 5139 ubi
635 5072 675 5138 ad
700 5074 897 5158 hypothesin
920 5086 1055 5141 ventum
1077 5082 1137 5151 est,
1187 5074 1391 5139 similitudini
1411 5096 1474 5140 non
1493 5074 1623 5139 videtur
1640 5095 1826 5157 congruere.
1860 5074 1974 5157 Neque
1991 5087 2157 5158 repugnat

170 5159 382 5227 hallucinari:
411 5159 488 5242 quia
508 5160 621 5227 vitiosi
642 5161 778 5227 affectus
800 5170 904 5226 rectas
926 5161 1058 5226 notitias
1080 5157 1137 5224 ob·
1187 5158 1397 5244 etymologia.
1430 5161 1511 5243 quia·
1541 5180 1661 5224 nomen
1695 5182 1714 5224 a
1747 5161 1854 5226 calore
1887 5159 2063 5227 deductum
2098 5172 2156 5224 555.

170 5259 304 5312 socrant
335 5245 387 5311 vel
415 5245 604 5329 depravant.
649 5247 721 5315 Η55
747 5246 877 5331 5515155
903 5244 993 5312 dictu
1018 5246 1137 5329 plausi·
1189 5244 1319 5313 Scimus
1349 5246 1435 5311 enim
1466 5246 1587 5311 veneni
1615 5265 1720 5330 genus
1749 5267 1819 5313 esse
1848 5244 1934 5330 quod
1956 5246 2078 5331 frigore
2099 5266 2157 5312 ano
