4658 5856
158 315 221 381 337
873 400 881 420 ⁴
949 312 1165 381 PSALMUS
1188 314 1355 381 XXXIV.
1397 416 1402 424 ι
2079 315 2141 383 338

155 504 248 569 velut
269 511 400 585 accepto
423 501 537 568 salutis
560 504 694 587 pignore
717 501 869 567 alacriter
894 524 929 568 se
952 502 992 568 ad
1015 502 1123 568 Deum
1178 501 1278 570 Suam
1302 505 1388 568 enim
1413 505 1645 587 experientiam
1676 502 1787 568 retulit
1808 502 1927 583 David,
1960 524 2041 586 qnae
2070 504 2142 569 aliis

155 591 333 657 conferent.
1179 590 1329 673 exemplo
1351 591 1462 655 futura
1484 601 1561 669 erat,
1585 599 1622 655 ut
1644 589 1685 655 ad
1707 592 1813 655 Deum
1837 589 2017 671 rogandum
2041 590 2142 655 intre·

241 675 271 740 4.
314 673 534 760 (Magnificam
567 673 737 759 fohorum.)
791 675 942 739 Alterum
981 676 1124 739 fructum
1176 674 1253 759 pide
1291 676 1489 742 accederent.
1543 677 1641 742 Nunc
1679 696 1756 759 ergo
1791 685 1947 740 venturos
1980 674 2075 754 dicit,
2109 684 2142 739 et

155 769 389 826 commemorat
410 762 590 842 gratiarnm
613 761 759 840 actionis,
785 761 860 843 quia
892 760 973 825 alios
1001 761 1124 825 seilicet
1178 760 1307 843 quidem
1321 761 1406 827 felici
1419 782 1579 827 successu.
1613 762 1788 826 Caeterum
1806 781 1991 842 quanquam
2009 762 2044 824 in
2062 761 2142 826 duo·

156 847 306 929 exemplo
338 866 396 911 sno
430 844 471 909 ad
505 845 592 910 idem
623 847 754 928 pietatis
786 845 931 912 officium
961 846 1123 928 impellet:
1176 846 1238 912 bus
1277 848 1391 930 primis
1425 847 1533 912 verbis
1573 847 1784 930 praeteritum
1821 860 1949 927 tempus
1991 846 2141 912 hebraice

155 935 221 998 imo
246 933 317 1014 pios
346 952 459 995 omncs
488 931 522 994 in
546 931 730 997 societatem
761 932 906 1008 accersit,
936 942 969 995 ot
997 932 1124 1008 invitat,
1177 935 1322 1015 ponitur:
1346 954 1411 997 non
1435 945 1544 997 tamen
1567 933 1677 997 dubito
1700 934 1778 1015 quin
1801 933 1847 996 sie
1868 931 1987 995 resolvi
2010 947 2141 997 senten·

156 1019 370 1099 hortaturque
399 1030 436 1081 ut
457 1015 566 1081 Deum
597 1038 662 1082 uno
684 1037 844 1083 consensu
874 1019 1045 1100 magnifiee
1067 1038 1123 1081 ex·
1177 1019 1224 1082 tia
1267 1019 1390 1082 debeat.
1444 1019 1509 1084 Ubi
1550 1020 1590 1082 ad
1629 1039 1702 1082 eum
1743 1016 1962 1098 adspexerint,
2004 1027 2036 1081 et
2068 1039 2140 1084 con·

156 1104 283 1169 tollant.
325 1103 441 1185 Itaque
464 1102 625 1178 docemur,
645 1105 771 1185 quoties
793 1104 967 1186 uuicuique
990 1124 1124 1167 suorum
1176 1105 1343 1183 fluxerint,
1373 1125 1437 1167 non
1459 1104 1627 1186 pudefient
1653 1124 1764 1168 eorum
1793 1102 1900 1167 facies.
1946 1104 2061 1185 Itaque
2083 1123 2142 1186 per

156 1210 250 1273 opem
270 1191 363 1254 Deus
382 1188 504 1266 tulerit,
523 1209 583 1253 nos
600 1189 729 1253 incitari
749 1191 789 1253 ad
809 1191 890 1255 bene
911 1189 1124 1270 sperandum:
1176 1191 1323 1254 futurum
1356 1200 1483 1272 tempus
1512 1190 1654 1254 reddidi:
1688 1189 1765 1271 quia
1798 1209 1864 1251 non
1894 1200 2006 1252 narrat
2035 1187 2141 1253 David

156 1288 189 1340 et
210 1275 290 1338 dum
313 1275 449 1356 quisque
472 1283 604 1357 accepta
625 1277 777 1357 privatim
801 1274 957 1339 beneficia
983 1294 1124 1340 comme·
1177 1277 1253 1357 quid
1277 1287 1402 1358 gestum
1427 1276 1537 1356 fuerit,
1560 1276 1616 1340 sed
1639 1277 1763 1359 gratiae
1786 1274 1846 1338 sibi
1871 1274 2036 1338 exhibitae
2058 1276 2141 1340 fruo-

156 1369 271 1438 morat,
304 1354 430 1443 publice
455 1379 568 1425 omnes
598 1360 695 1425 simul
724 1360 765 1425 ad
789 1363 895 1425 Deum
924 1359 1123 1425 laudandum
1176 1371 1246 1424 tum
1286 1361 1499 1426 commendat.
1555 1361 1631 1427 Scio
1670 1360 1880 1443 particulam,
1920 1360 1961 1422 ad
1994 1380 2085 1439 eum,
2123 1380 2143 1424 a

155 1446 329 1512 stimulari.
385 1445 470 1510 Nam
512 1454 545 1509 et
576 1447 611 1508 in
645 1446 732 1512 buno
763 1448 864 1511 finem
899 1446 1005 1527 palam
1038 1446 1123 1528 apud
1176 1446 1368 1528 quibusdam
1387 1448 1515 1512 =referri
1544 1447 1584 1511 ad
1615 1446 1788 1525 Davidem,
1821 1446 1896 1526 quia
1926 1455 1960 1508 et
1987 1445 2142 1510 continuo

156 1532 307 1596 homines
328 1532 451 1614 gratias
468 1529 540 1594 Deo
562 1531 700 1614 agimus,
723 1555 788 1595 non
811 1542 940 1596 tantum
964 1544 1002 1595 ut
1024 1532 1124 1614 grati·
1176 1547 1250 1615 post
1274 1531 1313 1595 de
1335 1554 1370 1596 se
1387 1534 1422 1596 in
1441 1535 1534 1596 tertia
1553 1553 1692 1614 persona
1711 1532 1865 1613 loquitur,
1888 1531 2009 1596 rectius
2032 1543 2141 1595 tamen

156 1616 280 1683 tudinis
310 1630 441 1681 nostrae
470 1617 537 1680 siut
560 1628 668 1692 testes,
704 1618 761 1682 sed
786 1628 822 1682 ut
843 1618 905 1699 ipsi
928 1638 1056 1700 quoque
1079 1639 1127 1681 se·
1177 1619 1216 1681 de
1244 1618 1314 1700 ipso
1336 1618 1408 1682 Deo
1434 1617 1490 1682 alii
1520 1621 1714 1700 interpretes
1743 1627 1918 1699 exponunt.
1963 1616 2035 1680 Nou
2065 1636 2141 1681 con·

156 1715 301 1787 quantur
323 1713 470 1766 nostrum
494 1702 689 1784 exemplum.
1177 1707 1324 1767 sentiunt
1345 1706 1442 1767 etiam
1465 1724 1578 1768 omnes
1600 1705 1634 1767 in
1653 1702 1753 1767 verbo
1774 1715 1864 1784 tm}
1886 1701 1970 1784 quod
1993 1702 2142 1765 nonnulli

242 1786 653 1873 emmerentianae.)
697 1789 853 1871 Apertius
878 1790 943 1852 iam
966 1799 998 1851 et
1019 1787 1126 1853 fusius
1177 1788 1292 1854 deduci
1322 1802 1477 1871 putantes
1506 1811 1525 1854 a
1552 1789 1661 1855 radice
1688 1802 1758 1872 722<
1787 1798 1919 1852 vertunt
1947 1787 2140 1852 Illuminari.

156 1875 300 1959 explicat
328 1874 411 1956 quod
434 1894 538 1955 nuper
559 1876 714 1959 attigerat
737 1874 776 1938 de
797 1874 933 1958 gaudio:
963 1895 1001 1938 ac
1022 1875 1126 1955 primo
1177 1874 1243 1939 Sed
1268 1876 1346 1939 mihi
1369 1875 1513 1960 genuina
1535 1875 1626 1941 verbi
1648 1875 1841 1958 significatio
1871 1874 1947 1938 huie
1973 1874 2043 1936 loco
2066 1894 2141 1938 con-

157 1982 234 2025 suas
266 1980 378 2042 preces
412 1958 539 2023 auditas
579 1961 678 2024 fuisse
717 1960 826 2024 refert.
880 1961 953 2025 Hoc
986 1960 1025 2022 ad
1055 1961 1126 2042 pios
1177 1982 1294 2044 gruere
1316 1962 1386 2026 visa
1408 1972 1465 2035 est,
1489 1982 1526 2027 ac
1549 1963 1575 2026 si
1595 1960 1746 2024 dixisset:
1770 1959 1866 2023 Nunc
1888 1959 2056 2040 speculum
2085 1980 2141 2023 ex·

157 2066 270 2111 omues
293 2044 522 2121 accommodat,
552 2057 589 2109 ut
616 2058 684 2109 tam
704 2047 871 2127 praeclaro
893 2047 1027 2129 pignore
1050 2064 1125 2109 oon·
1177 2047 1282 2124 stabit,
1312 2047 1346 2110 in
1370 2068 1433 2129 quo
1456 2047 1552 2112 liceat
1573 2065 1721 2111 serenam
1751 2055 1785 2110 et
1812 2046 1986 2127 propitiam
2009 2042 2072 2108 Dei
2095 2045 2142 2107 f·

157 2132 291 2214 firmati,
312 2153 348 2196 se
366 2130 406 2194 ad
429 2129 628 2212 precandum
651 2131 807 2196 animent.
843 2131 929 2213 Quid
953 2132 996 2195 sit
1019 2131 1124 2194 Deum
1176 2134 1257 2196 ciem
1289 2125 1485 2215 cbnspicere.
1529 2132 1709 2196 Audebunt
1735 2133 1839 2213 igitur
1866 2131 2002 2213 posthac
2031 2131 2142 2193 miseri

158 2237 322 2300 quaerere,
345 2237 387 2281 ex
406 2217 556 2298 proximo
579 2217 725 2281 membro
747 2229 850 2299 patet:
880 2238 953 2280 nam
978 2216 1057 2280 alibi
1077 2215 1124 2279 di·
1177 2217 1326 2282 homines
1347 2238 1477 2282 sursum
1502 2219 1650 2282 attollere
1671 2218 1790 2296 oculos,
1811 2229 1844 2280 et
1866 2215 1907 2279 ad
1924 2215 2031 2279 Deum
2050 2216 2142 2297 quasi

158 2323 254 2367 verso
276 2322 375 2368 sensu
405 2302 550 2384 eapitur:
580 2303 774 2366 tantundem
805 2305 891 2367 enim
916 2302 1005 2366 valet
1027 2310 1125 2383 atque
1177 2304 1319 2385 expediti
1343 2325 1522 2386 accurrere,
1545 2304 1622 2386 quia
1643 2303 1732 2368 nulla
1750 2303 1890 2384 amplius
1912 2301 2070 2366 dubitatio
2088 2321 2142 2366 eos

158 2388 304 2453 animum
327 2387 476 2463 adiicere,
504 2399 537 2451 et
555 2386 663 2452 studia
685 2409 744 2452 sua
766 2389 930 2471 applicare
952 2386 992 2452 ad
1015 2388 1123 2451 Deum
1176 2390 1327 2468 tardabit,
1351 2391 1403 2452 vel
1427 2409 1544 2472 segnes
1567 2388 1688 2452 reddet.
1733 2386 1829 2468 Quod
1854 2388 1880 2450 si
1904 2396 2012 2450 tamen
2037 2387 2142 2469 magis

158 2473 343 2553 colendum,
360 2486 394 2537 et
411 2473 556 2538 intentos
574 2472 694 2538 habere
712 2473 752 2537 ad
772 2495 845 2538 eum
864 2494 977 2538 omnes
1000 2494 1124 2547 sensus,
1177 2476 1318 2539 arrideat
1344 2473 1556 2539 Illuminandi
1579 2476 1725 2548 verbum,
1758 2493 1874 2537 sensus
1897 2473 1974 2535 erit:
2008 2471 2076 2551 Qui
2106 2471 2142 2534 in

158 2559 211 2625 hie
241 2579 320 2626 vero
349 2558 432 2624 nihil
462 2559 550 2623 aliud
579 2571 628 2624 est
657 2580 754 2642 quam
784 2562 958 2643 confugere
984 2559 1026 2622 ad
1055 2559 1125 2623 eius
1176 2561 1321 2624 tenebris
1349 2570 1425 2623 ant-e
1455 2561 1634 2642 torpebant,
1668 2560 1759 2642 quasi
1792 2569 1905 2623 exorta
1935 2558 2007 2621 luoe
2034 2557 2142 2621 oculos

158 2667 265 2728 opem,
294 2646 370 2728 quia
393 2665 468 2709 mox
491 2647 648 2727 sequitur,
676 2647 785 2710 Deum
808 2644 1029 2728 respondisse:
1052 2664 1124 2726 pro·
1176 2646 1216 2709 ad
1240 2646 1347 2710 Deum
1371 2646 1515 2729 erigent:
1536 2658 1569 2710 et
1590 2647 1645 2728 qui
1667 2645 1791 2727 pudore
1813 2644 1960 2725 oppressi
1981 2643 2141 2722 iacebant,

158 2732 228 2815 prie
258 2743 366 2795 antem
397 2731 485 2794 votis
512 2745 545 2794 et
575 2732 724 2812 precibus
754 2731 937 2813 respondet.
988 2730 1126 2794 Pavores
1176 2753 1295 2795 novam
1329 2731 1440 2795 vultus
1474 2730 1673 2796 alacritatem
1707 2731 1855 2794 induent.
1910 2728 1997 2808 Quia
2030 2728 2142 2792 eodem

158 2838 234 2882 suos
268 2835 326 2899 pro
355 2818 434 2897 ipsis
462 2817 625 2898 periculis,
659 2838 742 2899 quae
769 2819 915 2881 animum
944 2817 1013 2880 eius
1036 2827 1124 2881 metu
1176 2818 1290 2882 recidit
1318 2837 1455 2892 summa,
1486 2817 1595 2881 minus
1624 2816 1783 2882 contendo
1812 2825 1888 2880 utra
1916 2813 2142 2895 interpretatio

159 2902 382 2986 perculerant,
416 2903 547 2983 accipit,
582 2903 732 2968 effectum
767 2903 892 2967 scilicet
923 2922 983 2985 pro
1016 2921 1123 2977 eausa,
1176 2905 1281 2987 aptior
1303 2904 1354 2968 sit.

158 3008 344 3070 quanquam
374 2987 508 3050 minime
541 2987 674 3052 dubium
712 3001 762 3052 est
795 2991 870 3070 quin
905 3007 941 3051 se
974 2987 1123 3051 territum
1264 2989 1291 3053 7.
1325 2987 1404 3072 (Iste
1430 3009 1553 3069 pauper
1578 2985 1746 3072 clamavit.)
1790 2987 1866 3049 Pios
1893 3005 2006 3049 omnes
2033 2985 2143 3048 David

158 3075 266 3153 fuisse,
289 3086 323 3137 et
344 3071 515 3137 timoribus
537 3074 694 3155 agitatum
718 3075 868 3138 fateatur.
902 3072 1015 3154 Neque
1037 3072 1123 3136 enim
1177 3075 1217 3137 de
1239 3095 1273 3137 se
1297 3073 1463 3154 loquentes
1491 3072 1627 3151 inducit,
1657 3093 1721 3154 quo
1752 3072 1855 3153 magis
1882 3071 2064 3152 emphatice
2086 3092 2143 3133 ex·

159 3158 271 3225 sedato
294 3160 401 3222 animo
423 3179 482 3222 sua
504 3158 692 3223 discrimina
710 3161 800 3240 quasi
819 3160 929 3240 procul
953 3179 970 3221 e
992 3158 1125 3222 sublimi
1177 3162 1297 3243 primut
1318 3168 1477 3240 quantum
1500 3158 1657 3221 momenti
1680 3156 1720 3220 ad
1739 3179 1793 3223 eos
1812 3156 2003 3220 animandos
2026 3153 2144 3218 habeat

159 3244 317 3330 despexit,
345 3245 401 3309 sed
424 3244 503 3307 diris
521 3263 672 3308 curarum
696 3247 866 3308 tormentis
887 3253 1034 3318 vexatus,
1058 3263 1125 3305 me·
1176 3266 1271 3310 suum
1294 3243 1492 3323 exemplum:
1523 3244 1656 3324 Pauper
1677 3245 1746 3321 iste,
1777 3242 1938 3324 inquiunt.
1972 3240 2141 3304 clamavit:

157 3331 219 3396 rito
252 3331 361 3413 potuit
391 3350 467 3395 snos
501 3343 607 3393 metus
640 3350 678 3394 ac
710 3349 849 3412 pavores
881 3350 1024 3406 narrare,
1057 3328 1124 3391 imo
1176 3352 1254 3414 ergo
1276 3350 1433 3411 pauperes
1462 3349 1575 3392 omnes
1598 3330 1690 3393 Deus
1719 3329 1759 3393 ad
1783 3326 1988 3393 clamandum
2012 3327 2142 3390 invitat.

158 3415 282 3499 plurali
303 3436 439 3480 numero
461 3415 615 3490 ostendit,
645 3436 680 3478 se
703 3435 768 3478 non
791 3436 856 3479 uno
879 3425 1007 3478 tantum
1030 3413 1124 3477 modo
1176 3417 1259 3480 Nam
1296 3416 1329 3478 in
1361 3414 1489 3478 Davide
1522 3415 1713 3497 expendunt
1746 3434 1828 3498 quae
1862 3413 1902 3477 ad
1936 3432 2142 3481 communem

158 3502 258 3568 fnisse
277 3503 534 3583 expavefactum,
557 3502 612 3564 sed
636 3500 702 3564 huo
722 3499 801 3564 illuc
822 3501 1033 3564 intervenias
1053 3519 1124 3581 per·
1176 3503 1301 3584 piorum
1332 3521 1427 3564 usum
1451 3502 1628 3583 pertinent:
1659 3502 1735 3584 quia
1763 3522 1829 3564 non
1858 3500 1963 3581 magis
1993 3519 2067 3562 eum
2091 3519 2145 3562 ex·

159 3586 360 3652 turbationes
389 3607 424 3651 se
447 3586 637 3651 distractum
667 3587 775 3651 fuisse.
822 3587 865 3650 llt
886 3597 974 3650 certe
996 3587 1036 3649 ab
1059 3605 1126 3647 una
1176 3587 1301 3651 audivit
1323 3585 1425 3663 Deus,
1448 3606 1543 3668 quam
1567 3586 1663 3651 hodie
1684 3586 1839 3651 exaudire
1861 3585 1935 3649 vult
1957 3591 1989 3647 et
2010 3592 2143 3665 paratus

158 3685 253 3757 parte
281 3694 315 3737 se
338 3672 379 3736 ad
402 3673 624 3738 carnificinam
646 3671 821 3738 adductum
846 3672 985 3752 videbat,
1014 3671 1125 3736 subire
1176 3686 1226 3737 est
1257 3693 1370 3737 omnes
1402 3673 1538 3737 miseros
1569 3673 1624 3754 qui
1654 3672 1764 3736 eadem
1796 3670 1858 3736 fide
1889 3670 2030 3754 gemitus
2059 3688 2143 3746 suos,

158 3760 258 3824 etiem
291 3769 417 3840 poterat
449 3756 599 3822 diversus
631 3757 740 3833 timor,
772 3779 813 3821 ne
845 3778 918 3822 eum
937 3757 1052 3821 'Acbis
1085 3756 1124 3819 ad
1177 3769 1262 3835 vota,
1285 3768 1318 3821 et
1339 3758 1498 3822 clamores
1521 3757 1561 3820 ad
1584 3759 1691 3838 ipsum
1714 3758 1869 3840 dirigunt.

158 3843 294 3911 Saulem
317 3842 523 3926 gratificandi
552 3864 650 3908 cansa
672 3844 826 3917 mitteret,
850 3852 888 3907 ut
906 3844 1012 3908 solent
1034 3842 1125 3923 impii

159 3931 249 3996 ultro
270 3930 415 4012 citroque
444 3929 534 3993 lusus
563 3929 625 3993 sibi
653 3931 758 3993 facere
780 3951 820 3993 ex
844 3929 907 3992 Dei
930 3928 1013 3992 filiis.
1054 3928 1125 3991 Iam
1263 3929 1292 3993 8.
1339 3927 1587 3992 Caetrametotar
1615 3929 1755 4011 Angelus
1784 3927 1916 3992 lehouue
1945 3927 1981 3990 ia
2010 3926 2144 3990 racadu

159 4018 235 4099 quia
265 4015 365 4080 semel
395 4013 542 4097 proditus
569 4016 676 4079 fuerat
706 4036 743 4080 ac
772 4015 933 4089 detectus,
967 4014 1024 4077 vix
1053 4013 1126 4076 fieri
1168 4016 1348 4080 timentium
1370 4033 1448 4090 eum,
1471 4017 1498 4077 et
1519 4015 1627 4096 eripiet
1648 4034 1707 4079 eoa.
1741 4015 1770 4079 9.
1798 4014 1929 4078 Gustata
1950 4016 1977 4076 et
1997 4012 2095 4076 videte
2112 4017 2146 4075 ut

159 4101 268 4185 potnit
288 4101 367 4183 quin
390 4099 542 4182 undique,
572 4104 599 4163 si
621 4100 704 4164 forte
731 4101 860 4183 elapsus
876 4099 970 4178 foret,
993 4099 1127 4164 insidias
1177 4101 1275 4165 bonae
1295 4098 1480 4163 sitIebouu:
1500 4098 1607 4164 beatus
1627 4101 1678 4164 aar
1698 4102 1755 4181 qui
1771 4104 1876 4181 sperat
1893 4101 1929 4162 ia
1945 4115 1989 4163 eo.
2025 4097 2074 4162 10.
2092 4097 2146 4162 ta·-

159 4186 335 4253 tenderent
358 4183 469 4251 Saulis
491 4185 643 4250 latrones.
689 4185 753 4251 Sed
784 4186 894 4249 odium
918 4187 1019 4250 Aehis
1042 4186 1126 4266 quod
1177 4191 1252 4250 mae
1275 4183 1422 4247 Ieltooum
1443 4185 1544 4250 sandi
1566 4186 1642 4263 aas,
1664 4187 1741 4266 quio
1763 4184 1846 4250 rediit
1866 4186 1948 4250 deest
1968 4182 2146 4250 timentibus

160 4294 203 4338 ex
224 4285 331 4337 morte
343 4271 479 4337 Goliath
501 4284 535 4335 et
557 4272 720 4336 exercitus
741 4273 793 4335 sui
816 4272 906 4336 clade
927 4280 1127 4352 conceperat,
1177 4292 1257 4336 cum.
1302 4270 1352 4333 11.
1378 4269 1481 4336 carata?
1510 4270 1630 4336 leonum
1653 4272 1791 4335 destituti
1811 4276 1883 4335 suat
1905 4276 1931 4334 ct
1952 4272 2146 4334 esurierant:

161 4361 284 4424 multas
322 4357 512 4422 formidines
543 4358 684 4440 vgignere
719 4359 843 4440 potuit:
881 4378 983 4439 quum
1022 4366 1056 4420 et
1093 4358 1127 4419 in
1177 4359 1316 4422 tioteates
1338 4361 1440 4420 autem
1463 4356 1609 4421 Iebooom
1629 4377 1690 4421 noa
1710 4357 1890 4440 irtdiqebuul
1912 4357 1976 4421 ullo
1996 4355 2080 4421 burto.

161 4450 315 4528 promptu
347 4454 434 4508 esset
466 4442 561 4519 ultio,
594 4464 654 4507 nec
681 4443 745 4508 levi
773 4443 930 4526 supplicio
964 4441 1128 4524 placabilis

161 4530 269 4595 videri
291 4539 418 4611 poterat
440 4528 625 4595 erudelitas.
662 4528 734 4594 Hoc
755 4529 928 4613 diligenter
950 4529 1127 4593 notandum
1264 4533 1293 4591 8.
1319 4525 1582 4612 (Caetrametatur
1602 4527 1668 4612 cto.)
1710 4529 1808 4592 Nunc
1836 4529 1870 4591 in
1893 4549 2012 4609 genere
2036 4527 2145 4591 David

163 4628 224 4696 eet,
251 4635 294 4679 ne
316 4613 344 4678 si
366 4614 496 4697 quando
517 4624 681 4679 terremur
701 4616 830 4679 nostris
844 4615 1005 4696 periculis,
1028 4634 1087 4678 nos
1109 4637 1129 4679 a
1181 4615 1389 4678 concionatur
1410 4611 1450 4675 de
1473 4625 1609 4694 paterno
1627 4615 1690 4678 Dei
1709 4635 1787 4697 erga
1805 4615 1874 4696 pios
1892 4634 2004 4678 omnes
2019 4616 2144 4676 favore:

162 4701 229 4766 Dei
250 4702 457 4765 inuocatione
478 4699 635 4781 impediat
655 4708 767 4765 nostra
788 4701 959 4765 mollities:
990 4701 1066 4782 quia
1088 4721 1129 4764 ne
1181 4700 1343 4782 simulque
1376 4697 1469 4764 docet
1501 4700 1534 4763 in
1566 4699 1637 4780 ipso
1672 4701 1750 4765 satis
1783 4700 1824 4763 ad
1848 4698 2045 4765 servandum
2075 4718 2146 4762 esse

162 4784 272 4852 David
295 4786 435 4868 quidem,
458 4806 554 4867 quem
577 4785 708 4850 heroica
729 4787 851 4850 virtute
874 4788 961 4851 iuter
979 4787 1059 4850 alios
1077 4808 1129 4850 ex·
1182 4787 1325 4866 virtutis,
1348 4784 1422 4864 quia
1444 4785 1484 4847 ad
1505 4785 1693 4851 innumeros
1715 4785 1853 4849 telorum
1875 4785 1980 4849 iactus
2002 4783 2146 4864 exposita

162 4872 315 4939 calluisse
347 4872 476 4950 scimus,
510 4871 614 4936 ferreo
648 4872 757 4935 animo
789 4882 897 4936 metus
929 4882 962 4936 et
990 4871 1130 4953 trepida·
1183 4881 1232 4936 cst
1265 4869 1433 4935 hominum
1468 4872 1553 4933 vita:
1587 4872 1779 4952 praesertim
1812 4890 1889 4933 vero
1923 4868 2050 4947 fideles,
2092 4870 2146 4951 qui

163 4960 270 5023 tiones
282 4958 410 5039 repulit,
433 4955 488 5022 sed
507 4959 576 5039 ipse
592 4978 717 5040 quoque
735 4958 910 5040 pavoribus
920 4958 1132 5022 vehementer
1183 4957 1275 5023 velut
1306 4976 1383 5020 oves
1415 4968 1493 5019 sunt
1521 4957 1555 5019 in
1583 4958 1688 5021 medio
1716 4958 1875 5036 luporum,
1910 4956 2001 5036 quasi
2035 4955 2147 5020 multis

163 5062 341 5111 concussus
363 5043 436 5108 fuit.
1184 5042 1343 5107 mortibus
1364 5040 1519 5119 obsessos,
1550 5043 1583 5104 in
1607 5041 1737 5124 singula
1759 5050 1924 5104 momenta
1946 5059 2067 5105 novum
2091 5041 2148 5106 ali·

252 5129 282 5194 6.
305 5127 502 5214 (Adspicient
522 5129 564 5193 ad
584 5130 676 5212 eum.)
721 5129 790 5193 Iam
818 5127 972 5193 admonui
1000 5150 1132 5195 versum
1185 5129 1270 5211 quod
1299 5127 1471 5193 discrimen
1502 5128 1663 5192 sollicitat.
1708 5125 1785 5190 Ideo
1807 5127 1924 5190 asserit·
1945 5127 2067 5208 David,
2094 5148 2148 5191 an·

164 5214 255 5281 hunc
283 5225 540 5297 obsequentem,
570 5236 645 5281 cum
674 5215 824 5297 proximo
851 5213 966 5279 debere
993 5216 1133 5281 contexi.
1186 5215 1332 5299 gelorum
1360 5214 1520 5295 praesidio
1542 5213 1605 5277 Dei
1627 5213 1767 5278 cultores
1795 5211 1919 5294 protegi
1949 5231 1986 5278 ac
1999 5212 2146 5279 defendi.

273 5316 382 5373 Caluini
394 5329 485 5386 opera
509 5317 571 5373 Vol.
582 5316 700 5375 XXXI.
1915 5313 1950 5367 22
