4658 5856
153 335 193 400 77
992 334 1208 403 Psauuus
1231 335 1309 399 VII.
2110 342 2150 407 78

152 530 299 607 tempore
321 522 480 604 deposuit.
517 522 668 589 Secunda
690 535 797 589 autem
818 526 901 589 ratio
920 526 1012 590 uobis
1030 523 1126 588 hodie
1265 522 1443 604 Postquam
1467 522 1593 587 dolores
1615 542 1691 587 suos
1713 531 1746 586 et
1767 523 1935 589 molestias
1958 528 2150 592 exoneravit

154 619 240 674 esset
279 630 354 673 curn
394 610 536 674 vetustis
570 610 717 691 patribus
750 614 950 675 communis:
995 608 1126 691 quando
1179 606 1288 672 David
1322 608 1356 670 in
1389 606 1498 672 sinum
1535 607 1608 686 Dei,
1654 629 1741 673 nunc
1773 607 2009 689 quodammodo
2042 611 2150 677 induit

154 695 258 777 magis
279 693 463 758 illustribus
486 694 689 759 documentis
711 703 868 776 paternus
887 695 950 758 Dei
969 715 1048 777 erga
1066 716 1127 759 nos
1179 712 1300 756 novam
1342 713 1523 774 personam.
1568 692 1682 769 Porro,
1723 713 1788 757 non
1823 694 1955 758 dubium
1991 706 2039 761 est
2070 700 2149 779 quin

153 800 248 845 amor
280 781 378 842 etiam
412 779 447 842 in
481 779 543 844 hac
575 780 642 844 rita
674 781 823 863 refulget.
870 782 942 862 ligo
976 800 1054 845 vero
1078 777 1129 860 (ut
1180 777 1333 842 diuturno
1370 778 1526 860 languore
1562 778 1726 842 confectus
1763 777 1870 857 fuerit,
1905 790 2077 862 antequam
2109 783 2149 846 ad

153 885 258 948 nuper
281 864 362 950 dixi)
385 864 420 928 in
443 863 505 929 hae
527 865 732 945 querimonia
755 865 893 930 Davidis
916 864 1003 929 aliud
1026 865 1129 929 consi·
1180 863 1265 927 hanc
1288 861 1440 927 fiduciam
1464 874 1661 945 emergeret:
1685 865 1762 945 quia
1783 885 1887 945 nuper
1905 864 2048 930 vidimus
2068 869 2149 931 mul·

154 950 247 1015 dero:
279 970 397 1030 nempe
428 949 512 1032 quod
543 949 608 1014 Dei
637 949 752 1014 ultoris
773 971 909 1014 manum
932 949 1130 1013 eibi-adver·
1180 958 1230 1010 tas
1248 948 1288 1011 ab
1306 968 1344 1010 eo
1362 959 1474 1012 noctes
1493 949 1525 1010 in
1545 948 1701 1013 continuo
1720 950 1797 1012 fletu
1816 951 2148 1030 consumptasluisse.

153 1056 225 1100 sam
246 1035 370 1099 instare
393 1035 549 1111 sentiens,
571 1046 661 1098 metu
683 1037 840 1112 obruitur,
871 1045 906 1098 ut
929 1038 995 1098 lere
1017 1035 1128 1097 obstu·
1180 1032 1277 1095 Nune
1299 1052 1363 1113 quo
1386 1033 1553 1096 molestius
1575 1033 1602 1095 ei
1623 1034 1683 1096 luit
1701 1054 1812 1097 morae
1831 1033 1983 1110 taedium,
2008 1036 2148 1101 alacrius

153 1131 276 1203 paseat.
320 1119 412 1183 Idem
445 1129 477 1183 et
506 1120 547 1184 de
575 1119 718 1184 Euechia
741 1120 924 1198 dicendum,
954 1118 1040 1200 quod
1062 1139 1128 1181 non
1182 1115 1221 1180 ad
1245 1114 1427 1181 canendum
1458 1117 1662 1198 triumphurn
1686 1138 1757 1182 sese
1778 1119 1909 1183 excitat.
1956 1117 2150 1185 Sermonem

153 1204 346 1287 simpliciter
375 1214 525 1282 mortem,
556 1203 614 1269 sed
642 1205 724 1268 iram
754 1206 825 1276 Dei.
854 1204 1038 1286 etquidem
1062 1223 1129 1267 non
1182 1222 1260 1264 vero
1295 1203 1329 1264 in
1366 1201 1570 1266 adversarios
1605 1202 1749 1285 dirigens
1777 1204 1940 1285 significat
1971 1205 2056 1269 hanc
2085 1228 2148 1270 non

153 1291 334 1372 vulgarem,
358 1289 460 1354 luerit
482 1289 685 1371 deprecatus,
708 1289 770 1354 Ies.
795 1291 847 1372 38,
870 1291 900 1353 3.
1181 1286 1280 1349 luisse
1308 1286 1459 1350 ultimam
1490 1296 1616 1369 partem
1640 1289 1839 1367 tentationis,
1869 1289 1954 1370 quod
1978 1290 2068 1371 impii
2093 1291 2150 1355 hc·

756 1420 789 1429 ..
1181 1372 1286 1435 mines
1317 1381 1474 1452 tanquam
1508 1371 1635 1453 perdito
1672 1382 1705 1435 et
1734 1373 1905 1455 desperato
1937 1374 2150 1441 insultabant.

241 1459 271 1522 7.
303 1457 464 1523 Laboraui
496 1460 532 1522 iu
561 1461 679 1540 qemitu
701 1480 776 1537 meo,
805 1464 916 1524 uetare
934 1459 1052 1539 facium
1071 1479 1130 1538 per
1182 1453 1313 1521 Scimus
1351 1458 1437 1519 enim
1480 1479 1577 1537 quam
1614 1457 1791 1522 insolenter
1823 1480 1857 1522 so
1890 1459 2006 1522 efferat
2039 1481 2150 1524 eorum

153 1544 299 1627 mumius
321 1548 421 1608 noum
444 1543 554 1607 lectum
570 1564 687 1608 meum:
709 1545 858 1626 lacrymis
874 1545 952 1608 meis
968 1544 1130 1608 culcitram
1182 1540 1334 1622 superbia
1362 1551 1396 1605 et
1423 1542 1597 1607 crudelitas
1626 1553 1740 1608 eontra
1761 1542 1823 1607 Dei
1846 1542 1942 1618 filios,
1976 1544 2151 1610 ubi‘cruce

152 1649 254 1694 aream
270 1629 530 1710 modqmiomr).
577 1629 606 1693 8.
632 1628 790 1712 Caliqavit
809 1649 891 1713 pree
916 1629 1130 1711 ludiquutu'oue
1181 1646 1351 1707 oppressos
1373 1624 1496 1691 vident.
1540 1628 1586 1691 Ει
1605 1627 1669 1692 huc
1687 1650 1741 1693 eos
1760 1628 1863 1693 Satan
1882 1628 2030 1710 impellit,
2054 1640 2091 1693 ut
2110 1630 2150 1694 ad

153 1713 260 1778 cedrus
282 1733 388 1778 meua:
409 1714 567 1779 euweuut't
589 1715 624 1777 iu
640 1715 918 1796 persequutoribus
939 1715 1030 1797 meio.
1182 1709 1441 1792 desperationem
1464 1711 1574 1794 adigat
1596 1712 1717 1791 fideles,
1742 1712 1819 1776 dum
1842 1734 1933 1795 spem
1956 1735 2048 1778 suam
2068 1714 2153 1778 ludi·

1180 1795 1251 1859 brio
1274 1794 1389 1859 haberi
1412 1797 1534 1861 vident.
1566 1797 1749 1877 (laetorum,
1772 1798 1865 1863 docet
1888 1798 1940 1862 hic
1963 1799 2052 1863 locus
2076 1820 2151 1881 gra·

241 1880 438 1964 Quanquam
469 1881 699 1965 hyperbolicae
721 1890 799 1946 eunt
821 1884 1037 1965 loquutiones,
1065 1902 1129 1944 non
1182 1881 1262 1943 tiam
1294 1879 1357 1945 Dei
1385 1882 1448 1964 piis
1478 1883 1607 1946 unicam
1638 1904 1708 1947 esse
1738 1884 1824 1948 vitae
1854 1884 1979 1948 lucem:
2002 1884 2151 1949 simulac

154 1975 264 2030 tamen
294 1968 421 2050 poetice
455 1967 634 2048 amplificat
670 1967 778 2031 David
810 1990 906 2033 suum
938 1987 1129 2049 moerorem,
1181 1966 1311 2046 aliquod
1340 1967 1410 2030 irae
1439 1988 1516 2030 suae
1546 1968 1676 2049 siguum
1705 1966 1795 2032 dedit
1825 1969 1924 2044 Deus,
1959 1990 2022 2031 nou
2055 1970 2151 2034 modo

153 2052 211 2116 sed
246 2072 321 2116 vere
355 2061 388 2116 et
420 2051 623 2133 simpliciter,
663 2073 758 2133 quam
798 2053 899 2117 durus
932 2051 1130 2133 acerbusquc
1180 2071 1406 2134 expavescere,
1440 2052 1496 2116 sed
1525 2051 1593 2115 lere
1623 2052 1768 2135 demergi
1798 2054 1832 2115 in
1857 2052 2005 2116 tenebras
2028 2055 2151 2132 mortis,

152 2137 260 2214 fuerit,
290 2134 444 2202 declarat.
489 2136 574 2200 Nam
605 2157 734 2218 semper
763 2136 843 2201 illud
868 2136 1046 2200 tenendum
1069 2147 1128 2214 cst,
1180 2157 1295 2199 rursus
1321 2136 1374 2199 ubi
1404 2137 1510 2200 Deum
1542 2137 1719 2218 propitium
1740 2145 1931 2219 agnoscunt,
1963 2138 2064 2201 vitam
2087 2137 2153 2203 illis

153 2242 220 2285 uon
252 2221 352 2286 fuisse
381 2221 603 2303 corporalibus
636 2221 731 2286 malis
756 2231 822 2285 tam
847 2222 991 2305 graviter
1014 2220 1128 2284 vulne·
1181 2221 1331 2300 protinus
1350 2223 1487 2285 restitui.
1528 2221 1719 2285 Notandum
1737 2233 1846 2286 autom
1866 2222 1951 2304 quod
1970 2231 2021 2285 ter
2034 2224 2152 2305 repetit

152 2316 273 2384 ratum,
315 2306 370 2370 sed
411 2305 496 2388 quod
537 2306 645 2370 Deum
687 2307 748 2370 sibi
785 2308 941 2370 infestum
974 2306 1129 2386 cogitans,
1181 2303 1300 2385 David,
1331 2305 1503 2370 exauditas
1533 2306 1631 2369 luisse
1659 2328 1732 2371 suas
1763 2326 1892 2389 preces:
1926 2327 1989 2388 quo
2013 2318 2154 2372 testatur

153 2392 247 2473 quasi
278 2401 408 2473 apertos
438 2392 561 2455 inferos
583 2392 753 2455 cernebat:
788 2412 871 2474 quae
894 2393 1027 2454 tristitia
1049 2391 1129 2455 alias
1181 2389 1406 2454 liberationem
1437 2411 1471 2454 se
1501 2390 1572 2453 Deo
1595 2391 1679 2454 ferre
1702 2402 1883 2472 acceptam:
1915 2393 2004 2455 etin
2028 2393 2151 2458 haeli-

152 2497 268 2541 omnes
290 2486 433 2558 superat.
479 2478 589 2556 Atque
614 2488 648 2538 ut
673 2478 811 2557 quisque
834 2478 959 2541 sincere
983 2475 1054 2539 Deo
1072 2475 1128 2538 ad·
1181 2474 1276 2538 ducia
1309 2496 1343 2538 se
1366 2476 1548 2552 confirmat,
1579 2476 1665 2557 quod
1689 2497 1754 2540 non
1776 2476 1899 2539 frustra
1921 2498 1955 2540 se
1977 2476 2017 2539 ad
2042 2479 2150 2541 Deum

154 2561 262 2625 dictus
285 2570 343 2636 est,
368 2561 437 2624 eius
462 2560 512 2622 ira
535 2559 647 2624 durius
670 2561 868 2643 percellitur.
913 2560 987 2641 Quo
1007 2561 1127 2625 factum
1153 2632 1155 2645 Ι
1180 2559 1364 2623 contulerit.
1411 2560 1521 2641 Atque
1543 2561 1589 2623 ita
1611 2569 1753 2625 statuere
1775 2571 1911 2642 oportet,
1936 2561 1963 2624 si
1987 2581 2085 2642 quom
2108 2582 2150 2625 ex

154 2655 206 2709 est
228 2654 265 2710 ut
286 2646 403 2721 sancti,
427 2666 500 2709 rara
524 2646 603 2708 alias
627 2645 816 2709 fortitudine
838 2647 988 2728 praediti,
1020 2657 1127 2708 teuer-
1152 2648 1155 2657 “
1181 2643 1330 2724 precibus
1364 2647 1482 2709 nostr-is
1515 2644 1655 2709 fructum
1691 2645 1857 2728 percipere
1890 2646 2050 2719 volumus,
2085 2668 2149 2709 non

153 2731 272 2794 rimam
305 2731 476 2794 mollitiem
514 2730 574 2794 hae
608 2731 641 2792 in
672 2740 766 2812 parte
794 2731 1007 2795 ostenderint.
1059 2730 1128 2793 Nec
1181 2729 1281 2792 fuisse
1303 2729 1417 2793 surdas
1442 2731 1503 2793 Dei
1522 2751 1617 2794 arrres
1636 2731 1676 2794 ad
1697 2743 1771 2795 vota
1790 2742 1910 2794 nostra.
1955 2731 2020 2793 Per
2037 2750 2149 2794 vocem

153 2815 244 2879 aliud
268 2834 327 2880 uos
348 2815 496 2896 impedit,
519 2835 617 2895 quam
641 2817 749 2879 carnis
768 2826 898 2879 nostras
918 2827 1040 2897 stupor,
1064 2836 1127 2896 quo
1177 2814 1268 2891 fletus
1290 2835 1356 2877 nou
1381 2815 1475 2878 modo
1498 2816 1739 2879 vehementiam
1762 2827 1796 2878 et
1819 2815 1968 2879 ardorem
1992 2815 2151 2897 designat,

152 2901 266 2965 minus
295 2901 327 2964 in
352 2900 443 2964 nobis
466 2901 676 2981 experiamur
705 2901 789 2982 quod
814 2900 921 2965 David
959 2898 1128 2963 insede
1181 2897 1237 2960 sed
1267 2899 1375 2962 innuit
1404 2922 1438 2963 sc
1468 2901 1557 2963 luctu
1583 2909 1614 2962 et
1634 2901 1795 2965 flebilibus
1816 2901 2028 2982 querimoniis
2051 2902 2151 2966 luisse

153 2985 281 3051 scribit.
306 2983 371 3065 Qui
403 3005 482 3048 vero
506 2985 714 3048 mediocriter
735 2988 860 3067 experti
885 2996 962 3050 sunt
984 2983 1061 3066 quid
1084 2984 1128 3047 eit
1181 2993 1385 3064 occupatum.
1430 2984 1583 3049 Notanda
1604 3006 1732 3067 quoque
1755 2993 1806 3049 eet
1827 2986 2022 3049 confidentia
2044 2999 2078 3048 et
2100 3007 2150 3049 se·

152 3078 280 3135 certare
308 3091 382 3136 cum
414 3068 586 3133 formidine
616 3078 767 3133 aeternae
790 3072 912 3146 mortis,
942 3071 1069 3133 nullum
1092 3070 1126 3131 in
1181 3070 1302 3133 auritus
1330 3067 1478 3146 Davidis,
1516 3090 1613 3150 quam
1642 3070 1702 3134 sibi
1730 3091 1770 3133 ex
1805 3069 1869 3133 Dei
1899 3071 2010 3134 favore
2040 3073 2149 3135 sumit.

151 3154 206 3219 his
230 3154 338 3220 verbis
360 3174 530 3218 excessum
553 3155 724 3236 reperient.
769 3154 880 3234 Quare
901 3157 1040 3219 sciamus
1059 3154 1125 3217 Da·
1180 3152 1266 3216 Nam
1289 3154 1366 3217 hinc
1390 3153 1552 3232 docemur,
1576 3155 1657 3216 nihil
1682 3176 1751 3218 esse
1773 3157 1808 3216 iu
1832 3163 1901 3217 toto
1921 3155 2042 3219 mundo
2066 3156 2151 3236 quod

152 3239 265 3305 videm
293 3239 510 3305 conscientiae
540 3260 618 3303 suae
649 3239 825 3304 terroribus
858 3242 1026 3314 afflictum,
1062 3260 1126 3302 uon
1181 3259 1246 3301 non
1276 3237 1441 3320 despicere
1465 3240 1569 3316 liceat,
1598 3238 1626 3300 si
1650 3240 1794 3319 persuasi
1818 3260 1932 3302 sumus
1955 3261 2013 3302 nos
2036 3262 2054 3301 a
2078 3239 2150 3304 Deo

153 3324 285 3408 vulgari
308 3325 405 3388 modo
428 3324 594 3407 seipsum
617 3325 790 3400 cruciasse,
822 3326 877 3389 sed
902 3329 967 3388 lere
989 3325 1127 3388 iacuisse
1150 3296 1155 3401 ι
1180 3324 1293 3386 amari.
1339 3324 1384 3386 Iit
1419 3323 1514 3387 simul
1556 3333 1705 3387 tenemus
1738 3322 1815 3404 quid
1851 3324 1959 3387 valeat
1992 3335 2150 3406 paternus

154 3411 350 3475 exanimem.
396 3406 493 3490 Quod
531 3408 571 3471 ad
601 3409 702 3473 verba
732 3419 867 3489 spectat,
907 3410 1035 3473 oculum
1065 3409 1127 3473 sibi
1151 3404 1155 3485 l
1180 3427 1258 3489 erga
1281 3429 1340 3472 nos
1367 3409 1437 3471 eius
1459 3429 1559 3471 amor.
1606 3408 1672 3471 Per
1694 3409 1883 3473 adverbium
1907 3413 2027 3488 repente
2049 3410 2149 3487 signi·

153 3495 313 3576 caligasse
337 3493 431 3558 dicit:
454 3494 529 3575 quia
552 3503 585 3557 et
607 3494 708 3557 animi
731 3493 821 3557 dolor
843 3494 937 3559 facile
960 3493 1000 3557 ad
1019 3493 1127 3558 oculos
1151 3496 1154 3571 l
1179 3494 1265 3572 ficas,
1294 3493 1349 3557 ubi
1380 3492 1549 3574 deplorata
1578 3493 1709 3556 videtur
1739 3495 1866 3572 piorum
1889 3493 1987 3570 salus,
2020 3506 2150 3575 praeter

153 3589 314 3660 penetrat,
334 3590 367 3643 et
384 3579 474 3644 illinc
493 3599 527 3642 se
545 3579 688 3643 maxime
707 3578 839 3660 profert.
884 3579 971 3658 Quia
989 3578 1127 3642 verbum
1179 3599 1269 3658 spem
1293 3578 1455 3642 divinitus
1477 3580 1564 3659 ipsos
1587 3579 1677 3659 eripi.
1723 3579 1808 3642 Nam
1833 3578 1910 3642 dum
1928 3600 1982 3643 res
1999 3580 2152 3644 confusas

154 3675 252 3760 'amu
281 3683 341 3748 pro
370 3685 432 3746 quo
462 3662 589 3728 reddidi
612 3665 792 3740 consenuit,
826 3664 990 3728 interdum
1025 3664 1127 3746 signi·
1178 3663 1212 3725 io
1243 3664 1362 3727 laetum
1387 3673 1507 3727 statum
1532 3661 1638 3725 subito
1660 3662 1753 3726 Daue
1775 3665 1948 3736 convertit,
1982 3683 2021 3726 eo
2046 3665 2153 3746 magis

152 3702 232 3814 boot
261 3748 412 3815 recedere
435 3770 452 3810 a
474 3770 532 3813 suo
555 3749 641 3814 loco:
670 3750 820 3812 nonnulli
844 3759 1023 3831 exponunt,
1053 3769 1128 3812 eva·
1178 3747 1328 3827 illustrat,
1352 3762 1383 3811 et
1407 3746 1630 3811 admirabilem
1655 3748 1761 3810 reddit
1783 3770 1874 3811 suam
1899 3749 2089 3829 potentiam.

154 3833 268 3898 nuisse
285 3833 338 3900 vol
357 3834 478 3917 fugisse
496 3833 664 3898 oculorum
685 3835 795 3899 aciem.
841 3835 908 3899 Alii
926 3834 1127 3915 intelligunt,

154 3928 293 3998 tumore,
331 3920 387 4001 qui
424 3940 464 3982 ex
497 3921 576 3983 fletu
606 3919 758 3994 nascitur,
794 3919 999 3983 absconditos
1028 3918 1126 3981 luisse
1758 3968 1760 3978 .

153 4004 275 4069 oculos.
320 4003 405 4068 Mihi
428 4013 535 4066 tamen
560 4004 701 4085 primum
721 4004 800 4066 illud
820 4005 999 4086 simplicius
1019 4003 1126 4065 visum
1511 4015 1716 4084 psfflffls
1739 4018 1819 4083 pfl⁸

153 4098 214 4169 est,
237 4087 322 4172 quod
345 4097 500 4170 queratur
523 4088 640 4162 David,
665 4091 756 4170 quasi
781 4091 870 4153 senio
893 4089 1030 4153 deficere
1051 4106 1127 4151 oeu-

154 4174 214 4239 los.
259 4172 355 4254 Quod
374 4173 465 4237 addit
477 4194 537 4254 pet·
554 4172 698 4255 sinyultts
718 4180 827 4255 nectet,
850 4175 928 4237 hino
944 4173 1127 4256 colligimus
1179 4187 1262 4240 ABG.
1288 4185 1376 4239 David
1399 4188 1491 4254 iniqua
1515 4187 1648 4239 calumnia
1666 4195 1801 4253 gravatus,
1831 4187 1914 4239 Deum
1935 4188 1985 4239 sibi
2004 4198 2150 4255 patronum

151 4259 247 4338 quasi
268 4259 367 4342 longo
391 4258 500 4322 d010f0
523 4258 737 4335 contabuisse,
768 4271 801 4322 qt
824 4272 931 4323 tamen
956 4277 1126 4339 nunquam
1282 4272 1312 4334 ac
1339 4256 1471 4335 vindicem
1495 4255 1615 4333 advocat,
1644 4255 1722 4321 eique
1737 4255 1868 4334 'tuendam
1886 4257 2057 4308 commendat
2075 4275 2149 4310 suum

152 4344 317 4410 ceurae
338 4365 357 4408 a
379 4343 539 4426 reeus-
1282 4323 2151 4459 :sallusl::³¹castanelus:cleu

347 4514 353 4526 ,
431 4516 437 4527 Ι
887 4515 906 4526 ..
941 4515 946 4527 Ι
976 4514 982 4528 ⁸
1031 4514 1037 4525 ,
1089 4513 1095 4524 ,
1282 4459 1331 4510 Dei
1351 4460 1472 4523 gloriam,
1490 4430 2026 4527 utiudiciumccutrairnpiosexerceat.
2048 4462 2149 4523 Tertio,

242 4512 272 4578 9.
307 4513 465 4578 Βιειθᾶιιθ
497 4533 517 4578 a
549 4533 598 4576 me
630 4533 734 4577 omues
766 4533 905 4593 operartt
933 4517 1127 4594 tittqttttatts:
1282 4534 1313 4577 ut
1336 4543 1365 4578 ee
1389 4527 1422 4578 ad
1447 4528 1570 4579 fiduciam
1596 4528 1704 4589 animet,
1735 4528 1782 4578 Ilei
1803 4529 1951 4580 bonitatem
1971 4536 1998 4580 et
2017 4531 2150 4581 iusticiam

153 4599 233 4679 quia
254 4599 379 4664 audivit
399 4599 558 4666 Dominus
579 4618 677 4662 vocem
692 4599 784 4675 fletus
802 4600 872 4661 mei,
920 4599 968 4661 10,
994 4597 1128 4660 Audiuit
1282 4611 1370 4647 seeum
1396 4604 1512 4665 reputat,
1540 4604 1568 4645 at
1595 4597 1799 4662 promissionem
1822 4598 1850 4647 in
1878 4597 1995 4648 medium
2014 4598 2149 4663 prcpcuit.

154 4682 314 4749 Dominus
349 4686 593 4765 deprecationem
627 4702 728 4746 meam
772 4682 929 4747 Dominus
958 4684 1126 4747 orationem
1281 4663 1424 4743 Postremo
1443 4664 1519 4731 quasi
1538 4663 1593 4715 voti
1613 4680 1729 4742 compos,
1748 4663 1988 4737 hostiumsuorum
2006 4665 2149 4716 stultitiam

730 4733 735 4756 ’
1282 4737 1310 4782 ct
1328 4742 1421 4783 rrrrtos
1444 4744 1556 4784 conatus
1575 4732 1694 4783 deridet:
1719 4749 1773 4783 uno
1792 4733 1839 4783 Dei
1859 4734 1958 4785 auxilio
1977 4733 2069 4796 fretus,
2097 4733 2150 4784 sibi

153 4788 255 4833 meam
288 4771 446 4850 meillm·
481 4770 541 4867 011·
577 4766 745 4847 pudefiant
784 4773 813 4831 et
846 4769 1007 4832 turbemur
1038 4765 1127 4831 valde
1282 4801 1426 4866 promittit,
1454 4800 1586 4867 quidquid
1605 4800 1748 4851 machinati
1768 4801 1875 4864 luerint,
1904 4802 1929 4850 in
1948 4816 2040 4851 eorum
2060 4802 2150 4865 pcrui-

154 4873 259 4920 omnea
280 4874 405 4919 ruamus
427 4875 497 4936 meu,
519 4854 710 4918 retrocedant
731 4856 758 4915 et
774 4854 939 4933 pudefient
962 4857 1092 4934 repente.
1282 4869 1349 4919 ciem
1368 4885 1513 4920 cessurum.

1266 5021 1294 5084 1.
1320 5019 1470 5102 Siqqoiou
1493 5021 1644 5097 Decidio,
1667 5022 1749 5099 quod
1770 5021 1876 5082 cecinit
1899 5018 2033 5085 lebovoe
2055 5042 2152 5101 super

223 5127 251 5197 ‘)
269 5127 297 5181 le
314 5126 422 5194 baiguc,
440 5139 473 5178 eu
491 5140 596 5192 mcrqe:
621 5140 656 5177 ou
673 5125 698 5176 ic
717 5123 761 5193 lay
779 5139 869 5190 nagor.
1178 5105 1280 5168 verbis
1304 5103 1388 5169 Cleua
1407 5106 1468 5184 filit
1493 5105 1618 5170 [emtus.
