4658 5856
234 350 298 418 563
1060 344 1277 426 PSALMUS
1301 346 1393 411 LIX.
2156 340 2221 406 564

235 558 335 626 guum
371 545 439 602 est:
475 554 551 620 nam
585 534 824 600 festinationem
860 532 1020 600 vindictae
1053 534 1116 598 Dei
1149 533 1202 599 his
1254 534 1328 619 quia
1351 535 1470 601 scimus
1491 554 1588 616 quam
1618 534 1737 598 multos
1764 555 1816 599 res
1846 533 1879 597 in
1913 530 2033 597 mundo
2068 531 2219 596 coninsae

234 623 343 689 verbis
375 622 515 697 denotat,
545 616 682 703 ideoque
707 629 860 702 precatur
882 620 974 702 quasi
996 619 1125 686 turbine
1147 641 1202 685 cos
1254 628 1288 684 et
1309 620 1515 684 inordinatae
1537 621 1736 684 concutiant:
1759 620 1813 702 qui
1836 639 1948 688 rursus
1971 616 2134 701 patefacta
2155 615 2219 681 Dei

236 708 357 791 abripi:
389 707 440 772 vel
470 718 645 854 antequam
675 704 861 771 adolescant
888 706 922 769 in
946 705 1069 771 iustum
1092 705 1202 786 robur,
1254 705 1380 771 iustitia
1412 705 1537 771 animos
1566 705 1738 789 colligunt,
1773 715 1808 769 nt
1831 704 1950 787 passim
1981 714 2151 768 mutentur
2172 703 2217 766 in·

236 795 320 863 sicut
341 793 455 877 spinae
477 791 511 855 in
534 812 553 854 r
577 811 712 856 amnnm
734 790 930 856 durescunt:
951 791 1005 856 vel
1027 802 1202 873 antequam
1255 791 1338 858 dicia
1355 791 1411 858 ubi
1429 790 1520 859 Deus
1538 812 1671 856 manum
1690 811 1780 855 suam
1802 788 1925 855 ecoclc
1941 790 2070 854 exserit.
2104 788 2220 872 Longe

236 888 455 953 maturescant
502 875 596 942 sicuti
630 896 704 941 earo
737 896 819 959 quae
854 874 888 940 in
921 877 987 942 olla
1018 877 1068 942 vel
1098 866 1203 941 lebete
1255 897 1333 961 ergo
1355 878 1483 959 lateque
1506 877 1627 959 patebit
1649 878 1729 942 haec
1750 875 1921 952 confessio,
1944 875 2028 940 sicut
2050 874 2147 938 etiam
2171 873 2220 937 di·

236 966 396 1047 ccqnitur.
476 962 504 1028 ‘c
533 973 644 1050 tamen
667 963 825 1044 posterior
847 983 960 1027 sensns
982 962 1113 1027 videtur
1135 983 1204 1027 me·
1255 965 1300 1028 cit
1320 961 1459 1038 Iesaias,
1481 962 1541 1044 26,
1565 962 1602 1027 9:
1638 961 1703 1029 Ubi
1732 961 1943 1044 apparuerint
1971 957 2091 1024 iudicia
2121 970 2219 1023 tuac

236 1051 300 1115 lius
329 1050 440 1126 fluere,
469 1057 507 1112 ut
533 1048 582 1112 ira
604 1046 668 1111 Dei
698 1047 885 1112 turbulento
915 1049 1038 1130 impetu
1064 1047 1205 1131 abripiat
1254 1050 1365 1128 Dens,
1388 1049 1546 1111 iustitiam
1570 1047 1695 1113 discent
1720 1046 1920 1112 habitatores
1938 1056 2052 1110 terrae.
2098 1043 2219 1123 Quam·

236 1135 353 1219 impios
385 1136 476 1218 quasi
506 1152 637 1197 carnem
670 1133 848 1213 incoctam,
881 1142 914 1198 et
947 1154 1029 1216 quae
1063 1134 1203 1216 primum
1256 1135 1438 1200 visentem
1461 1133 1620 1215 particula
1671 1132 1884 1216 &interdum
1913 1129 2106 1213 simpliciter
2134 1131 2220 1194 affir-

237 1221 376 1287 calorem
399 1217 544 1284 nondum
567 1218 677 1283 sensit.
1257 1230 1324 1285 met
1346 1219 1432 1302 apud
1454 1218 1639 1284 Hebraeos:
1668 1219 1743 1301 qnia
1760 1227 1870 1283 tamen
1886 1217 2014 1300 saepius
2032 1216 2220 1298 amplificat,

237 1378 242 1391 ,
303 1386 305 1390 .
395 1384 399 1392 ,
1256 1327 1321 1370 nou
1344 1305 1457 1370 dubito
1479 1305 1557 1388 quin
1577 1305 1630 1370 hic
1647 1303 1870 1369 subaudienda
1887 1304 1928 1368 sit
1945 1302 2118 1368 antithesis
2136 1304 2222 1366 inter

236 1456 242 1464 ,
325 1391 375 1457 11.
397 1389 579 1455 Laetabitur
608 1390 709 1455 iaetus
731 1409 827 1472 quum
848 1388 998 1473 viderit*)
1019 1390 1205 1465 vindictam:
1257 1394 1480 1470 tentationem,
1501 1410 1566 1473 qna
1588 1399 1782 1473 premuntur
1804 1390 1951 1454 infirmae
1973 1397 2100 1454 mentes
2117 1408 2222 1471 quan·

238 1497 352 1543 marus
371 1496 450 1563 suas
471 1475 588 1542 loram
610 1476 646 1539 ia
667 1476 821 1559 sanquine
842 1477 944 1558 impii.
990 1475 1039 1541 12.
1063 1474 1206 1541 Et-dicet
1258 1477 1358 1559 tisper
1381 1477 1470 1542 Dens
1492 1475 1669 1541 vindictam
1693 1495 1786 1540 snam
1809 1475 1989 1559 suspendit,
2011 1484 2044 1540 et
2065 1474 2221 1540 fiduciam

237 1558 461 1648 bomcrdtqri
477 1561 599 1644 fractas
615 1566 661 1626 est
679 1561 770 1641 iusto,
788 1563 877 1645 atqui
892 1567 935 1628 est
952 1561 1040 1627 Deus
1059 1562 1205 1627 iudicans
1258 1582 1354 1646 qnam
1392 1584 1434 1627 ex
1470 1562 1541 1626 eius
1578 1561 1703 1627 iudiciis
1747 1561 1944 1643 concipiunt.
2003 1561 2222 1626 Adversativa

238 1649 271 1713 in
291 1652 385 1714 torro.
995 1697 996 1701 ,
1257 1648 1357 1732 igitur
1380 1646 1538 1730 particula
1561 1646 1796 1712 dubitationem
1819 1646 1907 1710 illam
1931 1646 2111 1728 repellunt,
2138 1667 2222 1729 qnae

238 1810 242 1819 ,
750 1781 752 1785 ψ
904 1782 909 1817 3
1257 1755 1298 1798 ex
1322 1731 1579 1799 dissimulatione
1600 1747 1634 1798 et
1656 1732 1827 1799 tolerantia
1850 1733 1912 1798 Dei
1942 1730 2099 1814 obrepere
2127 1730 2222 1815 solet,

239 1898 243 1907 Ι
319 1815 375 1883 ’11.
407 1816 605 1903 (hortabitur
643 1815 769 1905 taem.)
835 1817 1030 1901 Quanquam
1073 1817 1204 1883 videtur
1256 1841 1294 1886 ac
1316 1819 1344 1884 si
1366 1819 1583 1903 expergefacti
1613 1839 1761 1902 soporem
1785 1838 1882 1884 snum
1904 1817 2117 1901 corrigerent.
2160 1816 2224 1881 Est

238 1904 390 1972 affectum
412 1903 507 1986 apia
529 1903 779 1969 mansuetudine
801 1904 897 1990 longe
918 1916 1080 1971 remotum
1109 1904 1204 1970 iustis
1256 1913 1365 1970 antem
1388 1905 1441 1970 hic
1464 1925 1529 1968 non
1551 1906 1694 1988 exignus,
1712 1904 1874 1987 profectus
1891 1903 1931 1968 ad
1951 1904 2115 1986 pietatem,
2139 1903 2223 1968 bene

233 1984 394 2057 tribuere:
435 1990 463 2054 si
495 1997 609 2076 tamen
643 1991 799 2055 memoria
833 2003 979 2057 tenemus
1011 1987 1097 2074 qnod
1118 1989 1203 2054 ,alibi
1256 2002 1289 2056 et
1311 1992 1440 2074 penitus
1462 1988 1556 2054 nobis
1575 2010 1647 2056 esse
1670 2010 1861 2073 persuasum
1890 1990 1992 2054 iustos
2020 1988 2156 2055 sollicite
2185 1989 2222 2052 in

234 2073 470 2159 saepiusdixi,
501 2073 628 2139 laudari
650 2095 670 2139 a
691 2075 820 2141 Davide
843 2096 941 2159 puros
963 2087 995 2141 et
1016 2078 1097 2141 bene
1120 2096 1204 2141 com·
1255 2075 1319 2142 Dei
1337 2077 1452 2141 timore
1470 2074 1667 2141 ambulando
1686 2096 1751 2141 non
1769 2073 1881 2139 ludera
1898 2095 2038 2156 operam.
2078 2073 2223 2155 Ideoque

234 2163 354 2248 positos
376 2159 521 2245 affectus,
543 2159 580 2224 in
598 2180 636 2225 eo
656 2160 740 2225 nihil
759 2174 811 2227 est
829 2162 970 2246 absurdi,
985 2161 1103 2227 fideles
1120 2159 1203 2226 duce
1255 2162 1318 2228 Ies.
1341 2161 1433 2242 3,10
1454 2160 1495 2226 ad
1519 2160 1604 2227 hanc
1626 2161 1820 2244 sapientiam
1842 2160 1926 2225 filios
1941 2159 2005 2225 Dei
2023 2160 2101 2224 oniti
2117 2159 2220 2224 iubet:

235 2259 268 2318 et
290 2245 492 2312 moderatore
514 2244 632 2328 spiritu
655 2258 768 2313 sancto
790 2249 945 2331 gandium
969 2268 1009 2313 ex
1032 2247 1097 2312 Dei
1119 2246 1203 2312 iudi·
1256 2247 1379 2331 Dicite,
1409 2247 1502 2313 Iusto
1523 2246 1604 2312 bene
1627 2248 1706 2324 erit,
1741 2245 1881 2311 laborem
1910 2265 2065 2310 manuum
2088 2263 2221 2310 suarum

234 2333 293 2400 ciis
314 2332 490 2416 percipere.
536 2329 630 2398 Unde
652 2335 739 2397 enim
768 2335 806 2399 fit
837 2347 875 2399 ut
904 2333 1078 2400 crudeliter
1106 2332 1203 2417 vulgo
1255 2332 1419 2399 comedet:
1453 2333 1529 2416 quia
1551 2334 1614 2398 nisi
1635 2353 1711 2397 mox
1734 2333 1893 2397 iustorum
1916 2331 2067 2414 probitati
2090 2350 2223 2413 respon·

234 2417 398 2504 gaudeant
427 2415 577 2483 homines
606 2417 747 2484 inimicis
779 2420 846 2486 suis
878 2418 1105 2503 pereuntibus,
1139 2418 1204 2485 nisi
1256 2420 1331 2484 deat
1352 2419 1491 2494 fructus,
1522 2418 1563 2483 ad
1585 2416 1798 2483 diffidentiam
1821 2415 1938 2483 lubrici
1961 2437 1998 2484 ac
2027 2417 2123 2499 proni
2145 2425 2224 2481 sunt

234 2506 310 2589 qnia
332 2502 470 2568 turbidis
493 2502 697 2584 passionibus
719 2502 803 2581 odii,
833 2503 1021 2570 iracundiae
1046 2520 1079 2569 et
1102 2506 1203 2587 impa·
1256 2505 1403 2570 omnium
1432 2505 1548 2583 animi,
1586 2525 1623 2570 ac
1653 2504 1681 2568 si
1712 2505 1802 2569 Deus
1831 2503 1956 2569 abiecta
1995 2502 2107 2566 mnndi
2145 2522 2223 2566 cura

236 2589 370 2678 bientiae
385 2587 560 2652 teruntur?
585 2601 622 2650 nt
639 2587 819 2655 vindictam
835 2590 1089 2673 intemperanter
1107 2610 1203 2672 expe·
1257 2590 1358 2656 otium
1381 2591 1415 2654 in
1443 2591 1532 2666 coelo
1562 2590 1693 2655 coleret.
1737 2589 1813 2670 Qua
1841 2587 1881 2652 de
1910 2610 1945 2653 re
1971 2588 2073 2653 insius
2103 2597 2222 2652 tracta·

234 2673 329 2763 tant?
373 2674 463 2756 Ergo
486 2672 542 2737 ubi
565 2671 971 2756 dominaturosro,nihi1
999 2685 1123 2748 rectum
1153 2682 1204 2740 est
1257 2674 1363 2740 bimus
1384 2675 1517 2739 Psalmo
1540 2674 1590 2740 73.
1637 2675 1810 2741 Rationem
1834 2695 1892 2739 cur
1914 2674 2024 2738 fructu
2053 2694 2133 2738 suae
2157 2674 2222 2757 pie·

236 2759 287 2859 vel
317 2759 492 2843 sincerum.
548 2756 616 2838 Qui
645 2779 724 2823 vero
752 2761 885 2843 spiritns
914 2760 981 2826 zelo
1009 2762 1113 2826 iustae
1140 2758 1204 2825 Dei
1257 2770 1334 2827 tatis
1356 2781 1417 2824 non
1448 2770 1581 2825 careant
1610 2760 1670 2826 tilii
1692 2760 1771 2839 Dei,
1800 2758 1965 2842 adiungit,
1995 2760 2072 2842 quia
2099 2760 2223 2824 scilicet

237 2843 399 2910 vindictae
416 2843 563 2932 animum
582 2864 678 2909 snum
696 2845 889 2924 conformat,
912 2868 978 2912 non
996 2847 1107 2912 minus
1118 2857 1204 2913 recte
1256 2843 1346 2912 Deus
1362 2850 1407 2910 est
1423 2846 1517 2912 iader
1535 2846 1655 2911 mundi.
1685 2845 1776 2911 Fieri
1789 2845 1878 2911 enim
1897 2865 1963 2909 non
1980 2855 2095 2927 potest,
2113 2845 2142 2910 si
2160 2843 2222 2919 Dei

237 2927 390 3016 gaudebit
411 2929 680 3012 quotiespoenas
703 2929 862 2997 divinitus
884 2932 992 3016 impiis
1019 2941 1131 3003 cernet
1153 2932 1204 2996 in·
1257 2931 1462 3015 providentia
1483 2933 1608 3016 regitur
1629 2931 1779 3007 mundus,
1803 2929 1880 3014 qnin
1899 2929 2029 2995 tandem
2048 2929 2222 2995 discrimen

237 3017 322 3105 fligi,
345 3033 441 3098 qnam
462 3013 649 3081 humaniter
670 3037 783 3081 eornm
805 3018 1048 3084 conversionem
1070 3017 1204 3101 optabit,
1257 3019 1344 3101 apud
1367 3037 1401 3084 se
1424 3038 1496 3082 esse
1517 3017 1667 3083 ostendat
1682 3017 1769 3082 inter
1786 3017 1886 3082 bonos
1901 3027 1934 3080 et
1949 3016 2062 3081 malos.
2097 3015 2222 3080 Nomen

236 3101 274 3168 ut
296 3101 380 3190 salvi
403 3100 492 3166 fiant.
534 3097 640 3166 Sicuti
663 3103 752 3166 enim
774 3102 883 3168 Deum
904 3125 964 3169 aua
986 3102 1205 3169 misericordia
1257 3108 1358 3169 terrae
1390 3102 1509 3167 diserte
1541 3103 1753 3188 exprimitur:
1792 3103 1869 3186 quia
1907 3102 2035 3185 profani
2075 3100 2223 3166 homines

237 3184 302 3255 hon
324 3184 459 3271 impedit
481 3186 656 3268 quominus
679 3189 873 3271 tempestive
895 3211 1028 3256 severus
1047 3191 1089 3254 sit
1107 3189 1205 3254 index
1257 3188 1421 3254 fortunam
1453 3200 1607 3271 putantes
1636 3188 1795 3254 dominari
1824 3190 1856 3252 in
1886 3187 2023 3265 mundo,
2051 3187 2222 3270 imperinm

238 3273 293 3340 nbi
316 3271 426 3337 nullus
448 3283 497 3336 est
520 3272 761 3356 resipiscentiae
789 3275 895 3340 locus:
928 3297 988 3341 nec
1018 3296 1131 3340 rursus
1158 3297 1206 3341 se·
1258 3272 1322 3339 Dei
1345 3276 1432 3342 coelo
1454 3273 1637 3341 includunt.

239 3358 361 3440 ,veritas
398 3357 469 3421 eius
496 3357 687 3423 clementiae
716 3370 891 3444 repugnat:
924 3360 969 3425 sie
999 3362 1097 3426 etiarn
1127 3361 1206 3426 iusti

240 3443 377 3509 iniuriae
400 3440 523 3523 placide
553 3442 737 3521 tolerando,
771 3444 879 3510 hostes
908 3467 983 3511 anos
1011 3445 1150 3515 libenter
1171 3448 1206 3511 in

241 3529 329 3593 viam
352 3525 466 3590 salutis
482 3532 682 3608 revocarent,
705 3540 737 3594 et
752 3531 941 3614 resipiscere
955 3531 1091 3596 mallent
1109 3553 1207 3614 quam
1538 3598 1540 3605 ,

242 3613 364 3701 perire,
398 3609 453 3675 ubi
483 3625 591 3677 tamen
622 3613 662 3678 ad
692 3624 857 3679 maturum
889 3614 1049 3682 vindictae
1077 3628 1207 3700 tompus
1352 3693 1354 3696 y

242 3721 297 3766 eos
320 3696 457 3763 adduxit
478 3717 539 3762 sua
560 3698 744 3775 obstinatio,
767 3704 885 3767 iustam
908 3701 1029 3767 habent
1045 3701 1207 3787 gaudendi
1579 3664 1785 3736 PSAI'MUS
1809 3664 1905 3733 Hx·

242 3784 427 3853 materiam:
458 3782 616 3864 quiahoc
640 3785 733 3850 modo
756 3785 858 3851 vitam
881 3788 1068 3852 suamDeo
1091 3789 1207 3871 pretio·

243 3890 312 3936 sam
336 3888 406 3935 0330
429 3886 617 3952 agnoscunt·
663 3869 767 3936 Sicuti
796 3893 873 3955 ergo
902 3883 1040 3956 gemunt
1071 3894 1109 3939 ao
1139 3885 1207 3938 tor,
1260 3855 1343 3909 ABG.
1363 3854 1509 3924 Inscriptio
1532 3870 1601 3924 quae
1618 3871 1681 3908 mox
1704 3861 1840 3924 sequetur,
1865 3856 1986 3910 declarat
2008 3874 2061 3926 qna
2085 3829 2223 3911 occasione

243 3964 385 4041 quantur
406 3953 559 4036 quamdin
582 3955 621 4019 ad
645 3976 756 4020 eorum
778 3956 969 4024 afflictiones
986 3959 1078 4024 Dens
1095 3962 1206 4024 conni·
1361 3923 2152 4061 {ffffffeffssniogff‘lffl’gssussiffffssnssfflffiiffi
2166 3933 2223 4048 aba}

244 4052 312 4105 vet:
331 4038 391 4104 'ita
424 4040 494 4104 fieri
525 4060 591 4105 non
623 4053 730 4129 potest
762 4044 839 4124 quin
868 4042 933 4108 illis
959 4044 1137 4111 iucundum
1164 4046 1207 4110 sib
1361 4063 1455 4115 vitiam
1473 4066 1593 4124 accuset,
1619 4062 1692 4114 nullo
1710 4077 1759 4115 suo
1777 4064 1875 4116 merito
1892 4064 1945 4117 sibi
1959 4072 2016 4116 tam
2033 4064 2148 4118 iniustos
2165 4080 2224 4117 esse

242 4127 360 4191 iustam
384 4125 557 4191 sceleribus
580 4125 760 4192 mercedem
784 4128 926 4210 rependi,
1360 4130 1485 4184 affirmat.
1521 4128 1691 4196 conquestus
1714 4140 1803 4185 autem
1820 4132 1854 4185 dc
1867 4132 1978 4189 ¹illorum
1997 4132 2151 4201 iniquitate,
2175 4134 2224 4186 im·

247 4206 251 4215 ¹
329 4211 380 4274 12·
402 4208 457 4294 (Ep
479 4211 557 4277 dicet
579 4209 691 4297 homo.)
734 4211 787 4276 Ex
809 4233 905 4279 musa
927 4223 960 4278 et
989 4216 1054 4280 fine
1086 4215 1206 4300 gaudii,
1361 4199 1450 4267 plorat
1475 4214 1552 4266 opem
1573 4196 1636 4249 Dei:
1662 4206 1690 4250 et
1713 4207 1855 4281 postquam
1879 4202 1978 4254 sanctis
2003 4200 2224 4256 meditationibus

244 4296 349 4398 qualis
372 4296 424 4361 hic
444 4294 647 4377 describitur,
669 4297 788 4363 clarius
803 4311 937 4381 apparet
952 4301 1103 4365 affectum
1119 4301 1206 4368 hunc
1361 4267 1605 4388 ssffqfflffpiff
1617 4266 2224 4404 5⁸ss,'‘gfflss’pd205ffi‘ffiffiffiffffl⁰ss

243 4407 278 4449 ιιι
301 4382 423 4449 sanctis
445 4401 563 4463 purum
586 4403 657 4447 esse
678 4384 766 4447 omui
798 4383 887 4448 vitio.
931 4383 1125 4470 Quanquam
1157 4387 1205 4452 vi·
1360 4420 1472 4471 morem,
1489 4412 1520 4455 ur
1537 4402 1586 4455 Dei
1604 4405 1719 4471 gatiam
1736 4407 1863 4460 celebrer.

244 4470 337 4535 detur
359 4466 480 4551 passim
502 4466 543 4531 ad
566 4468 695 4549 quosvis
718 4467 894 4534 extendere
916 4469 1001 4551 quod
1024 4473 1116 4553 prins
1137 4488 1206 4537 tan·

244 4568 313 4621 tum
336 4552 375 4618 de
397 4552 492 4619 iustis
514 4549 649 4617 dixerat.
687 4550 752 4618 Sed
775 4554 852 4637 quia
869 4556 1026 4620 confessio
1045 4555 1124 4621 haec
1142 4579 1205 4621 non
1344 4561 1373 4623 1.
1396 4556 1571 4637 Praefecto,
1613 4557 1663 4622 Ne
1688 4560 1823 4640 podas,
1862 4560 2001 4628 Doridis
2042 4559 2225 4638 Micbtbora,

244 4649 348 4724 potest
371 4640 432 4705 nisi
455 4636 604 4703 fidelibus
627 4637 872 4720 quadrare,qni
892 4661 967 4705 vere
985 4642 1103 4706 oculati
1121 4653 1206 4724 sunt,
1258 4663 1355 4725 quum
1387 4642 1473 4708 misit
1502 4640 1597 4720 Saul,
1631 4649 1657 4707 et
1688 4647 1896 4711 custodierunt
1927 4648 2050 4714 doctam
2083 4647 2128 4712 od
2155 4666 2226 4710 eam

244 4749 298 4792 ecs
320 4726 404 4791 solos
426 4723 486 4789 snb
509 4724 638 4789 nomine
661 4722 801 4789 hominis
824 4726 927 4789 notari
950 4727 1104 4792 arbitror:
1133 4747 1205 4791 curn
1259 4727 1515 4808 interficiendum.
1560 4728 1590 4792 2.
1614 4729 1731 4795 Libero
1748 4751 1796 4795 me
1817 4730 1856 4797 ab
1877 4733 2017 4798 inimicis
2039 4733 2118 4797 meis
2135 4730 2225 4796 Deris

242 4813 305 4878 hac
327 4822 435 4875 tamen
459 4811 603 4887 ratione,
634 4819 669 4873 nt
690 4809 851 4892 significet
875 4809 981 4874 David
1004 4810 1123 4878 multos
1152 4813 1208 4895 qui
1259 4816 1318 4896 mi,
1353 4813 1391 4877 ab
1412 4813 1643 4896 instruentibus
1675 4816 1709 4878 in
1732 4837 1788 4881 ,me
1819 4817 1920 4883 attolle
1951 4839 2008 4883 me.
2051 4819 2083 4884 3.
2108 4816 2226 4882 Libera

245 4897 382 4981 perculsi
405 4896 534 4960 inerant
553 4915 590 4960 ac
609 4894 740 4971 turbati,
766 4893 925 4960 redituros
938 4895 980 4958 ad
999 4897 1209 4980 tranquillam
1259 4919 1307 4963 me
1334 4898 1373 4962 ab
1402 4900 1560 4978 operariis
1588 4901 1781 4980 iniquitatis,
1814 4908 1842 4966 et
1869 4923 1890 4967 a
1919 4905 1998 4969 viris
2031 4904 2225 4987 scaenicum

248 4996 400 5047 mentem,
435 4982 595 5061 Quamvis
618 5001 695 5064 ergo
714 4979 845 5045 nonnisi
863 4980 947 5046 filios
959 4980 1022 5046 Dei
1040 4982 1210 5065 intelligat,
1261 5003 1351 5047 cerco
1372 5002 1434 5046 me:
1468 4985 1498 5048 4.
1526 4985 1607 5066 theia
1629 5004 1692 5049 ecce
1712 4986 1860 5052 insidiati
1881 4994 1953 5054 sart
1974 4991 2101 5055 animae
2129 5009 2226 5067 mooe,

248 5067 364 5131 merito
379 5066 383 5074 '
396 5064 566 5132 indefinite
599 5064 742 5148 loquitur
775 5066 868 5148 quasi
909 5066 948 5130 de
987 5066 1209 5133 multitudine:
1262 5069 1436 5150 concrepasti
1457 5075 1530 5134 snat
1552 5072 1717 5136 mearam
1739 5091 1785 5134 me
1812 5075 1948 5140 robusti:
1980 5095 2041 5140 nort
2064 5080 2227 5156 pecuum

246 5190 448 5199 --—
807 5230 812 5237 .
1262 5171 1379 5231 mrum,
1412 5159 1520 5221 dnus
1541 5157 1640 5222 scelus
1662 5175 1763 5220 meum
1786 5154 1911 5223 Iebcrc.
1954 5160 1983 5224 5.
2010 5159 2085 5226 Sirra
2106 5160 2225 5241 iniqui·

334 5256 361 5322 *)
378 5254 468 5324 quand
485 5256 505 5307 il
519 5272 584 5308 aura
600 5271 642 5323 ru,
661 5269 695 5309 aa
709 5268 816 5323 murce:
835 5271 870 5306 ou
887 5269 987 5322 ponrce
1004 5255 1067 5323 qn’il
1085 5271 1150 5307 aura
1169 5269 1210 5305 vn.
1261 5240 1322 5301 tate
1341 5246 1550 5320 cucurrerunt,
1573 5248 1601 5307 et
1622 5263 1654 5307 se
1675 5242 1897 5325 itttiruoetrurtt,
1919 5247 2104 5313 carcereis
2123 5264 2225 5312 obcur-
