4658 5856
104 339 169 406 593
914 333 1130 402 PSALMUS
1154 336 1284 404 LXIIL
2034 339 2099 404 594

105 526 213 606 noxii,
241 525 307 590 imo
329 545 388 590 uos
410 524 540 608 profani
570 523 719 589 homines
748 544 807 607 pro
836 522 1076 589 reiectamentis
1127 544 1179 588 ma
1206 525 1232 591 's
1254 524 1433 591 notandum
1456 532 1515 606 est,
1538 526 1632 591 utin
1656 527 1793 593 summis
1815 528 1911 593 etiem
1931 527 2098 595 doloribus

105 613 257 690 habeant,
280 611 396 694 respici
419 624 530 676 tamen
552 624 683 677 nostras
705 630 878 675 aerumnas
899 607 1016 686 aDeo,
1040 617 1077 674 ut
1127 609 1167 673 ad
1225 632 1300 677 eum
1323 613 1497 691 enitamur,
1517 612 1635 694 quibus
1653 613 1809 678 minimae
1827 635 1973 697 quaeque
1991 626 2098 680 tenta·

105 697 298 782 tempestive
320 711 505 762 succurrat:
527 700 605 780 qnia
626 715 761 761 suorum
782 694 986 760 tolerantiam
1008 716 1074 759 non
1127 697 1231 762 tiones
1254 718 1384 763 omnem
1406 698 1475 762 iere
1496 697 1567 762 eius
1590 699 1737 763 notitiam
1769 701 1948 765 excutiunt.
1993 700 2097 783 Atqui

103 782 325 849 frustrabitur.
378 781 475 863 Quod
506 791 614 847 autem
650 780 702 846 bis
735 781 907 846 sententiis
939 779 1075 862 probare
1126 780 1235 847 David
1258 805 1325 847 non
1348 783 1444 847 modo
1466 803 1540 848 eom
1571 783 1742 866 implorat,
1774 785 1830 850 sed
1864 784 1971 850 Deum
2000 807 2096 851 sunm

103 868 309 936 contendunt
335 870 499 951 papistae,
529 888 589 933 nos
611 887 748 952 operum
771 867 895 933 meritis
917 866 1075 930 iustitiam
1125 888 1197 932 esse
1219 869 1351 945 statuit,
1384 890 1427 934 ue
1449 867 1574 934 dubitet
1596 889 1672 934 eoas
1701 891 1796 936 curas
1826 871 1860 934 in
1890 873 1959 937 eius
1989 874 2099 937 sinum

103 967 138 1021 et
159 956 298 1021 salutem
321 954 494 1036 consequi:
528 975 626 1038 quam
649 952 802 1018 frivolum
827 952 888 1027 sit,
918 952 994 1016 alibi
1018 951 1074 1016 do·
1125 953 1304 1035 coniicere,
1336 975 1434 1035 quom
1464 964 1573 1019 tamen
1598 956 1746 1021 desertus
1774 957 1863 1020 omni
1894 956 2032 1037 auxilio,
2060 958 2095 1021 in

102 1042 240 1108 caimos.
285 1038 493 1122 Simulatque
514 1040 600 1105 iacta
621 1051 671 1105 set
693 1058 827 1121 operum
851 1039 991 1115 mentio,
1014 1037 1074 1102 hoc
1125 1047 1220 1103 vasta
1252 1049 1287 1103 et
1315 1040 1408 1105 arida
1436 1040 1611 1106 solitudine
1641 1041 1876 1124 quodammodo
1906 1043 2096 1108 tabesceret.

103 1127 276 1211 arripiunt,
299 1145 337 1190 aa
359 1125 387 1191 si
406 1126 497 1190 Deus
515 1136 644 1190 tantum
668 1124 824 1206 cuiusque
842 1124 959 1188 merita
977 1123 1074 1187 aesti·
1125 1122 1225 1190 Fides
1246 1123 1326 1190 haee
1349 1146 1414 1208 qna
1436 1146 1610 1209 persuasus
1628 1139 1698 1191 erat
1716 1128 1822 1192 Deum
1841 1128 1901 1192 sibi
1921 1129 2096 1212 propitium

103 1233 207 1289 mens,
230 1209 372 1275 debitum
396 1209 578 1278 mercedem
604 1210 808 1294 rependeret
853 1209 955 1291 Atqui
978 1208 1074 1290 longe
1125 1231 1212 1289 esse,
1240 1224 1273 1275 et
1294 1210 1409 1278 salutis
1431 1233 1509 1277 suae
1531 1211 1714 1290 custodem,
1737 1212 1932 1278 desiderium
1962 1217 1996 1278 in
2026 1215 2097 1279 eius

102 1299 167 1364 alio
189 1297 323 1364 consilio
351 1298 485 1379 spiritus
513 1295 694 1362 mercedem
725 1296 877 1379 operibus
905 1295 1074 1376 promittit,
1125 1296 1221 1361 corde
1243 1297 1408 1374 accendit,
1442 1308 1481 1362 ut
1503 1297 1642 1363 assiduis
1665 1299 1751 1362 votis
1773 1309 1807 1361 et
1828 1297 2020 1365 ardentibus
2042 1322 2098 1364 ex·

103 1404 221 1467 nempe
242 1393 281 1447 ut
303 1382 509 1448 innocentiae
531 1384 702 1463 studeant,
733 1402 797 1447 non
827 1390 938 1445 autem
960 1400 1075 1462 super·
1124 1390 1251 1463 peteret
1279 1404 1374 1465 quam
1406 1384 1558 1467 sperabat
1586 1385 1735 1467 gratiam.
1780 1383 1889 1466 Quum
1921 1385 2000 1450 dicit
2029 1386 2098 1451 oni-

102 1468 192 1535 biant
214 1467 375 1553 sacrilega
396 1469 525 1548 fiducia,
547 1489 631 1551 quae
653 1479 753 1534 totam
773 1466 910 1532 salutem
929 1487 949 1531 a
967 1467 1075 1532 radiae
1124 1488 1210 1533 amm
1230 1488 1323 1533 mom
1344 1470 1435 1534 sitire
1455 1474 1485 1534 et
1505 1490 1631 1536 carnem
1652 1471 1879 1549 concupiscere,
1906 1468 1947 1534 ad
1968 1480 2096 1554 egesta·

101 1555 232 1620 evertit.
266 1554 324 1620 eis
345 1575 424 1638 ergo
442 1554 564 1620 iudicat
584 1555 673 1619 Deus
692 1554 733 1619 de
750 1554 901 1636 operibus
919 1551 1074 1631 fidelium,
1126 1563 1192 1618 tem
1214 1565 1247 1618 et
1263 1556 1435 1635 penuriam
1455 1554 1572 1620 alludit
1590 1575 1653 1637 qua
1670 1554 1880 1639 premebatur
1897 1559 1932 1618 in
1950 1554 2095 1621 deserto:

102 1651 272 1706 uteorum
296 1643 436 1722 pretium
459 1655 492 1705 et
513 1641 694 1705 aestimatio
722 1639 864 1723 primum
889 1659 909 1701 a
931 1638 1075 1721 gratuita
1125 1640 1216 1720 quasi
1239 1639 1368 1719 diceret,
1391 1641 1542 1722 quamvis
1559 1641 1689 1705 ieiunus
1707 1648 1741 1705 et
1758 1641 1925 1706 famelicus
1944 1641 2096 1706 omnibus

101 1737 306 1810 peccatorum
329 1726 520 1792 remissione
541 1726 691 1808 pendeat,
715 1746 778 1807 qua
801 1725 862 1789 sibi
885 1723 1074 1789 reconciliat
1125 1724 1214 1789 vitae
1251 1725 1406 1792 subsidiis
1438 1726 1603 1810 indigeat,
1639 1726 1748 1791 Deum
1787 1737 1896 1792 tamen
1934 1726 1994 1792 sibi
2024 1747 2097 1792 esse

100 1812 270 1895 indignos:
302 1809 419 1876 deinde
442 1832 573 1877 amere
594 1811 819 1894 indulgentia,
842 1831 925 1891 quae
947 1808 1073 1874 mutilis
1125 1811 1229 1874 instar
1251 1809 1313 1875 cibi
1341 1821 1374 1877 et
1404 1823 1517 1895 potue,
1547 1821 1584 1876 ut
1611 1811 1691 1877 illuc
1720 1813 1845 1877 feratur
1873 1832 1931 1876 sua
1961 1813 2094 1878 esuries.

101 1900 180 1981 ipsis
209 1908 243 1961 et
269 1896 408 1962 sordidis
437 1899 580 1963 favorem
611 1896 773 1962 conciliat.
826 1895 958 1960 Scimus
987 1895 1074 1958 enim
1126 1895 1221 1974 Quod
1246 1896 1373 1961 animae
1395 1898 1492 1976 sitim,
1514 1897 1604 1962 carni
1628 1898 1745 1962 samem
1770 1897 1893 1973 tribuit,
1917 1918 1982 1961 non
2001 1897 2098 1962 debet

101 1984 227 2049 nullum
251 2002 333 2066 opus
355 2002 464 2048 coram
486 1984 559 2047 Deo
581 1983 711 2065 prodire
735 1982 785 2047 vel
808 1980 990 2063 perlectum
1022 1977 1074 2045 vel
1125 1982 1315 2063 scrupulose
1337 1983 1438 2064 accipi
1461 1984 1524 2046 ista
1545 1983 1695 2066 partitio:
1729 1983 1806 2065 quia
1828 1983 2019 2065 simpliciter
2045 1985 2096 2048 in·

99 2090 219 2154 purum
242 2067 396 2151 nullaque
417 2068 489 2133 labe
510 2068 677 2134 infectum.
718 2067 814 2134 Unde
836 2066 985 2148 sequitur
1006 2086 1075 2130 me·
1126 2065 1241 2147 telligit
1264 2089 1299 2131 se
1322 2069 1431 2132 anima
1454 2078 1488 2133 et
1508 2088 1608 2133 carne
1630 2068 1739 2132 Deum
1762 2078 1926 2151 appetere.
1971 2068 2097 2148 Quam·

99 2176 156 2220 rae
189 2174 260 2220 esse
294 2152 516 2233 liberalitatis,
554 2153 641 2237 quod
674 2153 857 2218 mercedem
890 2151 1074 2215 inveniunt.
1127 2153 1177 2216 vis
1210 2153 1297 2216 enim
1328 2152 1417 2217 nullo
1447 2154 1593 2238 appetitu
1628 2174 1687 2235 per
1720 2175 1755 2219 se
1787 2165 1937 2219 movetur
1970 2174 2097 2238 eorpus,

100 2240 211 2323 Quum
224 2260 303 2323 ergo
321 2241 485 2322 scriptura
503 2239 684 2305 mercedem
705 2238 783 2303 filiis
795 2238 859 2302 Dei
872 2236 1075 2320 promittens,
1126 2250 1236 2302 temen
1270 2238 1348 2304 satis
1381 2249 1510 2303 constat
1542 2240 1673 2305 animae
1706 2239 1842 2305 affectus
1875 2239 1953 2304 illue
1995 2260 2100 2323 usque

98 2340 226 2392 tautum
249 2346 305 2390 eos
328 2323 369 2389 ad
392 2325 538 2390 studium
557 2325 689 2408 pietatis
711 2336 743 2388 et
776 2323 921 2389 iustitiae
949 2322 1075 2397 incitet,
1126 2331 1297 2406 penetrare
1318 2332 1352 2387 et
1374 2323 1522 2389 diffundi.

101 2434 164 2496 quo
186 2412 327 2478 alacrius
349 2410 421 2475 Deo
443 2411 602 2489 militent,
632 2409 715 2475 nihil
743 2421 853 2474 autem
877 2407 942 2472 Dei
972 2407 1075 2488 ipsius
1211 2409 1241 2473 3.
1272 2406 1340 2494 (Sic
1360 2410 1396 2474 ia
1416 2410 1623 2495 ranacario.)
1667 2410 1851 2476 Confirmat
1879 2411 1964 2493 quod
1995 2431 2100 2493 nuper

101 2497 343 2564 misericordiae
365 2497 516 2580 deroget:
548 2496 645 2561 nimis
666 2495 789 2561 insulse
819 2495 964 2559 inierunt
986 2494 1075 2576 papi·
1127 2494 1238 2576 attigi,
1267 2516 1318 2572 se,
1348 2515 1449 2576 quum
1478 2496 1513 2559 in
1543 2494 1672 2561 deserto
1701 2516 1812 2561 rerum
1835 2497 1981 2561 omnium
2005 2498 2099 2579 inops

101 2599 171 2650 stae
193 2587 311 2649 mereri
334 2581 446 2647 fideles
469 2582 553 2666 quod
575 2581 642 2646 illis
662 2581 862 2664 rependitur.
903 2579 1074 2659 Quantum
1128 2591 1248 2663 ageret,
1271 2600 1439 2661 nunquam
1464 2590 1574 2646 tamen
1597 2582 1661 2646 Dei
1691 2582 1790 2646 luisse
1819 2582 1966 2647 oblitum.
2012 2582 2097 2645 Nam

102 2672 142 2733 ad
165 2690 296 2753 poenas,
320 2669 411 2733 nulla
434 2681 484 2733 est
504 2668 663 2733 dubitatio
680 2668 758 2750 quin
782 2686 836 2732 eas
859 2666 975 2729 merito
994 2663 1075 2746 legis
1128 2664 1305 2747 particulae
1323 2664 1379 2731 Sic
1402 2686 1467 2732 nou
1489 2667 1562 2732 leve
1583 2667 1712 2749 pondus
1731 2668 1830 2732 inest:
1861 2667 1944 2733 acsi
1968 2666 2099 2748 diceret,

100 2778 180 2822 suae
202 2755 483 2838 contemptoribus
504 2754 633 2838 infligat
655 2754 756 2818 Deus.
1128 2750 1289 2829 Quamvis
1310 2751 1345 2814 in
1368 2751 1431 2818 hae
1453 2751 1628 2818 solitudine
1650 2751 1733 2817 nihil
1753 2754 1815 2818 nisi
1835 2756 1928 2818 triste
1946 2763 1981 2816 et
1997 2753 2100 2818 horri-

1129 2836 1206 2900 dum
1229 2850 1401 2920 appareat,
1424 2848 1461 2902 ut
1483 2840 1554 2921 ipsa
1573 2839 1635 2905 loci
1658 2839 1818 2920 asperitas
1840 2841 1943 2920 possit
1966 2839 2101 2904 obtene-

1130 2922 1224 2986 brare
1245 2922 1370 2988 oculos:
1398 2944 1458 3007 ego
1481 2934 1589 2989 tamen
1612 2925 1790 3006 ingloriae
1812 2934 1846 2987 et
1868 2924 2001 2988 virtutis
2023 2935 2100 2990 tuae

514 3068 518 3077 .
1129 3008 1251 3072 intuitu
1287 3029 1339 3072 me
1368 3028 1519 3086 exerceo,
1553 3009 1688 3091 perinde
1718 3031 1755 3074 ac
1785 3010 1813 3073 si
1849 3009 1882 3071 in
1916 3011 2101 3073 sanctuario

398 3112 607 3184 psmffls
634 3110 771 3179 LXIII,
1129 3114 1243 3157 essem.
1289 3092 1454 3172 Quamdiu
1488 3094 1624 3159 liberum
1655 3097 1763 3159 iuerat
1791 3093 1914 3158 Davidi
1947 3104 2099 3160 sanctua-

1130 3179 1214 3243 rium
1237 3178 1344 3254 adiro,
1365 3178 1489 3244 cultum
1512 3179 1604 3243 illum
1628 3179 1766 3264 legalem
1790 3180 1925 3244 minime
1948 3180 2100 3263 neglexe-

102 3283 188 3339 ΑΒΘ.
207 3284 332 3338 Psalmis
350 3285 465 3339 hicnon
484 3292 540 3338 tam
558 3299 655 3353 preces
672 3281 804 3343 mutiret,
822 3297 903 3349 quem
920 3280 979 3348 pias
993 3278 1076 3331 medi·
1130 3274 1197 3327 rat:
1228 3265 1303 3346 quia
1325 3266 1447 3329 sciebat
1469 3265 1588 3331 talibus
1610 3265 1808 3330 adiumentis
1831 3265 1890 3330 sibi
1914 3285 1985 3329 esse
2008 3286 2098 3346 opus.

206 3355 333 3421 tationes,
355 3355 492 3423 quaesibi
511 3355 738 3407 interextremas
759 3350 907 3417 molestias,
931 3349 1075 3412 auxitatee,
1128 3349 1226 3414 Num)
1259 3350 1313 3413 ubi
1348 3350 1541 3432 prohibetur
1573 3352 1614 3416 ab
1643 3371 1791 3427 ΜΘΝ,
1831 3359 1972 3415 mentem
2007 3371 2098 3415 suam

206 3423 413 3504 sediserimins
435 3420 789 3505 1¹¹.⁸⁰¹.⁸ll¹¹¹¹¹l'‘ll'⁰⁸¹¹lh
813 3416 1076 3540 ‘Votsssrismsd
1127 3435 1269 3500 ostendit
1291 3456 1356 3499 non
1380 3457 1450 3501 esse
1479 3437 1625 3502 externis
1655 3437 1811 3521 symbolis
1841 3437 1990 3502 affixam:
2026 3439 2101 3519 quia

207 3500 315 3562 miscet,
342 3509 411 3561 queo
437 3491 550 3547 ⁰b¹⁰⁰l¹⁸
577 3490 730 3544 ‘mm
756 3503 853 3540 ΨΜ
903 3503 951 3539 ⁶¹¹⁸
974 3501 1063 3538 ”⁰⁰⁰⁰
1128 3523 1160 3585 in
1185 3521 1348 3605 spirituali
1371 3522 1434 3587 Dei
1458 3522 1612 3607 adspectu
1643 3523 1858 3588 nihilominus
1887 3543 1922 3589 ae
1951 3522 2099 3587 oblectat.

207 3568 329 3630 paveret.
1126 3608 1172 3671 Et
1193 3607 1292 3672 simul
1315 3608 1413 3672 etiam
1435 3630 1470 3673 re
1492 3610 1563 3692 ipsa
1586 3609 1790 3674 demonstrat
1809 3629 1907 3691 quam
1927 3609 2008 3672 bene
2026 3629 2102 3691 pro·

191 3719 218 3780 1·
244 3716 405 3782 Canticum
425 3716 566 3782 Doridis
597 3734 694 3796 mam
715 3714 784 3795 ipse
804 3717 883 3778 esset
903 3712 938 3775 i„
960 3710 1075 3773 deserto
1127 3693 1240 3758 iecerit
1260 3693 1296 3758 in
1318 3693 1385 3758 illis
1414 3694 1545 3777 pietatis
1576 3696 1739 3761 exercitiis
1768 3715 1849 3778 quae
1871 3693 2035 3758 Dominus
2064 3695 2098 3758 iu

103 3802 237 3867 pepuza,
283 3802 313 3865 2,
337 3800 426 3866 Deus
447 3806 491 3879 m,
513 3765 604 3867 Dea,
625 3784 714 3865 ,κάς
734 3818 785 3882 33,
813 3817 905 3863 mane
925 3814 1075 3877 quomam
1126 3778 1198 3863 lege
1229 3777 1451 3844 mandaverat.
1495 3781 1604 3846 Crassi
1633 3793 1667 3845 et
1696 3780 1910 3863 superstitiosi
1942 3780 2101 3854 homines,

103 3892 147 3952 fe,-
179 3888 278 3953 ,aiva
300 3887 343 3952 ad
362 3891 391 3950 ιθ
411 3888 522 3951 ,mima
541 3906 609 3950 mea
646 3884 821 3964 concupivit
851 3888 878 3947 ιθ
905 3900 978 3945 ωνο
1005 3899 1075 3944 mea
1127 3866 1316 3946 quantisper
1346 3877 1422 3929 ante
1443 3867 1551 3932 oculos
1574 3878 1748 3931 versantur
1775 3867 2014 3942 caeremoniae,
2046 3867 2094 3928 vi·

103 3975 137 4037 ,n
161 3979 246 4037 pm
273 3972 422 4054 squama
444 3976 471 4034 ά
492 3936 653 4036 spiculi„
675 3972 744 4036 Sp„
764 3969 868 4050 aqui,
914 3967 944 4030 3,
969 3963 1022 4030 ,5¹50
1040 3965 1075 4028 i„
1127 3950 1246 4014 dentur
1267 3950 1327 4014 aeli
1351 3950 1465 4015 ardore
1487 3953 1520 4014 in
1552 3954 1676 4018 coelum
1708 3952 1800 4016 ferri:
1839 3950 1895 4016 sed
1924 3971 1990 4014 una
2019 3973 2093 4016 cum

101 4057 284 4124 mmmm
306 4057 454 4137 commi
482 4061 510 4120 te
540 4057 583 4122 ad
611 4055 783 4122 „fidendum
811 4053 905 4118 robur
933 4057 1021 4116 tuum
1049 4056 1076 4115 a
1127 4035 1303 4118 spectaculi
1325 4037 1430 4118 figura
1452 4037 1561 4101 statim
1586 4038 1699 4120 religio
1720 4037 1787 4102 illis
1809 4038 1981 4102 evanescit.
2027 4038 2093 4102 Da·

101 4145 239 4226 fimum
259 4148 355 4207 guam·
389 4142 419 4206 4Ι
449 4141 533 4222 Quia
553 4141 663 4207 melio,
684 4139 884 4225 dementiae)
906 4141 961 4202 gua
983 4155 1077 4216 quam
1129 4121 1182 4184 vid
1205 4133 1324 4199 autem,
1351 4123 1502 4203 quamvis
1524 4144 1612 4189 nunc
1634 4126 1785 4205 privatus
1808 4124 1851 4188 sit
1873 4126 2097 4206 caeremoniis,

102 4231 178 4309 „pm
201 4229 285 4294 papia
303 4249 372 4294 ,m
399 4226 573 4292 laudabunt
599 4231 636 4292 gp,
681 4227 711 4292 5·
736 4226 790 4292 ,550
817 4224 991 4289 {mamm
1020 4221 1077 4286 tibi
1128 4228 1240 4271 earum
1263 4217 1372 4271 tamen
1396 4209 1587 4273 memoriam
1611 4210 1748 4286 retinet,
1778 4218 1814 4272 ut
1844 4211 1883 4272 ad
1908 4208 2015 4273 Deum
2041 4209 2097 4273 ad·

104 4317 140 4380 5„
160 4316 227 4379 νῆα
247 4334 325 4390 m,
347 4314 382 4377 ,ῃ
403 4312 529 4377 „omine
550 4317 603 4378 tuo
623 4313 727 4378 levabo
747 4331 863 4377 mam
883 4327 979 4374 mm,
1127 4292 1230 4390 apiret
1247 4312 1288 4390 ac
1309 4293 1441 4357 nitatur.
1486 4291 1597 4374 Quare
1627 4294 1807 4372 diseamus,
1839 4295 1908 4358 eius
1937 4295 2095 4376 exemplo,

1128 4384 1256 4442 etiamsi
1279 4397 1337 4441 nos
1359 4379 1505 4443 externis
1532 4382 1681 4445 omnibus
1704 4381 1829 4463 gratiae
1850 4379 1914 4445 Dei
1943 4379 2098 4463 symbolis

192 4484 221 4550 1,
243 4483 300 4568 (In
321 4485 464 4570 amna)
508 4484 575 4549 por
598 4484 763 4550 (mortum
785 4482 914 4548 lehudn
935 4478 1078 4563 intelligi
1128 4463 1262 4545 spoliari
1294 4464 1479 4548 contingat,
1520 4466 1606 4530 inter
1636 4465 1759 4531 medias
1796 4486 1924 4547 quoque
1963 4466 2099 4546 abyssos

104 4570 270 4636 desertum
292 4570 388 4654 Ziph,
411 4571 466 4637 ubi
490 4570 600 4636 David
623 4569 679 4635 diu
702 4569 859 4634 oberrans
882 4567 995 4645 latuit,
1017 4566 1077 4628 mi·
1128 4548 1236 4614 D⁰¹¹¹¹¹
1250 4548 1334 4648 ,fidel
1357 4548 1457 4615 ⁰⁰⁰¹ss
1480 4549 1836 4650 Βᾶξβῑθίθῡᾶῡφριρῦἱι
1858 4571 1945 4624 0⁸⁸0.
1969 4570 2010 4612 11⁰
2033 4559 2099 4647 ῐθζ·

104 4657 194 4719 nime
215 4655 349 4722 dubium
372 4665 431 4722 est.
476 4656 579 4721 Porro
600 4656 677 4738 quia
698 4654 839 4720 fideliter
861 4652 977 4720 recitat
998 4670 1077 4733 quo·
1129 4634 1976 4737 gum0¹⁰bV01'l2ffl119⁸¹1¹¹¹¹11²NJ⁸¹b¹l⁰5fidum
2005 4635 2098 4700 ¹1⁰b¹⁸

104 4740 202 4805 modo
222 4741 311 4806 inter
332 4743 403 4825 ipse
425 4740 570 4826 pericula
592 4740 691 4806 luerit
713 4741 865 4820 effeetus,
895 4737 1079 4822 colligimus
1129 4721 1255 4784 flblsslflfl
1284 4731 1392 4785 mni·
1440 4720 1495 4820 ‚5¹0
1529 4733 1595 4786 ⁸⁰⁸2
1617 4731 1697 4823 ,ΠΨ
1729 4721 1898 4820 ΒΡΙΓᾈῐΠθῙθ
1931 4718 2096 4785 ¹³Vfl⁰r1¹m

105 4825 206 4892 nullis
227 4846 374 4910 unquam
397 4827 540 4892 miseriis
562 4828 609 4893 eie
631 4826 733 4892 fuisse
756 4835 973 4909 prostratum,
1000 4825 1078 4905 quin
1130 4805 1217 4904 (inid
1246 4805 1345 4869 Semel
1370 4804 1533 4907 ΟΜΝΗ(
1548 4807 1642 4872 ⁰0b¹⁸
1663 4830 1698 4870 ¹¹1
1722 4806 1882 4905 baptismo
1909 4825 2097 4888 Yepfaflflefl·

105 4923 254 4980 suavota
272 4914 307 4978 in
325 4912 450 4980 coelum
470 4912 647 4977 attolleret:
670 4914 737 4977 imo
754 4923 844 4978 certa
861 4922 895 4977 et
912 4914 1073 4977 constanti
1130 4902 1214 4956 Νη
1234 4890 1320 4975 EPh·
1343 4889 1373 4965 5v
1397 4891 1448 4956 26·
1489 4894 1552 4957 Τιῐ·
1576 4894 1605 4968 3·
1628 4894 1649 4957 5
1679 4894 1781 4956 fi¹¹¹ffl
1808 4914 1841 4954 ¹¹1
1867 4911 1963 4955 ⁸0⁰⁸ss
1987 4905 2099 4956 ΗΘΜ-ΓΟ

105 5001 171 5066 fid„
210 4999 413 5066 recumberet
444 4999 477 5062 5„
512 4997 576 5062 Dei
608 4999 848 5083 promissiones,
904 4997 999 5080 Quod
1036 5019 1074 5063 00
1130 4976 1399 5076 manerendebet.
1452 4978 1508 5044 Sic
1536 4999 1655 5043 arcana
1684 4977 1807 5041 Christi
1834 4997 1912 5075 'eum
1942 4977 2099 5042 membris

1131 5084 1199 5128 sure
1219 5071 1355 5128 socratas
1377 5084 1443 5128 non
1465 5064 1561 5128 modo
1583 5065 1617 5128 in
1640 5081 1760 5130 coenae
1779 5073 1914 5136 actione,
1936 5062 1993 5127 sed
2017 5083 2102 5126 sem·

193 5190 222 5257 .)
239 5207 284 5243 ear
302 5198 331 5243 ω
351 5187 499 5258 benignita,
522 5203 558 5242 ω,
575 5202 681 5258 mam:
707 5206 741 5243 oa
764 5206 834 5259 pour
856 5205 886 5243 ee
910 5205 964 5257 que
987 5194 1017 5241 ,2
1033 5188 1080 5240 bs·
1132 5170 1190 5232 per
1206 5166 1376 5215 occurrere
1394 5151 1487 5215 nobis
1510 5148 1613 5250 debet
1648 5151 1719 5249 Iuro
1734 5149 1762 5212 si
1778 5149 1908 5248 quanvis
1927 5150 2101 5247 tyrannica

111 5260 224 5329 nsignite.
1133 5257 1258 5304 sacram
1280 5255 1415 5302 coenam
1438 5248 1470 5301 et
1492 5236 1557 5301 alra
1579 5238 1708 5319 pietatis
1730 5232 1874 5299 subsidia
1901 5233 1995 5300 nobis
2016 5235 2100 5300 forte

213 5345 322 5400 Uolsini
333 5359 425 5414 opero.
450 5345 511 5400 Vol.
522 5342 641 5402 XXXI.
1857 5335 1893 5391 38
