4658 5856
132 333 175 396 69
991 333 1206 400 Psauttue
1230 336 1271 400 V.
2090 344 2132 409 70

131 529 265 600 accepta
294 518 416 601 gratias
438 520 472 583 in
500 520 621 602 templo
644 528 700 584 tuo
723 541 828 604 agam.
873 519 911 585 st
937 520 1027 602 prior
1049 542 1104 585 ex·
1155 521 1298 586 hostium
1333 522 1592 588 machinationes
1630 523 1778 590 evadam.
1827 525 1919 590 Idem
1957 528 2018 592 sibi
2056 532 2131 597 vult

131 605 249 688 positio
271 605 376 687 magis
399 605 534 688 placeat,
566 604 755 687 simpliciter
777 623 870 668 suam
893 626 972 687 erga
993 603 1103 670 Deum
1154 607 1313 688 posterius
1343 608 1537 689 membrum,
1566 608 1622 673 ubi
1652 611 1797 691 postulat
1823 611 1908 675 viam
1937 611 2002 676 Dei
2024 632 2129 681 coram

130 693 285 772 pictatem
308 688 540 753 commendans
563 690 731 774 propbeta,
755 711 790 754 se
804 690 843 754 ab
856 710 967 755 eorum
989 690 1103 755 ordine
1151 691 1234 769 facie
1267 712 1328 755 sua
1362 693 1469 775 diripi.
1513 694 1587 759 Hoc
1622 704 1673 759 est
1706 695 1864 760 divinitus
1892 718 1926 760 se
1955 698 2055 762 eximi
2086 701 2128 767 ab

131 775 301 859 disiungit,
324 774 364 839 de
386 775 503 856 quibus
525 774 679 857 loquutus
701 772 759 840 es't.
800 773 865 839 Sed
890 775 1020 840 videtur
1042 776 1102 839 oir-
1154 777 1325 860 angustiis,
1362 777 1481 859 quibus
1511 780 1558 844 sic
1587 778 1735 846 inclusus
1766 792 1845 860 erat,
1883 791 1919 845 ut
1948 783 2127 851 secuudum

130 860 330 929 cumstantia
352 860 412 924 leci
435 881 566 941 poscere
587 870 623 923 ut
644 860 716 924 Deo
738 862 920 943 gratiarum
943 861 1101 924 actionem
1153 880 1285 925 earnem
1309 882 1478 943 nunquam
1502 884 1536 928 se
1559 865 1727 928 exiturum
1752 873 1892 947 putaret.
1939 864 1993 932 Sic
2017 880 2126 936 autem

129 945 315 1028 promittat:
343 965 419 1008 nam
441 945 518 1026 quia
539 944 649 1009 hostes
671 967 746 1010 suos
768 966 873 1027 nuper
896 947 966 1010 Deo
989 966 1103 1010 exosos
1153 945 1274 1010 fatetur
1296 967 1330 1010 se
1354 946 1496 1012 vitandis
1520 948 1660 1014 hostium
1684 950 1812 1015 insidiis
1830 971 1942 1033 parem
1963 974 2026 1017 non
2046 976 2126 1036 esse,

131 1053 201 1096 esse
229 1028 367 1105 dixerat,
399 1048 487 1095 nunc
515 1038 671 1111 concepta
700 1031 815 1095 salutis
845 1030 972 1107 fiducia,
1003 1050 1038 1095 ee
1061 1029 1102 1093 ad
1153 1031 1215 1095 nisi
1245 1039 1278 1095 et
1307 1032 1514 1112 prudentiam
1546 1034 1732 1117 suppeditet
1762 1037 1863 1113 Deus,
1896 1046 1928 1099 et
1959 1038 2044 1102 viam
2067 1062 2127 1123 per

130 1114 367 1197 gratitudinem
390 1115 519 1179 invitat.
564 1115 713 1194 Veniam,
743 1116 856 1197 iuquit,
880 1116 920 1180 ad
944 1115 1101 1196 templum
1153 1116 1243 1180 invia
1269 1117 1405 1198 aperiat.
1450 1117 1542 1182 Idem
1577 1129 1610 1182 et
1642 1141 1699 1184 nos
1733 1119 1802 1184 eius
1837 1122 1986 1203 exemplo
2019 1123 2127 1190 facere

129 1204 164 1265 ia
201 1200 401 1265 multitudiue
441 1200 675 1264 mirmicordiae
704 1206 789 1264 tatae:
830 1221 867 1264 ac
900 1202 928 1264 si
970 1199 1100 1278 diceret,
1152 1201 1320 1266 convenit:
1349 1210 1387 1265 ut
1408 1203 1500 1267 uobis
1524 1203 1629 1279 diffisi,
1653 1225 1753 1287 quum
1773 1226 1831 1270 uos
1853 1206 2024 1271 consilium
2048 1208 2126 1274 defi·

128 1287 280 1368 quamvis
309 1286 483 1350 nauclere
506 1284 655 1366 perditus
678 1283 779 1348 videri
802 1299 908 1367 queat,
932 1306 967 1350 se
990 1296 1099 1349 tamen
1152 1286 1225 1365 ciet,
1256 1294 1314 1350 aut
1344 1286 1520 1353 invalescet
1547 1289 1691 1353 huetium
1719 1290 1921 1372 improbitas,
1953 1291 1993 1356 ad
2017 1294 2127 1359 Deum

128 1374 193 1437 Dei
216 1371 324 1455 gratia
342 1369 468 1434 salvum
491 1370 562 1433 fore
582 1382 615 1432 et
636 1369 841 1435 incolumem.
862 1370 967 1435 Docet
989 1371 1099 1453 itaque
1152 1392 1372 1454 properemus,
1401 1372 1436 1435 iu
1461 1373 1552 1437 cuius
1577 1394 1677 1437 mauu
1700 1384 1777 1438 sunt
1799 1378 1907 1441 exitus
1931 1378 2055 1458 mortis,
2088 1390 2128 1444 ut

127 1458 181 1522 hic
203 1456 304 1534 locus,
345 1475 444 1536 quum
470 1475 530 1518 uos
560 1465 681 1538 urgent
703 1463 869 1519 extremae
893 1455 1097 1533 tentationes,
1152 1455 1228 1520 alibi
1253 1455 1446 1522 videbimus.

127 1541 337 1608 statuendam
367 1560 437 1603 esse
460 1538 523 1604 Dei
546 1541 685 1621 gratiam
715 1548 791 1603 ante
811 1539 931 1616 oculos,
955 1551 991 1603 ut
1013 1542 1101 1604 inter

127 1649 258 1693 summa
276 1645 424 1707 quaeque
442 1624 631 1689 discrimina
644 1623 725 1688 bene
738 1645 916 1706 speremus.
951 1625 1002 1689 Ad
1021 1626 1101 1689 haec

127 1715 203 1795 quia
226 1732 300 1777 earo
323 1711 461 1793 gratiam
487 1711 549 1773 Dei
572 1709 626 1772 vel
649 1710 791 1793 maligne
808 1717 967 1774 extenuat
985 1711 1101 1774 velac-

126 1802 241 1864 stimat
248 1796 379 1879 vulgari
392 1793 497 1872 modo,
510 1794 672 1859 discamus
684 1796 850 1876 ingentem
860 1796 1100 1878 eiusmagnitu-

127 1885 237 1947 dinem
260 1882 385 1963 efferre,
420 1900 502 1961 quae
535 1880 677 1945 sufficiat
711 1880 880 1945 vincendis
911 1880 1098 1945 terroribus.

126 1968 324 2049 Quanquam
347 1977 456 2030 autem
478 1966 647 2029 consilium
659 1965 879 2045 Davidisfuit,
903 1965 963 2030 sibi
977 1974 1097 2031 certam

126 2055 264 2118 salutem
288 2048 434 2133 polliceri
458 2073 498 2114 ex
522 2051 584 2114 Dei
608 2051 845 2115 misericordia:
868 2050 966 2115 simul
990 2064 1096 2115 tamen

125 2137 278 2215 ostendit,
300 2137 357 2200 ubi
375 2136 475 2199 tuerit
493 2152 654 2213 servatus,
677 2145 805 2218 gratum
829 2148 908 2199 sect
920 2156 1097 2199 merueram

125 2222 205 2289 fore.
250 2222 320 2285 Iam
356 2223 431 2304 quia
463 2221 653 2304 hypocritae
686 2223 807 2302 gratias
841 2221 966 2303 agendo
1015 2220 1096 2283 nibil

125 2308 214 2374 aliud
242 2329 340 2389 quam
371 2327 490 2370 nomen
514 2306 577 2369 Dei
608 2305 791 2387 profanant,
819 2316 855 2370 ut
878 2315 955 2370 suut
977 2306 1097 2385 impuri

126 2404 158 2457 et
188 2393 320 2476 polluti:
356 2391 427 2455 ideo
457 2413 492 2455 se
522 2392 639 2455 asserit
670 2400 845 2455 venturum
875 2413 949 2455 cunr
975 2390 1039 2456 Dei
1061 2392 1098 2454 a

125 2500 217 2556 more,
241 2493 278 2542 ut
299 2478 425 2540 siucero
447 2488 480 2539 ot
504 2476 630 2552 integro
652 2476 833 2540 cordceum
857 2477 979 2540 adoret.
1015 2476 1097 2539 Cae-

125 2574 233 2628 terum
267 2563 344 2626 hiue
377 2562 529 2642 colligere
570 2560 646 2623 licet
678 2562 863 2642 generalem
904 2560 1096 2643 doctrinam,

125 2649 227 2714 donec
249 2669 328 2712 suae
351 2647 506 2710 bonitatis
527 2656 659 2729 gustum
673 2647 764 2710 Deus
788 2645 878 2710 uobis
901 2646 1095 2728 praebuerit,

125 2753 291 2800 accessum
315 2732 408 2796 uobis
431 2731 471 2795 ad
495 2751 569 2794 eum
593 2752 658 2794 non
682 2739 793 2812 patere
816 2751 876 2795 nec
899 2750 1094 2812 quemquam

124 2820 186 2884 rite
209 2840 314 2893 orare,
338 2816 403 2880 nisi
425 2817 481 2898 qui
504 2816 644 2898 gratiam
667 2816 736 2879 eius
759 2824 924 2897 expertus,
948 2816 1007 2879 sibi
1021 2837 1095 2897 pro·

122 2906 240 2987 pitium
271 2903 341 2966 fore
370 2903 484 2966 statuit
512 2921 549 2964 ac
583 2921 758 2982 persuasus
789 2910 846 2965 est.
892 2900 1096 2982 Adiungitur

124 3002 234 3055 tamen
260 2988 322 3051 Dei
354 2988 458 3064 timor,
489 2985 545 3066 qui
571 2995 694 3050 rectam
723 2986 876 3067 piamque
902 2985 1096 3050 fiduciama

122 3077 231 3139 caruis
254 3073 429 3139 securitate
453 3071 625 3135 discernat.

210 3244 240 3308 9.
264 3243 381 3307 Jeltova
409 3242 506 3306 datae
534 3261 582 3304 rae
608 3241 643 3304 ia
668 3241 791 3303 iustitia
816 3245 872 3305 tea
888 3244 1019 3318 propter
1040 3238 1097 3302 od·

122 3330 280 3394 carrarias
301 3347 399 3391 meos:
427 3327 529 3408 diripe
557 3346 661 3390 ceram
688 3325 771 3404 facie
797 3344 866 3388 mea
891 3325 976 3388 eiam
998 3328 1094 3387 tuam.

125 3416 175 3480 10.
203 3415 288 3494 Quia
315 3432 378 3477 aaa
407 3416 452 3475 cst
481 3413 517 3474 ia
543 3431 594 3474 ore
623 3430 729 3473 eorum
758 3410 920 3473 rectitudo:
949 3410 1096 3471 intimam

122 3520 229 3565 eoram
245 3499 431 3579 pravitates,
453 3496 631 3577 semlerum
639 3500 751 3575 pateas
770 3499 878 3577 pattar
896 3513 1012 3571 eoram,
1036 3493 1095 3556 lin-

121 3587 197 3667 guis
225 3585 297 3648 sais
324 3582 425 3647 detrec
454 3586 560 3663 aperit.
606 3582 656 3644 11.
684 3579 751 3644 Fac
778 3599 831 3643 cos
859 3599 968 3643 errare
995 3577 1095 3658 Deos,

121 3672 267 3736 cadamo
281 3667 510 3744 constitissem,
529 3667 564 3729 ia
586 3666 786 3730 multitud-ine
808 3664 1096 3729 sceleratissumum

120 3755 269 3835 disperde
290 3774 340 3817 eos
361 3754 438 3833 qaia
459 3751 584 3814 rebelles
603 3752 733 3831 fueraut
754 3751 818 3814 tibi.

1239 1542 1288 1605 10.
1312 1540 1412 1625 (Quia
1433 1562 1496 1607 aaa
1518 1547 1562 1606 est
1584 1543 1619 1607 iu
1642 1563 1695 1606 ore
1717 1541 1847 1629 emtam.)
1881 1544 2024 1610 Easdem
2048 1569 2125 1630 que·

1152 1626 1308 1690 rimonias
1338 1625 1444 1691 denuo
1473 1628 1601 1709 repetit,
1637 1648 1701 1709 quo
1733 1629 1852 1693 maiore
1875 1628 1948 1693 odio
1971 1651 2047 1696 suos
2072 1634 2126 1703 ad·

1151 1712 1313 1775 versarios
1342 1711 1428 1794 apud
1458 1712 1566 1776 Deum
1591 1722 1721 1796 gravet:
1753 1714 1786 1777 in
1810 1735 1844 1778 se
1868 1736 1944 1779 vero
1967 1728 2125 1798 provocet

1151 1796 1251 1876 ipsius
1270 1796 1333 1860 Dei
1353 1797 1618 1877 misericordiam,
1637 1798 1690 1879 qui
1710 1798 1832 1862 iniuste
1852 1801 2016 1881 oppressis
2028 1823 2122 1886 opem

1151 1901 1185 1944 se
1222 1882 1366 1946 laturum
1403 1883 1563 1963 premisit.
1608 1882 1718 1963 Atque
1754 1882 1815 1946 hoc
1851 1885 2027 1949 notandum
2063 1899 2122 1965 est,

1151 1986 1213 2048 quo
1247 1965 1409 2031 crudelius
1442 1968 1477 2030 in
1512 1989 1569 2032 uos
1603 1969 1754 2032 saeviunt
1789 1968 1908 2048 hostes,
1943 1970 1994 2034 vel
2017 1975 2123 2056 magis

1150 2052 1306 2116 scelerate
1340 2073 1399 2115 uos
1432 2061 1566 2132 vexant,
1604 2074 1641 2116 ee
1675 2053 1795 2116 maiore
1830 2053 1948 2118 fiducia
1982 2059 2122 2137 gemitus

1150 2143 1278 2200 nostros
1307 2136 1340 2198 in
1369 2138 1495 2200 coelum
1526 2158 1597 2202 osse
1625 2136 1803 2201 tollendos:
1837 2141 1913 2221 quia
1942 2140 2033 2205 Deus
2056 2165 2120 2206 nou

1150 2221 1291 2301 patietur
1309 2220 1348 2283 ad
1368 2234 1551 2285 extremum
1568 2243 1670 2305 usque
1682 2224 1825 2304 grassari
1837 2243 1948 2287 eorum
1962 2223 2122 2290 furorem:

1149 2306 1306 2368 malitiam
1339 2326 1465 2386 quoque
1495 2319 1527 2368 ot
1550 2328 1721 2387 perversos
1745 2316 1836 2372 cetus
1859 2310 1891 2372 iu
1916 2308 2023 2374 lucem
2046 2332 2120 2393 pro-

1149 2391 1266 2454 trahet.
1312 2390 1423 2453 Primo
1464 2391 1532 2454 loco
1573 2408 1704 2454 accusat
1736 2413 1792 2455 eos
1827 2392 1990 2474 perfidiae,
2036 2397 2121 2478 qood

1149 2475 1229 2538 nihil
1249 2484 1373 2540 rectum
1393 2481 1449 2538 aut
1467 2477 1629 2539 sincerum
1649 2477 1842 2557 loquantur:
1867 2498 1996 2541 causam
2017 2481 2120 2562 assig-

1150 2570 1214 2636 nat,
1238 2559 1322 2642 quod
1346 2561 1435 2623 intus
1460 2560 1569 2623 referti
1589 2561 1655 2624 sint
1674 2561 1854 2642 iniquitate.
1901 2562 2019 2625 Postea
2038 2585 2122 2627 coru-

1149 2655 1243 2727 purat
1273 2666 1327 2710 eos
1349 2645 1517 2726 sepulcris,
1542 2666 1578 2709 ac
1594 2646 1621 2710 si
1645 2645 1775 2722 diceret,
1799 2646 2027 2712 voracissimas
2050 2670 2121 2714 osse

1149 2732 1312 2814 gurgites:
1348 2750 1410 2811 quo
1452 2736 1585 2794 notatur
1620 2729 1827 2812 inexplebilis
1857 2730 2015 2796 fundendi
2046 2754 2120 2797 san·

1149 2816 1258 2899 guinis
1294 2813 1463 2897 cupiditas.
1509 2814 1655 2879 Tandem
1689 2836 1800 2879 eorum
1830 2815 1973 2880 fallacias
2002 2817 2120 2882 iterum

1148 2908 1311 2966 recenset:
1334 2899 1421 2963 uude
1444 2900 1638 2982 colligimus,
1663 2922 1727 2965 nou
1750 2900 1969 2965 mediocribus
1993 2903 2121 2968 iniuriis

1149 2985 1248 3050 tuisse
1272 2992 1449 3049 tentatum:
1470 2985 1526 3049 sed
1549 2985 1596 3048 illi
1620 2996 1783 3050 certamen
1807 2987 1906 3050 fuisse
1925 3007 1998 3051 cum
2018 2988 2118 3052 hosti·

1148 3069 1208 3134 bus
1232 3070 1426 3150 deterrimis,
1449 3070 1565 3151 quibus
1587 3071 1680 3135 nulla
1700 3080 1770 3135 erat
1788 3071 1840 3134 vel
1861 3070 2049 3137 humanitas
2069 3074 2119 3137 vel

1148 3155 1342 3219 moderatio:
1373 3162 1439 3217 tam
1462 3155 1579 3219 misere
1603 3176 1784 3236 oppressus,
1809 3177 1874 3218 non
1898 3156 1994 3220 modo
2017 3158 2121 3221 conti-

1149 3248 1228 3304 uuat
1251 3259 1328 3303 suas
1348 3259 1469 3320 preces,
1492 3238 1548 3303 sed
1572 3260 1613 3302 ex
1636 3247 1724 3303 statu
1748 3238 1881 3304 confuso
1900 3249 1932 3303 et
1951 3240 2120 3322 desperato

1148 3325 1318 3388 materiam
1337 3323 1490 3405 sperandi
1510 3324 1599 3405 petit.
1632 3323 1728 3404 Quod
1747 3333 1856 3387 autem
1875 3325 2004 3406 paulus,
2024 3326 2119 3390 Rom.

1147 3411 1175 3485 3,
1210 3410 1259 3486 13,
1299 3409 1404 3473 locum
1427 3408 1516 3474 hunc
1538 3408 1652 3490 citans,
1683 3407 1723 3472 ad
1747 3416 1852 3472 totum
1876 3430 1981 3492 genus
2003 3410 2120 3475 huma·

1147 3516 1227 3558 num
1257 3494 1414 3570 extendit,
1446 3515 1512 3556 uon
1542 3494 1618 3558 fucit
1649 3501 1778 3576 praeter
1801 3507 1943 3558 montem
1968 3495 2118 3577 spiritus:

1147 3600 1222 3643 nam
1253 3601 1353 3661 quum
1384 3578 1516 3643 axioma
1548 3578 1634 3643 istud
1658 3600 1716 3661 pro
1738 3579 1887 3644 contessa
1910 3588 2028 3657 sumat,
2059 3581 2120 3645 sub

1146 3664 1286 3729 Davidis
1322 3684 1459 3746 persona
1488 3662 1582 3727 nobis
1614 3663 1749 3728 describi
1780 3664 1948 3728 ecclesiam
1989 3673 2055 3728 tam
2085 3668 2119 3728 in

1146 3750 1280 3814 Obristo
1302 3750 1405 3831 capite
1426 3769 1523 3829 quam
1548 3750 1581 3811 in
1605 3750 1775 3812 membris:
1805 3749 1961 3830 sequitur,
1984 3749 2017 3811 iu
2042 3750 2117 3814 hos·

1147 3837 1230 3898 tium
1249 3855 1387 3897 numero
1406 3834 1530 3898 censeri
1551 3832 1667 3896 debere
1687 3835 1873 3914 quicunque
1892 3853 1957 3895 nou
1977 3834 2117 3916 regeniti

210 3925 240 3988 9.
264 3922 394 4007 (labora
427 3921 524 3985 dadae
546 3919 615 4002 aaa.)
672 3920 816 3998 Quidam
839 3920 886 3981 ita
909 3928 1093 4000 exponunt:
1147 3928 1224 3984 sunt
1253 3918 1316 3981 Dei
1350 3918 1476 3999 spiritu,
1508 3919 1579 3981 sive
1608 3920 1710 3981 exteri
1735 3918 1811 3992 sint,
1846 3919 1915 3982 sive
1939 3917 2118 3984 domestici.

121 4008 269 4075 Ostende
300 4007 381 4070 mibi
405 4005 482 4087 quid
505 4016 628 4069 rectum
660 4005 713 4080 sit,
744 4016 777 4066 et
805 4005 855 4067 fac
879 4013 916 4067 ut
938 4013 1025 4067 totus
1047 4005 1093 4067 iu·
1146 4005 1259 4087 Neque
1288 4004 1376 4068 onim
1404 4001 1512 4066 David
1542 4002 1603 4066 hoc
1631 4002 1700 4067 loco
1721 4003 1775 4066 vol
1798 4002 1953 4085 Assyrios
1976 4004 2028 4067 vel
2053 4004 2118 4068 Ae·

119 4095 228 4158 stitiae
251 4103 327 4157 tuae
349 4091 497 4153 addictus
519 4091 591 4168 sim,
613 4088 711 4169 idque
734 4099 863 4170 proptor
882 4088 1093 4164 adversarios,
1118 4102 1121 4155 t
1146 4091 1276 4173 gyptios
1304 4088 1344 4152 ad
1372 4087 1437 4151 Dei
1470 4086 1611 4151 tribuual
1638 4095 1746 4151 vocat:
1779 4086 1837 4151 scd
1859 4086 1998 4152 ludaeos
2021 4088 2118 4171 dege·

120 4180 199 4260 quia
221 4176 401 4260 periculum
424 4185 473 4239 est
499 4196 537 4237 nc
559 4176 662 4238 sancti
695 4174 787 4237 malis
817 4184 849 4237 ct
878 4173 1094 4237 fraudulentis
1146 4195 1249 4252 neres,
1268 4175 1321 4254 qui
1341 4172 1376 4235 iu
1395 4193 1492 4237 carue
1511 4173 1702 4249 circumcisi,
1721 4194 1756 4236 se
1773 4193 1815 4235 cx
1833 4183 1946 4236 sancta
1964 4172 2119 4237 Abrahae

118 4264 294 4345 impierum
306 4260 431 4326 artibus
442 4259 585 4341 impulsi,
609 4270 734 4323 crecta
753 4260 807 4321 via
826 4258 998 4322 declinent.
1034 4258 1094 4321 Pia
1145 4260 1301 4342 progenie
1342 4278 1412 4321 esse
1452 4257 1684 4341 gloriabantur.
1729 4258 1803 4321 Non
1838 4277 1914 4338 ergo
1948 4263 2119 4342 detorquet

120 4347 254 4429 quidem
276 4358 309 4410 et
332 4346 420 4410 utilis
443 4345 607 4408 sententie
628 4353 693 4408 est:
724 4343 780 4408 sed
811 4344 913 4407 altera
935 4344 1093 4424 expositio
1146 4346 1268 4407 Paulus
1291 4342 1371 4407 haec
1395 4343 1493 4406 verba
1515 4363 1535 4406 a
1556 4343 1698 4424 genuino
1720 4362 1828 4417 sensu,
1858 4362 1896 4404 ea
1919 4340 1958 4404 ad
1982 4351 2119 4409 errectos

121 4432 238 4514 aptior,
267 4442 303 4495 ut
325 4431 418 4494 Deus
447 4451 581 4494 servum
604 4449 701 4492 suum
724 4449 782 4510 por
804 4427 928 4491 medias
951 4426 1092 4491 hostium
1145 4429 1299 4492 mortales
1322 4427 1552 4492 accomodans:
1573 4425 1628 4491 sed
1652 4428 1781 4509 proprie
1803 4427 1927 4504 asserit,
1951 4436 2117 4492 ostensum

120 4517 259 4582 iusidias
282 4515 409 4581 salvum
428 4515 579 4578 deducat:
600 4523 631 4576 et
650 4535 748 4596 quum
768 4512 932 4576 videbitur
952 4512 1094 4594 undique
1144 4515 1243 4578 fuisse
1265 4534 1284 4576 a
1308 4511 1434 4576 Davide
1457 4511 1570 4593 quales
1592 4519 1710 4574 natura
1733 4513 1808 4574 sint.

120 4608 236 4684 ceptus
265 4610 298 4664 et
336 4601 541 4674 constrictus,
576 4599 699 4662 exitum
735 4599 763 4661 ei
794 4596 977 4679 patefaciat.
1029 4596 1093 4659 Dei
1232 4599 1281 4661 11.
1305 4596 1386 4680 (Fac
1426 4617 1478 4661 cos
1517 4595 1646 4679 errare.)
1699 4596 1786 4674 Quia
1820 4598 1912 4678 ogi&
1945 4594 2117 4674 Hebraeis,

120 4706 202 4769 ergo
224 4684 350 4750 iustitia
372 4687 432 4749 bec
455 4686 524 4748 loco
546 4682 654 4767 (sicuti
677 4684 827 4766 plurimis
852 4679 936 4766 aliis)
954 4702 1012 4763 pro
1031 4680 1093 4745 fide
1144 4692 1212 4746 tam
1233 4681 1407 4747 excindere
1431 4682 1480 4744 vel
1506 4681 1640 4762 perdere
1658 4701 1754 4763 quam
1774 4700 1918 4761 peccare,
1942 4679 2117 4763 siguificat,

120 4784 156 4836 et
173 4771 346 4837 clementia
364 4771 433 4835 eius
451 4770 590 4851 capitur,
612 4788 709 4850 quam
727 4769 760 4831 in
780 4766 925 4831 tutandis
944 4766 1094 4830 fidelibus
1144 4771 1177 4830 et
1204 4766 1424 4849 metaphorice
1458 4787 1516 4846 pro
1541 4766 1662 4829 Errare
1686 4766 1735 4829 vel
1760 4763 1955 4828 hallucinari
1979 4763 2116 4845 capitur,

118 4856 272 4922 ostendit.
318 4855 460 4937 Ideoque
483 4853 678 4937 praepositio
722 4852 761 4916 In
796 4850 988 4916 tantundem
1008 4851 1095 4914 valet
1143 4862 1282 4933 uterque
1316 4871 1430 4914 sensus
1463 4852 1626 4933 praesenti
1661 4851 1729 4913 loco
1763 4858 1838 4932 apte
1871 4845 2024 4929 quadrat:
2060 4848 2117 4914 scd

119 4962 159 5006 ac
180 4941 262 5018 Pro,
297 4939 351 5005 vel
384 4939 574 5004 secuudum.
631 4938 738 5002 David
771 4937 857 5001 enim
891 4937 998 4999 Deum
1033 4935 1093 4999 sibi
1144 4935 1220 5018 quia
1253 4936 1406 5000 contiuuo
1441 4944 1514 5016 post
1544 4935 1673 4999 subiicit
1705 4933 1826 5009 David,
1860 4932 1972 4995 cadant
2005 4952 2026 4995 a
2047 4936 2118 4999 suis

118 5027 250 5091 itineris
273 5024 388 5089 ducem
418 5046 489 5088 esse
518 5033 646 5105 optans,
677 5044 718 5086 ex
748 5023 818 5085 eius
847 5021 972 5085 iustitia
1003 5042 1092 5101 spem
1143 5021 1292 5099 caeciliis,
1338 5041 1404 5083 noa
1444 5018 1556 5084 dubito
1597 5019 1676 5102 quin
1718 5019 1779 5081 hee
1820 5018 1962 5101 primum
2004 5026 2116 5083 votum

119 5109 321 5193 impetrandi
349 5108 410 5174 sibi
434 5110 512 5173 lacit
543 5110 620 5172 acsi
643 5107 796 5184 dixisset,
831 5106 986 5184 Domine,
1020 5106 1094 5187 quia
1144 5105 1286 5170 secunde
1305 5107 1402 5168 affine
1423 5105 1467 5168 sit
1486 5126 1523 5171 ac
1541 5103 1657 5169 simile.
1701 5105 1776 5168 Duo
1795 5102 1903 5183 itaque
1921 5099 2001 5166 haec
2019 5103 2117 5168 simul

118 5197 228 5261 iustus
267 5216 320 5275 es,
361 5194 484 5258 auxilio
525 5204 581 5257 tuo
613 5210 665 5255 rue
698 5200 864 5274 protegas,
905 5201 942 5254 ut
974 5211 1093 5273 pravas
1145 5192 1318 5272 coniunge,
1352 5198 1509 5270 tauquam
1540 5208 1671 5253 causam
1700 5198 1733 5251 et
1763 5186 1925 5264 effectum,
1960 5194 1999 5249 ut
2026 5188 2120 5255 Deus

1877 5285 1911 5339 5*
