4658 5856
1009 384 1225 454 PSALMUS
1246 383 1464 452 LXXXVII.
2169 386 2233 453 804

244 389 308 457 803

244 578 333 645 alara
354 587 431 642 sunt
452 577 629 660 prophetae
653 576 761 657 verbe,
783 576 1005 660 euiuseunque
1027 575 1134 659 gentis
1146 574 1214 640 sint
1263 573 1299 638 in
1322 572 1386 639 Dei
1408 573 1528 638 virtute
1550 571 1695 652 lundata,
1728 575 1826 639 etiam
1856 574 1947 641 eoelo
1969 581 2003 640 et
2025 583 2113 641 terra
2136 596 2234 641 ruen-

245 664 402 744 humines,
424 662 564 728 libenter
586 662 709 745 patriae
731 683 809 728 suae
831 664 1083 740 renuntiaturos,
1112 671 1149 726 ut
1178 661 1211 724 in
1264 659 1351 725 tibus
1374 660 1538 726 consistet.

244 749 390 832 catalogo
413 748 524 831 populi
548 747 639 813 electi
662 748 857 816 suribantnr.
904 749 1005 814 Natos
1034 748 1121 812 enim
1145 767 1210 811 non
1350 744 1379 810 6.
1404 744 1573 828 (Danielus
1593 744 1778 830 recensebit.)
1807 744 1969 829 Intelligit
1986 746 2145 828 propheta
2167 754 2235 813 ιιιιι

246 834 339 918 ponit
360 855 419 918 pro
440 833 614 919 indigenis,
637 834 692 899 sed
717 854 773 915 pro
803 835 936 902 nivibus.
981 832 1078 913 Quod
1101 841 1213 915 postea
1263 830 1389 897 celebre
1411 830 1480 895 fore
1504 829 1614 897 Sionis
1648 851 1776 911 nomon,
1808 842 1846 896 ut
1875 832 1909 897 in
1931 831 2052 897 eivium
2080 832 2152 898 sius
2175 855 2236 899 nu·

245 920 423 1000 sublinitur,
446 920 599 986 Eteocleas
620 920 754 985 stabiliet
773 940 850 1000 eom,
873 942 938 986 non
957 920 1065 984 minus
1083 918 1212 1002 proprie
1264 937 1391 981 merum
1414 937 1451 982 ao
1473 916 1622 982 ordinem
1645 915 1762 981 referri
1790 939 1903 983 omnes
1932 916 2142 999 cupidissime
2165 938 2236 983 am·

245 1014 404 1087 vertetur,
426 1004 616 1072 Ordinabit:
649 1007 725 1088 quia
758 1006 881 1072 seilicet
914 1006 1013 1070 verbo
1040 1025 1099 1070 suo
1119 1005 1213 1069 Deus
1264 1002 1364 1068 blant.
1407 1001 1573 1086 Loquitur
1595 1002 1681 1067 enim
1705 1002 1744 1068 de
1766 1013 1852 1068 sorte
1875 1003 2016 1068 maximo
2039 1004 2236 1070 honoribus:

245 1092 411 1158 ecelesiam
434 1091 615 1174 spetialiter
636 1092 805 1173 gubernat.
1265 1107 1302 1153 au
1323 1089 1351 1153 si
1373 1087 1503 1163 diaeret,
1526 1087 1638 1168 Quum
1660 1088 1751 1153 Deus
1773 1110 1905 1155 censum
1934 1100 2010 1173 aget
2038 1089 2235 1172 populorum

332 1177 362 1243 b.
383 1173 439 1260 (Et
460 1177 496 1240 cle
509 1175 586 1241 Sion
607 1176 750 1256 ditetur.)
784 1176 962 1242 Continuat
977 1175 1114 1240 eandem
1137 1195 1211 1239 sen·
1264 1194 1343 1255 quos
1360 1175 1532 1256 praecipuo
1551 1174 1672 1239 honore
1690 1173 1888 1257 dignabitur,
1908 1172 2001 1239 Sinni
2017 1177 2237 1257 potiusquam

246 1262 391 1338 tentiam,
408 1262 492 1343 quod
512 1283 552 1326 ex
572 1262 710 1327 diversis
733 1261 845 1327 mundi
861 1261 1006 1344 partibus
1018 1261 1212 1345 colligentur
1264 1259 1433 1342 Babyloni,
1467 1268 1525 1325 aut
1557 1260 1631 1325 aliis
1664 1261 1831 1342 quibusvis
1872 1258 2022 1337 urbibus,
2056 1259 2235 1329 adseribet:

246 1348 322 1412 novi
345 1348 433 1413 nives
455 1349 489 1411 in
513 1347 679 1413 ecelesiam
696 1347 768 1412 Dei.
802 1346 999 1429 Quanquam
1021 1347 1085 1411 alin
1107 1348 1212 1430 figura
1265 1344 1367 1427 pluris
1391 1345 1479 1410 onim
1513 1345 1576 1410 erit
1602 1346 1664 1410 ista
1697 1346 1857 1423 nobilitas,
1891 1346 1979 1411 inter
2012 1346 2100 1413 aives
2123 1346 2237 1413 Sionis

245 1435 359 1510 utitur,
393 1434 478 1515 quod
502 1433 704 1517 alienigenae
727 1432 963 1515 reputabuntur
984 1434 1019 1497 in
1041 1453 1134 1499 sauro
1156 1452 1212 1513 po·
1237 1426 1240 1551 Ι
1265 1430 1426 1513 plebeium
1449 1432 1554 1496 loeum
1578 1440 1698 1509 tenere,
1732 1452 1828 1514 quam
1853 1432 1930 1497 alibi
1953 1452 2090 1514 usquam
2114 1435 2237 1516 prima·

246 1518 331 1600 pulo,
362 1518 496 1601 perinde
518 1540 555 1584 ao
577 1520 606 1583 si
629 1519 786 1601 originem
810 1527 943 1600 epatre
965 1519 1134 1584 Abraham
1158 1517 1213 1581 du·
1265 1527 1346 1581 tum.
1381 1514 1487 1582 Simul
1507 1529 1616 1581 tamen
1634 1515 1786 1583 admonet
1805 1518 1892 1583 unde
1914 1518 2029 1583 alienis
2047 1520 2238 1585 hominibus

244 1613 366 1670 cerunt.
410 1604 550 1669 Dixerat
581 1604 729 1687 proximo
762 1626 869 1683 versu,
904 1604 1058 1670 Chaldaei
1093 1614 1125 1669 et
1147 1606 1212 1667 Ae·
1265 1612 1399 1683 repente
1422 1612 1532 1667 tantus
1555 1603 1676 1666 honor:
1698 1624 1814 1685 nempe
1837 1626 1878 1669 ex
1900 1604 1964 1668 Dei
1987 1602 2157 1670 beneficio.
2192 1606 2239 1670 Et

245 1691 349 1773 gyptii
372 1689 414 1754 ad
436 1689 590 1755 eeclesiae
613 1688 804 1756 domesticos
827 1689 994 1756 adnodant:
1024 1689 1211 1772 Aethiopes,
1266 1698 1354 1753 uerte
1375 1689 1431 1770 qui
1456 1686 1597 1753 Satanae
1630 1700 1662 1753 et
1694 1690 1815 1771 puoeati
1839 1689 2000 1772 mancipia
2034 1703 2121 1769 sunt,
2154 1713 2239 1756 nun·

245 1777 422 1840 Palaestini
445 1786 478 1840 et
496 1776 597 1859 Tyrii,
620 1775 754 1840 nomina
775 1774 899 1841 dabunt
920 1777 1007 1840 inter
1029 1777 1097 1841 eius
1119 1775 1211 1851 filios,
1265 1793 1362 1855 quam
1384 1774 1445 1839 sibi
1466 1776 1596 1856 propria
1629 1772 1789 1838 industria
1817 1776 1869 1840 ius
1900 1796 2061 1858 supernae
2093 1776 2240 1843 civitatis

244 1883 332 1927 nuno
355 1862 611 1927 confirmationis
634 1862 704 1925 viee
724 1861 823 1944 addit,
846 1862 1012 1945 ingentem
1037 1881 1140 1925 novae
1161 1881 1212 1925 so·
1265 1861 1448 1940 nequirent:
1472 1859 1560 1924 solus
1580 1860 1804 1925 estDominus
1826 1862 1881 1943 qui
1903 1860 2047 1943 populos,
2071 1872 2107 1925 ut
2129 1865 2239 1928 visum

246 1946 328 2011 bolis
351 1949 479 2011 turbam
503 1948 580 2025 fure,
614 1956 650 2011 ut
685 1967 857 2012 numeroso
891 1947 1009 2029 populo
1031 1947 1150 2011 referta
1171 1946 1214 2010 sit
1265 1950 1324 2021 est,
1346 1945 1474 2010 insuas
1496 1945 1616 2011 olassss
1638 1945 1844 2024 distribuens,
1867 1966 1969 2029 quum
1992 1947 2111 2029 parsit
2130 1948 2238 2014 homi·

243 2033 370 2111 civitas,
393 2052 476 2114 quae
497 2033 537 2096 ad
554 2042 681 2116 tempus
702 2031 838 2110 deserta,
858 2042 969 2115 postea
986 2033 1212 2115 etiamexiguo
1265 2050 1343 2094 num
1373 2030 1523 2116 conditio,
1556 2031 1636 2096 alios
1668 2031 1709 2096 ab
1740 2030 1812 2097 aliis
1844 2031 2006 2098 disseruit.
2051 2032 2240 2117 Descriptio

245 2116 415 2183 hominum
450 2139 586 2183 numero
619 2118 800 2200 semiplena
832 2118 946 2183 fuerat.
1002 2117 1094 2182 Idem
1128 2116 1212 2199 quod
1265 2116 1357 2180 ouius
1379 2115 1433 2181 hie
1454 2117 1492 2181 fit
1513 2117 1644 2194 mentio,
1669 2117 1709 2182 ad
1739 2119 1938 2183 voeationem
1971 2119 2124 2202 pertinet,
2159 2142 2240 2185 nam

246 2203 388 2269 breviter
399 2204 609 2285 promittitur,
628 2202 774 2286 pluribus
791 2204 898 2270 verbis
918 2203 1069 2269 deseribit
1079 2202 1211 2280 lessius,
1265 2201 1324 2265 etsi
1349 2201 1431 2267 filios
1453 2221 1529 2267 suos
1551 2212 1626 2267 ante
1649 2202 1815 2267 eonditum
1847 2204 2008 2269 mundum
2042 2206 2173 2287 seripsit
2204 2208 2241 2270 in

244 2288 303 2365 54,
333 2291 366 2352 1:
409 2288 524 2353 Lauda
560 2290 692 2364 sterilis,
726 2310 808 2372 quae
840 2311 905 2353 non
940 2288 1102 2371 pariebas:
1138 2288 1212 2370 quia
1265 2284 1347 2352 libro
1369 2287 1468 2365 vitae,
1490 2289 1524 2352 in
1547 2308 1681 2354 suorum
1704 2299 1814 2353 tamen
1836 2291 1984 2374 eatalogo
2006 2300 2086 2356 tuno
2107 2312 2164 2357 eos
2181 2289 2241 2357 de·

243 2375 354 2457 plures
376 2375 436 2440 filii
458 2382 555 2439 emnt
577 2374 732 2453 desertae,
763 2396 859 2457 quam
893 2396 975 2458 quae
998 2377 1114 2439 marito
1136 2393 1210 2439 uon·
1264 2392 1354 2437 mum
1387 2382 1534 2439 recenset
1565 2394 1665 2457 quum
1698 2375 1861 2459 regenitus
1893 2375 2079 2459 adoptionis
2107 2378 2240 2461 spiritu,

243 2463 353 2524 innota
376 2467 435 2537 est,
459 2460 558 2524 dilata
581 2459 687 2525 looum
711 2461 843 2525 tentorii
871 2462 929 2537 tui,
964 2460 1103 2527 extende
1125 2460 1211 2524 funi·
1265 2468 1343 2523 nota
1364 2478 1424 2523 sua
1446 2459 1590 2544 insignit.

242 2546 342 2621 aulos,
371 2557 404 2610 et
435 2547 544 2611 elavos
574 2546 748 2623 oonsolida,
781 2560 842 2613 eto.
895 2547 989 2623 Item,
1023 2546 1080 2610 filii
1115 2547 1163 2610 tui
1193 2566 1211 2609 e

242 2629 421 2714 longinquo
454 2632 597 2708 venient,
631 2632 704 2695 leva
727 2652 784 2714 per
806 2633 976 2697 eirouitum
998 2632 1106 2697 oeulos
1128 2643 1211 2707 tuos,
1350 2630 1380 2693 l.
1416 2629 1460 2695 Et
1493 2636 1632 2697 ιαιιιονιι
1676 2631 1757 2697 sieut
1791 2632 1945 2708 tibicines¹
1990 2652 2093 2699 omues
2137 2633 2244 2715 fenus

242 2736 354 2781 omnes
376 2718 430 2781 isti
452 2716 738 2799 eongregabuntur
760 2717 829 2780 tibi.
864 2716 976 2800 Capite
998 2726 1106 2781 antem
1126 2716 1211 2794 445
1262 2715 1324 2778 ma
1351 2715 1386 2778 in
1414 2720 1451 2781 te.

243 2801 354 2866 eadem
377 2801 444 2866 fere
466 2801 612 2882 loquutio
630 2810 747 2884 exstat,
766 2802 817 2866 vel
836 2801 952 2867 saltem
970 2823 1052 2885 quae
1064 2803 1212 2886 proxime

243 2887 282 2951 ad
305 2886 401 2952 istam
426 2886 549 2953 aeeedit
570 2908 652 2969 quae
671 2885 725 2953 hie
747 2887 904 2952 habetur:
935 2888 1004 2953 Iste
1026 2888 1120 2966 diuet,
1144 2889 1209 2953 Do·
1350 2884 1450 2970 l.(Et
1463 2884 1623 2970 maiores.)
1645 2887 1772 2952 Partim
1789 2890 1917 2955 eoneisa
1938 2888 2090 2966 brevitas,
2113 2890 2241 2972 partim

242 2972 323 3036 mini
344 2991 435 3037 sum:
456 2972 511 3037 ille
535 2971 661 3038 voeabit
683 2973 718 3037 in
736 2974 868 3038 nomine
881 2973 994 3050 Israel,
1017 2975 1136 3040 soribet
1160 2974 1211 3039 hio
1264 2969 1459 3054 ambiguitas
1483 2973 1571 3037 vonis
1593 2972 1692 3038 unius
1713 2974 1892 3039 orationem
1924 2973 2030 3039 reddit
2052 2975 2237 3042 obscuram.

242 3078 301 3123 sua
333 3078 443 3138 manu,
476 3058 548 3140 Ego
572 3058 720 3123 Domini:
754 3059 809 3124 ille
836 3080 876 3124 ex
899 3061 1030 3124 nomine
1052 3059 1154 3125 Israel
1176 3081 1212 3124 se
1264 3055 1378 3122 Fontes
1401 3055 1619 3139 metaphorice
1642 3059 1695 3123 hio
1721 3060 1818 3135 sumi,
1851 3070 1946 3125 extra
1978 3064 2241 3127 controversiam

242 3143 492 3227 eognominabit.
536 3142 650 3226 Neque
673 3145 730 3210 abs
753 3165 788 3209 re
816 3146 965 3211 nascendi
987 3146 1086 3212 verbo
1109 3146 1212 3229 signi·
1264 3150 1330 3206 est:
1363 3140 1420 3207 sed
1456 3143 1491 3208 in
1524 3143 1717 3227 explicanda
1749 3146 1942 3228 metaphora
1975 3149 2102 3211 variant
2131 3147 2240 3213 inter·

242 3229 317 3293 hest
339 3229 499 3311 propheta
520 3250 561 3294 ex
584 3251 682 3313 grege
703 3229 817 3313 populi
841 3229 903 3296 Dei
927 3230 995 3296 fore
1018 3233 1210 3315 Aegyptios,

242 3312 437 3390 Ohaldaeos,
470 3324 502 3379 et
535 3315 667 3399 similes,
701 3336 775 3380 nam
799 3317 860 3382 etsi
882 3326 1000 3381 natura
1021 3318 1123 3400 geniti
1146 3337 1211 3380 non

242 3410 337 3464 erant
358 3421 399 3465 ex
423 3398 531 3478 Sioua,
564 3401 620 3466 sed
655 3400 827 3483 adoptione
860 3402 1025 3468 inserendi
1050 3403 1085 3466 iu
1108 3403 1210 3468 saneti

242 3484 352 3567 populi
374 3504 508 3569 eorpus:
535 3486 612 3568 quia
634 3495 744 3552 tamen
765 3487 835 3570 ipse
857 3487 892 3552 in
915 3488 1083 3554 ecelesiam
1105 3498 1210 3553 uana·

241 3571 309 3635 itus
341 3572 485 3636 seeunda
516 3580 566 3637 est
597 3571 768 3652 nativitas,
809 3575 930 3655 optime
961 3574 1116 3639 eonvenit
1148 3576 1212 3640 ista

241 3655 397 3738 loquutio.
441 3656 526 3722 Nam
549 3667 582 3722 et
603 3676 642 3721 ea
664 3659 736 3742 lege
758 3657 910 3724 Christus
938 3659 1001 3725 sibi
1021 3659 1133 3725 fideles
1155 3659 1210 3725 do·

241 3742 388 3824 spondet,
411 3752 448 3808 ut
467 3743 622 3826 populum
644 3763 740 3808 suum
764 3743 1006 3824 obliviscantur,
1029 3754 1062 3811 st
1078 3745 1209 3811 domum

242 3828 429 3910 patrissui,
453 3829 540 3894 Psal.
562 3828 616 3910 45,
640 3830 678 3892 11
703 3840 736 3894 et
768 3830 900 3896 formati
932 3851 970 3897 au
999 3832 1137 3915 regeniti
1159 3852 1210 3896 se·

241 3914 330 3980 mine
362 3915 598 3998 inoorruptibili
631 3915 665 3979 in
693 3935 794 3981 novas
823 3919 1005 3998 oredturas,
1039 3925 1107 3981 tam
1136 3915 1210 3994 Dei,

241 4018 340 4081 quam
364 4001 516 4067 eoelesiae
539 4001 598 4066 filii
621 4021 691 4066 esse
713 4001 878 4084 incipiant,
911 4002 985 4068 Gal.
1016 4002 1047 4079 4,
1071 4003 1123 4067 19.
1166 4002 1211 4066 lbt

241 4098 328 4149 uerte
340 4106 407 4149 non
425 4086 521 4151 aliter
538 4087 738 4152 renaseimur
756 4087 789 4152 in
802 4086 973 4153 seelestam
987 4087 1100 4171 vitam,
1112 4108 1209 4171 quam

242 4190 300 4252 per
331 4169 484 4235 eoelesiae
515 4172 742 4237 ministerium.
786 4173 919 4238 Interea
951 4174 1127 4239 tenendum
1161 4184 1211 4238 est

242 4253 416 4319 diserimen
438 4256 523 4337 quod
547 4258 636 4339 ponit
647 4257 825 4340 Apostolus
841 4258 928 4323 inter
945 4268 1107 4324 terrenam
1120 4256 1209 4323 Ieru-

241 4341 353 4419 salem,
375 4360 457 4423 quae
477 4351 514 4405 ιιι
534 4362 629 4407 serva
650 4354 707 4421 est,
736 4343 769 4408 in
798 4342 1029 4409 subieotionem
1057 4354 1209 4427 generat:

1263 3237 1380 3310 pretes.
1424 3226 1566 3309 Quidam
1590 3251 1664 3314 spes
1685 3230 1953 3314 interpretantur,
1976 3230 2108 3313 quidam
2137 3232 2240 3298 affee-

1264 3323 1325 3392 tus,
1353 3313 1407 3378 alii
1437 3314 1659 3398 eogitationss.
1714 3316 1874 3383 Libenter
1906 3337 2019 3382 eorum
2052 3319 2241 3384 sententiae

1264 3397 1499 3465 subsoriberem
1516 3401 1572 3482 qui
1592 3401 1828 3468 modulationes
1850 3412 1996 3482 vertunt,
2018 3404 2045 3469 si
2069 3413 2240 3485 peteretur

1264 3483 1325 3551 hoo
1345 3484 1390 3549 lin
1417 3506 1478 3550 uae
1501 3487 1690 3569 proprietas,
1721 3488 1798 3570 quia
1819 3501 1928 3553 autom
1951 3486 1984 3553 id
2007 3488 2104 3554 nimis
2128 3509 2239 3554 remo·

1264 3577 1333 3635 tum
1356 3507 1463 3637 videri
1485 3584 1609 3654 posset,
1642 3572 1727 3657 quod
1760 3574 1877 3639 rationi
1901 3574 2044 3639 maxime
2066 3586 2240 3639 eonsenta·

1265 3677 1362 3721 neum
1385 3666 1435 3722 est
1456 3656 1643 3740 amplector,
1666 3658 1838 3741 adspeotus
1860 3660 1983 3723 notari:
2006 3679 2043 3725 aa
2064 3658 2092 3725 si
2108 3659 2240 3726 dietum

1264 3755 1358 3818 esset,
1382 3742 1453 3826 Ego
1474 3747 1509 3807 in
1532 3755 1565 3808 te
1585 3744 1677 3827 quasi
1699 3744 1815 3810 defixis
1829 3743 1931 3810 oeulis
1948 3765 2075 3827 semper
2086 3746 2238 3813 intentus

1263 3847 1327 3906 ero,
1350 3848 1426 3892 nam
1449 3837 1482 3893 et
1503 3828 1597 3895 radix
1619 3831 1760 3896 nominis
1781 3831 1909 3897 ooulum
1932 3830 2104 3914 signifieat.
2136 3831 2239 3899 Nune

1263 3912 1440 3979 videndam
1473 3923 1523 3980 est
1555 3914 1632 3997 quid
1661 3915 1723 3981 sibi
1753 3915 1835 3982 velit
1864 3917 2002 3982 alterum
2024 3915 2107 3981 illud
2129 3937 2237 3983 mem·

1265 3997 1368 4082 hrum,
1391 4007 1538 4064 eantares
1562 4008 1599 4064 ut
1620 4000 1779 4079 tibinines,
1802 4002 1942 4084 abrupta
1964 4001 2094 4084 quidem
2117 4011 2169 4068 est
2191 4002 2239 4069 lo·

1263 4084 1384 4166 quatio,
1418 4084 1476 4149 sed
1506 4084 1545 4148 de
1574 4085 1667 4151 ouius
1689 4107 1788 4152 sensu
1810 4087 1898 4153 inter
1919 4107 2032 4152 omnes
2053 4087 2134 4153 satis
2156 4108 2239 4154 oon·

1264 4170 1369 4237 venit:
1393 4176 1519 4235 tantam
1541 4168 1684 4236 laetitiae
1706 4173 1875 4237 materiam
1899 4171 1978 4248 fore,
2012 4182 2048 4238 ut
2070 4182 2136 4237 tam
2160 4194 2239 4240 assa

1264 4275 1350 4338 voee,
1377 4275 1475 4338 quam
1497 4255 1630 4320 musiois
1653 4256 1880 4324 instrumentis
1902 4258 2054 4323 oontiuue
2076 4270 2239 4325 resonent

1262 4341 1330 4406 illio
1354 4340 1415 4405 Dei
1439 4339 1561 4405 laudes.
1606 4340 1787 4408 Confirmat
1816 4364 1893 4428 ergo
1926 4343 2011 4427 qnod
2034 4344 2125 4426 prius
2148 4343 2239 4410 dixit

241 4436 275 4490 et
295 4446 481 4509 supernam,
514 4446 596 4508 quae
628 4428 787 4512 ingenuos
818 4430 902 4494 filios
924 4449 981 4511 per
1003 4429 1208 4513 evangelium
1263 4426 1303 4490 de
1325 4426 1498 4509 magnifiee
1520 4424 1631 4493 Sionis
1658 4428 1909 4494 instauratione:
1942 4428 2019 4511 quia
2048 4449 2090 4494 ex
2119 4430 2237 4513 gaudii

240 4511 336 4593 parit.
381 4509 533 4579 Seounda
553 4522 645 4594 parta
667 4535 781 4579 versus
803 4514 999 4597 exprimitur
1020 4515 1117 4598 longa
1137 4513 1209 4577 diu·
1263 4510 1499 4592 magnitudine,
1523 4523 1555 4576 st
1575 4511 1749 4597 multiplioi
1771 4514 2085 4594 laudumuonaentu,
2107 4525 2238 4597 quanta

243 4598 394 4675 turnitas,
416 4619 512 4680 saepe
533 4597 620 4663 enim
643 4600 803 4681 eontingit
826 4609 864 4665 ιιι
886 4618 949 4681 quo
971 4600 1067 4665 eitius
1089 4600 1124 4663 in
1139 4600 1209 4663 exi·
1263 4595 1333 4660 eius
1355 4597 1465 4662 futura
1487 4595 1531 4661 sit
1550 4597 1687 4664 felioitas
1710 4598 1918 4666 demonstrat.
1960 4601 2082 4666 Verum
2104 4599 2239 4668 interea

241 4682 341 4747 miam
362 4680 568 4749 altitudinem
591 4696 763 4763 emergunt
785 4685 892 4763 nrbes,
919 4683 1047 4750 brevior
1069 4686 1113 4749 sit
1135 4704 1208 4766 pro·
1262 4681 1361 4745 finem
1384 4680 1537 4747 describit
1558 4681 1717 4750 donorum
1739 4686 1896 4761 omnium.
1942 4685 2036 4751 uibus
2064 4696 2132 4751 tem
2155 4685 2237 4752 libe·

241 4768 328 4850 speri
361 4778 465 4833 status
498 4767 635 4846 duratio,
668 4787 710 4831 ne
743 4777 876 4850 putetur
907 4770 942 4833 in
976 4790 1049 4834 eum
1077 4768 1207 4835 modum
1262 4762 1375 4831 taliter
1396 4766 1563 4833 eoelesism
1585 4789 1678 4834 snam
1697 4771 1904 4853 prosequitur
1916 4707 2024 4837 Deus:
2048 4781 2086 4836 ut
2106 4771 2239 4839 soilioet

241 4853 363 4919 aeduae
384 4854 538 4921 ecelesiae
559 4853 705 4932 felicitas,
723 4854 883 4936 propheta
892 4855 963 4920 sius
975 4854 1209 4921 firmitudinem
1263 4850 1395 4934 hymnis
1416 4860 1449 4916 et
1478 4852 1613 4921 aantiois
1642 4875 1734 4920 suam
1768 4877 1846 4939 erge
1881 4878 1957 4922 eum
1993 4856 2236 4940 gratitudinem

242 4959 261 5004 a
283 4938 427 5004 Domino
448 4941 521 5005 lore
543 4941 754 5023 pronunoiat:
783 4941 870 5005 ausi
893 4940 1023 5019 diaeret,
1052 4941 1126 5005 Non
1148 4938 1209 5003 mi·
1263 4943 1426 5001 testentur
1447 4936 1567 5005 fideles.
1605 4939 1673 5005 Alii
1695 4917 1827 5026 0³5le
1858 4952 2001 5019 vertunt,
2030 4942 2085 5027 qui
2107 4943 2238 5011 saltant

242 5045 314 5090 rum
338 5032 389 5090 est
409 5025 437 5091 si
460 5034 578 5089 nutent
599 5025 683 5090 aliae
705 5024 810 5100 urbes,
845 5026 1005 5108 vanisque
1026 5024 1209 5091 inelinatio-
1261 5020 1303 5087 ad
1335 5020 1481 5090 modulos
1514 5025 1564 5091 vel
1598 5025 1787 5108 tripudiant
1831 5024 1897 5093 Sed
1927 5029 1960 5094 in
1983 5047 2021 5093 eo
2044 5049 2159 5111 parum
2182 5039 2238 5095 est

241 5111 338 5174 nibus
360 5110 497 5176 subinde
519 5111 587 5175 sint
607 5110 782 5176 obnoxiae:
805 5112 880 5193 quia
902 5131 967 5176 una
988 5131 1062 5177 oum
1088 5108 1209 5174 mundo
1262 5107 1433 5172 momenti:
1457 5129 1555 5192 quum
1577 5109 1640 5179 hoo
1661 5111 1849 5178 summatim
1868 5114 2236 5198 teneresulfieiatper-

241 5193 435 5273 volvuntur,
476 5217 580 5279 neque
613 5206 761 5262 aeternos
794 5195 916 5262 habent
948 5195 1109 5262 custodes.
1165 5195 1210 5257 At
1261 5200 1391 5273 petuam
1412 5195 1534 5263 seilieet
1554 5196 1784 5281 symphoniam
1805 5197 1939 5265 lendum
1952 5200 2015 5265 Dei
2036 5200 2070 5265 in
2094 5200 2236 5267 aeolesia

115 5342 118 5347 .
241 5296 345 5344 novae
355 5280 534 5347 Ierusalem
553 5280 682 5348 diversa
699 5284 761 5347 erit
782 5282 876 5367 ratio,
897 5281 991 5349 euius
1012 5277 1210 5365 perpetuitas
1260 5277 1339 5357 fore,
1362 5277 1415 5344 nbi
1436 5282 1562 5367 gratiae
1583 5303 1661 5351 suae
1681 5284 1850 5352 thesauros
1867 5285 2070 5370 expliquerit,
2084 5296 2235 5355 mutuas·
