4658 5856
222 327 284 391 195
1048 323 1266 395 PSALMUS
1288 324 1386 389 XIX.
2155 320 2217 384 196

219 515 417 591 attribuens,
457 536 541 597 qnae
574 517 679 599 magis
712 514 984 597 ingratitudinem
1015 512 1189 596 exprobret
1243 521 1275 576 et
1297 511 1396 576 simul
1418 513 1552 595 propius
1575 510 1615 575 ad
1638 530 1699 574 uos
1723 508 1884 590 accedere,
1906 518 2018 591 postea
2039 510 2103 574 iter
2120 530 2215 574 suum

221 601 417 675 hominibus,
441 602 469 665 si
492 614 559 665 tam
582 603 706 666 clarum
731 601 952 664 testimenium
974 599 1082 665 surdis
1104 598 1191 663 auri-
1242 598 1420 676 reflectere,
1443 606 1480 661 at
1501 618 1521 661 a
1543 595 1635 660 nobis
1654 595 1811 678 paulatim
1831 598 1970 674 recedat,
1993 595 2070 659 hinc
2089 595 2216 660 dierum

221 686 280 750 bus
309 698 527 768 praetereunt.
573 688 746 751 atfieeeius
774 687 862 749 enim
891 695 1000 749 movet
1025 706 1063 750 ao
1091 685 1193 748 afficit
1244 682 1454 747 velnoetium
1470 683 1706 765 longitudinem
1723 682 1846 757 confici,
1868 693 1902 745 et
1920 682 2004 746 hanc
2023 683 2216 747 varietatem

220 770 300 837 haec
328 772 483 854 loquutie,
519 794 617 854 qnam
646 773 673 835 si
703 771 838 837 dixisset
867 771 971 836 coelos
1000 781 1191 834 monstrare.
1243 768 1407 852 aequabili
1428 769 1501 852 lege
1523 770 1570 833 ita
1592 789 1663 832 esse
1686 765 1872 848 dispositam
1902 778 1939 830 ut
1967 769 2143 849 quotannis
2165 788 2215 832 re·

220 857 283 921 llst
313 858 443 939 quidem
474 858 534 922 hec
564 878 730 941 maguum,
764 858 796 920 in
825 857 988 922 coelorum
1019 855 1192 940 splendore
1243 863 1395 920 currant:
1418 853 1498 919 baec
1510 853 1609 938 lenge
1619 854 1737 918 clarior
1749 854 1931 918 testificatio
1942 867 2001 917 est.
2025 852 2138 932 Quare
2150 874 2216 917 nen

220 942 321 1007 oeulis
344 945 464 1008 nostris
486 944 595 1007 offerri
620 945 727 1005 vivam
741 942 804 1006 Dei
829 944 1017 1025 imaginem:
1041 942 1097 1006 sed
1115 942 1192 1023 quia
1243 940 1406 1005 immerito
1430 940 1547 1019 David,
1574 939 1724 1023 quamvis
1745 937 1837 1001 Deus
1861 939 1985 1003 nullum
2010 941 2146 1003 verbum
2168 940 2216 1003 la·

221 1048 336 1092 sensus
358 1029 475 1093 melius
498 1030 617 1093 excitat
639 1049 777 1092 sonorae
802 1030 887 1093 vocis
911 1028 1113 1110 praedicatio,
1139 1025 1192 1090 vel
1243 1026 1318 1106 ciat,
1349 1026 1475 1089 dierum
1505 1037 1616 1091 tamen
1646 1034 1679 1087 et
1707 1023 1853 1088 noctium
1876 1036 1942 1087 tam
1968 1024 2049 1089 bene
2071 1036 2216 1107 aptatam

220 1114 340 1178 certius
362 1115 477 1178 saltem
500 1136 538 1179 ac
560 1115 682 1177 maiore
705 1135 778 1178 cum
803 1115 949 1196 profectu
972 1113 1072 1190 docet,
1094 1132 1190 1195 quam
1243 1114 1360 1177 seriem
1394 1111 1435 1176 de
1468 1111 1572 1195 gloria
1601 1109 1665 1174 Dei
1699 1111 1872 1191 magnifice
1905 1111 2092 1175 concionari
2122 1110 2216 1174 dicit:

221 1199 360 1281 simplex
401 1212 591 1281 conspectus
631 1201 681 1263 cui
724 1199 814 1263 nulla
850 1202 1021 1264 coniuncta
1053 1209 1103 1262 eet
1135 1197 1190 1261 ad·
1243 1220 1303 1262 nec
1339 1199 1405 1262 iam
1441 1196 1647 1281 ignorantiae
1683 1210 1891 1277 praetextum
1928 1196 2091 1278 reliquum
2129 1216 2217 1261 essse

223 1286 375 1348 monitio:
399 1285 540 1349 notanda
562 1296 612 1347 est
634 1283 733 1349 huius
754 1286 879 1367 figurae
902 1285 1075 1366 emphasis,
1106 1282 1191 1365 qued
1245 1282 1440 1363 hominibus,
1470 1284 1547 1364 quia
1576 1302 1676 1365 quum
1707 1280 1875 1344 deuterum
1898 1282 2004 1346 elfieio
2026 1294 2093 1345 tam
2116 1282 2218 1364 prebe

221 1371 327 1435 coelos
361 1391 421 1435 sue
462 1372 631 1452 praeconio
665 1371 726 1433 Dei
761 1370 897 1452 gloriam
926 1391 1080 1434 enarrare
1104 1369 1191 1434 dicit.
1242 1370 1421 1452 fungantur
1451 1370 1522 1433 dies
1551 1379 1584 1431 et
1606 1378 1728 1440 nentes,
1759 1366 1839 1430 satis
1861 1367 2016 1432 scientiae
2039 1388 2080 1433 ex
2102 1389 2216 1433 eorum

222 1456 387 1537 Repetitio
409 1476 492 1537 quae
513 1455 656 1520 secunde
680 1458 825 1520 membro
855 1455 994 1533 additur,
1025 1456 1193 1538 exegetica
1244 1455 1430 1537 magisterio
1452 1454 1605 1536 consequi
1629 1453 1764 1535 possint.

221 1552 280 1607 est.
325 1542 469 1622 Exponit
501 1543 587 1606 enim
621 1540 733 1604 David
766 1542 923 1623 quemodo
957 1541 1094 1624 gloriam
1128 1539 1192 1604 Dei
1330 1540 1361 1604 3.
1384 1539 1472 1625 (Noa
1498 1537 1625 1624 aenae.)
1681 1539 1772 1601 Duas
1803 1536 1869 1600 iere
1901 1540 2082 1602 contrarias
2115 1540 2217 1604 intar-

221 1626 303 1692 coeli
327 1626 418 1691 nobis
440 1626 645 1708 praedicent:
669 1629 744 1707 quia
762 1627 884 1693 scilicet-
901 1634 1014 1709 aperte
1033 1638 1192 1691 testentur
1245 1628 1442 1708 pretationes
1465 1627 1580 1707 recipit
1601 1625 1653 1688 hic
1678 1645 1800 1697 versus,
1829 1642 1968 1704 quarum
1993 1636 2104 1688 mmen
2127 1638 2217 1690 utra·

223 1733 287 1775 nen
310 1733 345 1776 se
367 1713 500 1776 fortuito
524 1714 679 1776 conflatos
702 1733 781 1786 esse,
812 1711 868 1777 sed
898 1714 938 1778 ab
964 1714 1076 1795 opifice
1100 1733 1191 1794 prae·
1244 1734 1307 1795 que
1330 1723 1381 1776 eet
1396 1711 1587 1794 probabilis:
1611 1711 1688 1792 quia
1703 1708 1743 1773 ad
1766 1711 1898 1772 verbum
1917 1711 1965 1773 sic
1982 1711 2118 1793 legitur:
2142 1711 2219 1776 Non

221 1799 421 1864 stantissimo
455 1798 649 1861 mirabiliter
680 1798 838 1862 conditos.
887 1798 979 1863 Fieri
1008 1801 1098 1862 euim
1127 1819 1192 1862 nen
1245 1798 1407 1879 eloquium
1432 1808 1465 1860 et
1487 1819 1552 1861 non
1575 1816 1752 1876 sermones,
1776 1816 1839 1857 non
1863 1794 1996 1859 auditur
2015 1819 2077 1860 vex
2094 1817 2217 1861 eorum.

222 1896 327 1966 petest
357 1885 438 1965 quin
470 1882 509 1946 ad
539 1884 647 1965 ipsum
677 1905 778 1965 usque
806 1896 952 1948 autorem
983 1905 1043 1949 nos
1065 1883 1193 1947 attollat
1245 1882 1388 1963 Quidam
1411 1883 1508 1947 simul
1523 1895 1700 1946 contexunt
1719 1880 1799 1944 duos
1816 1902 1938 1957 versus,
1961 1884 2042 1947 acsi
2057 1903 2219 1965 suspensa

222 1969 386 2035 coelorum
418 1969 567 2042 intuitus,
598 1990 635 2033 aa
665 1969 823 2034 mirabilis
852 1990 935 2052 quae
961 1970 1028 2034 illio
1058 1980 1194 2052 apparot
1244 1980 1331 2033 esset
1358 1972 1523 2033 sententia
1552 1989 1652 2049 usque
1682 1965 1722 2030 ad
1750 1968 1913 2048 posterius
1942 1970 2142 2031 membrum:
2176 1969 2220 2035 Ia

223 2055 398 2131 distinctio,
421 2070 556 2118 ornatus
589 2065 621 2117 et
642 2054 794 2136 splendor
816 2056 1017 2120 luculentum
1033 2058 1103 2120 eius
1119 2075 1192 2137 pro·
1245 2074 1363 2121 msera
1383 2060 1501 2118 terrum
1522 2060 1573 2119 ete.
1607 2053 1724 2133 Itaque
1746 2052 1923 2117 secundum
1948 2075 2003 2117 eos
2025 2074 2142 2119 sensus
2159 2064 2220 2134 est,

223 2140 391 2206 videntiao
415 2140 637 2204 testimenium
661 2140 807 2205 reddant.
853 2141 1037 2206 creationis
1060 2141 1191 2224 quidem
1245 2141 1395 2223 quamvis
1428 2142 1511 2204 muti
1544 2142 1613 2205 sint
1644 2140 1742 2215 coeli,
1784 2160 1843 2204 nee
1879 2138 2031 2221 loquendi
2064 2140 2220 2205 facultate

223 2235 352 2307 tempus
383 2238 416 2290 et
450 2227 580 2289 modum
614 2226 777 2307 scriptura
809 2227 968 2307 explicat:
1003 2227 1059 2292 sed
1094 2227 1192 2290 etiam
1245 2226 1394 2309 praediti,
1417 2229 1497 2290 satis
1519 2238 1629 2289 maren
1653 2224 1718 2288 alta
1740 2236 1774 2286 et
1795 2243 1914 2289 canere
1935 2244 2012 2288 voce
2031 2225 2220 2306 praedicare

223 2313 293 2377 Deo
316 2323 453 2385 tacente,
483 2311 563 2376 coeli
589 2311 650 2392 ipsi
675 2313 744 2374 eius
767 2313 918 2376 manibus
940 2334 975 2376 se
997 2313 1193 2395 compositos
1248 2314 1308 2376 Dei
1341 2312 1490 2395 gloriam.
1535 2311 1603 2376 Sed
1632 2311 1660 2374 si
1691 2310 1751 2374 hec
1784 2311 1888 2373 voluit
1911 2310 2028 2387 David,
2060 2332 2220 2395 quorsum

222 2398 321 2462 luisse
353 2397 536 2460 clamitant:
577 2394 662 2478 quod
695 2398 800 2480 ipsum
834 2397 873 2461 ad
908 2399 1088 2462 testandam
1123 2400 1193 2462 eius
1245 2399 1405 2461 attinebat
1439 2410 1488 2460 ter
1520 2412 1675 2478 repetere,
1710 2418 1775 2459 nen
1809 2418 1880 2459 asse
1913 2396 1977 2460 illis
2007 2398 2220 2462 articulatum

221 2483 358 2566 gloriam
399 2482 527 2547 abunde
560 2484 690 2547 sufficit.
747 2480 854 2548 Simul
888 2485 975 2547 enim
1010 2504 1048 2548 ac
1084 2486 1192 2548 Deum
1245 2482 1454 2547 sermonem?
1485 2482 1603 2565 frigida
1630 2502 1708 2545 sane
1738 2492 1823 2545 esset
1846 2482 1891 2545 rei
1913 2491 2010 2545 notae
2032 2482 2217 2547 inculcatio.

221 2568 428 2652 agnoscimus
451 2566 566 2631 mundi
588 2568 746 2649 opificem,
770 2581 897 2632 mentes
919 2580 1049 2633 nostras
1080 2572 1112 2632 in
1136 2567 1192 2634 ad·
1246 2568 1361 2632 Altera
1390 2569 1491 2651 igitur
1522 2568 1691 2650 expositio,
1726 2584 1761 2628 ut
1790 2568 1894 2649 magis
1925 2582 2053 2650 recepta
2084 2578 2144 2652 est,
2171 2569 2220 2632 ita

221 2655 427 2718 mirationem
457 2654 635 2717 immensae
664 2656 735 2717 eius
759 2655 921 2730 bonitatis,
952 2655 1132 2736 sapientiae
1161 2665 1194 2720 et
1247 2653 1362 2718 melius
1385 2673 1565 2735 congruere
1589 2653 1725 2716 videtur.
1755 2652 1840 2716 Nam
1864 2654 1897 2716 in
1921 2655 2035 2735 lingua
2057 2654 2219 2730 hebraica,

222 2741 386 2821 potentiae
409 2739 480 2819 rapi
503 2758 633 2802 neeesse
656 2751 714 2801 est.
1245 2759 1328 2822 quae
1358 2740 1488 2804 concisa
1516 2752 1576 2818 est,
1606 2759 1702 2819 saepe
1732 2738 1853 2820 aliquid
1883 2740 2092 2805 subauditur:
2124 2760 2220 2823 prae·

307 2825 336 2886 2.
357 2821 451 2904 (Dies
471 2824 514 2888 ad
535 2822 641 2907 diem.)
681 2822 878 2905 Quanquam
901 2822 1052 2888 subtilius
1072 2824 1191 2888 intelli·
1246 2826 1359 2890 sertim
1380 2824 1538 2888 Hebraeis
1560 2825 1674 2888 tritam
1699 2840 1748 2888 est
1771 2826 1908 2887 relativa
1929 2828 2088 2892 emittere.
2125 2823 2220 2890 adde

221 2922 304 2991 gunt
326 2908 511 2990 philesophi
529 2930 625 2989 quam
646 2910 757 2991 pulcre
776 2910 920 2975 distincti
939 2910 1006 2974 siut-
1023 2909 1193 2974 stellarum
1247 2911 1332 2994 qued
1356 2912 1455 2974 tertia
1478 2912 1608 2992 negatio
1630 2888 1696 2993 ἡ)
1718 2913 1941 2991 exceptionem
1961 2914 2065 2993 magis
2082 2909 2221 2976 denotat

222 2994 360 3066 ordines,
385 3008 421 3056 ut
443 2995 476 3056 in
500 3006 591 3056 tanta
610 2995 821 3059 multitudine
844 2995 926 3059 nihil
949 2996 992 3058 sit
1010 2996 1192 3069 conlusum,
1247 2998 1432 3060 emembris
1444 2997 1624 3078 prioribus:
1648 3018 1685 3059 ac
1703 3000 1729 3059 si
1749 2997 1872 3058 dietum
1891 3009 1987 3075 esset,
2006 3018 2069 3061 non
2088 2997 2220 3061 obstare

224 3080 319 3161 huius
350 3089 458 3142 tamen
483 3079 708 3162 providentiae
732 3079 793 3144 Dei
817 3081 953 3146 rudibus
974 3093 1009 3145 et
1030 3081 1193 3145 illiteratis
1246 3083 1432 3165 linguarum
1474 3080 1725 3163 discrepantiam
1761 3084 1839 3162 quin
1873 3083 1992 3163 ubique
2025 3082 2221 3148 exaudiatur

222 3167 341 3229 certius
364 3164 597 3229 documentum
620 3180 670 3229 ast
691 3169 847 3231 continua
869 3168 995 3232 dierum
1022 3169 1191 3232 successio.
1246 3168 1410 3233 coelerum
1434 3170 1653 3249 praeconium.
1685 3168 1882 3232 Faciteeim
1907 3166 2092 3251 linguarum
2116 3168 2221 3233 disse-

221 3249 332 3314 David
348 3271 426 3334 ergo
443 3250 494 3314 hic
513 3252 640 3317 aoeelis
653 3273 717 3315 neu
730 3252 896 3318 descendit
918 3254 958 3318 ad
978 3253 1058 3319 alias
1079 3252 1193 3317 mundi
1245 3256 1359 3318 nantia
1386 3266 1424 3317 ut
1444 3266 1549 3319 cesset
1571 3268 1685 3317 mutua
1705 3254 1794 3318 inter
1815 3256 1923 3317 varias
1944 3270 2059 3337 gentes
2076 3275 2221 3320 commu·

222 3353 341 3421 partes,
372 3338 428 3400 scd
459 3339 499 3400 ab
524 3338 642 3403 effectu
665 3340 768 3419 magis
791 3339 935 3403 sensibili
959 3349 992 3403 et
1014 3342 1195 3422 propinquo
1245 3341 1380 3405 nicetio:
1403 3350 1437 3403 et
1459 3341 1512 3422 qui
1536 3337 1791 3404 facundissimus
1809 3352 1859 3401 est
1877 3339 1985 3404 insua
2002 3355 2110 3423 gente,
2133 3346 2221 3407 inter

222 3423 396 3488 confirmat
428 3421 511 3503 qued
546 3444 650 3505 nuper
683 3424 775 3491 dixit,
807 3426 841 3485 in
871 3424 970 3489 coelis
1000 3448 1065 3490 non
1087 3426 1193 3490 selum
1245 3437 1374 3490 exteros
1395 3423 1606 3501 obmutescat,
1631 3425 1683 3487 vel
1707 3424 1864 3489 barbarus
1886 3426 1930 3488 sit
1951 3426 1979 3489 si
1998 3427 2086 3509 loqui
2106 3438 2220 3492 tentet

222 3507 404 3590 splendere,
434 3510 499 3571 ime
529 3509 628 3571 etiam
659 3529 811 3572 resonare
836 3508 899 3572 Dei
927 3510 1075 3591 gloriam.
1120 3512 1193 3575 Etsi
1245 3512 1316 3575 Imo
1338 3512 1366 3574 si
1388 3512 1460 3592 quis
1475 3510 1661 3593 linguarum
1678 3512 1823 3574 emnium
1843 3512 1955 3574 notitia
1972 3512 2014 3576 sit
2030 3514 2221 3592 instructus,

223 3606 332 3659 autem
363 3595 453 3657 uarie
482 3596 600 3676 exponi
631 3610 767 3676 pessunt
798 3594 905 3673 verba,
938 3616 1054 3660 sensus
1085 3610 1193 3660 tamen
1245 3617 1310 3661 noe
1334 3598 1453 3678 poterit
1483 3608 1592 3659 tamen
1615 3617 1768 3679 graecum
1793 3596 1891 3658 simul
1914 3609 1947 3661 et
1970 3597 2108 3661 latinum
2131 3620 2221 3664 com·

222 3680 290 3744 lere
320 3679 405 3743 idem
436 3696 554 3744 manet.
600 3679 758 3743 Nonnulli
785 3680 832 3745 sic
861 3680 1041 3760 resolvunt,
1067 3682 1195 3745 nullum
1245 3683 1384 3765 pellere:
1417 3683 1483 3745 imo
1516 3682 1653 3745 simulac
1686 3702 1869 3745 sermonem
1903 3682 1944 3745 ad
1976 3682 2035 3747 bos
2065 3685 2116 3749 vel
2145 3683 2221 3750 illos

224 3767 309 3831 diem
330 3766 571 3847 praeterfluere,
601 3786 665 3849 que
699 3786 761 3829 nee
792 3765 920 3849 insigne
945 3766 1073 3849 aliquod
1096 3768 1195 3831 docu-
1246 3767 1454 3835 converterit,
1483 3766 1523 3830 ab
1552 3766 1625 3829 aliis
1653 3769 1793 3851 intelligi
1825 3766 1960 3833 desinet.
2007 3769 2114 3833 David
2141 3790 2222 3854 ergo

224 3867 369 3915 mentum
393 3871 471 3915 suae
494 3853 624 3914 virtutis
649 3852 737 3915 Deus
759 3851 842 3915 edat.
888 3852 956 3918 atii
980 3852 1064 3917 'vero
1089 3853 1195 3915 notari
1248 3854 1345 3917 tacita
1390 3855 1630 3933 comparatione
1678 3853 1857 3934 amplificat
1898 3853 1996 3918 huius
2041 3854 2221 3921 testimonii

225 3939 340 4002 volunt
352 3936 519 4001 doctrinae
532 3941 741 4009 incrementa,
765 3951 801 4000 ut
813 3958 942 4021 semper
953 3938 1023 4003 dies
1035 3940 1196 4022 posterior
1247 3939 1423 4004 efficaciam
1454 3938 1537 4019 quod
1562 3939 1641 4001 coeli
1671 3940 1810 4001 creatori
1840 3958 1901 4002 suc
1930 3941 2091 4004 reddunt:
2124 3960 2163 4007 ac
2193 3942 2222 4007 si

224 4024 300 4087 novi
331 4021 452 4104 aliquid
483 4022 605 4087 afferat.
658 4022 782 4087 Durius
812 4036 861 4088 cst
889 4026 973 4106 quod
1005 4025 1197 4107 intelligunt
1248 4025 1377 4101 diceret,
1406 4025 1555 4104 quamvis
1585 4025 1670 4086 inter
1702 4047 1737 4087 se
1766 4025 1875 4105 pepuli
1907 4024 2027 4108 linguis
2056 4026 2224 4111 differant,

224 4105 367 4191 quidam.
390 4108 458 4173 dies
480 4122 514 4172 et
536 4124 646 4173 noctes
668 4110 753 4173 ieter
775 4130 810 4172 se
833 4111 982 4191 colloqui,
1005 4124 1038 4175 et
1060 4111 1100 4174 de
1121 4131 1195 4175 con·
1248 4122 1356 4173 tamen
1380 4109 1420 4173 ad
1443 4130 1556 4173 omnes
1579 4110 1702 4189 pariter
1720 4111 1881 4174 doeendus
1898 4131 2105 4175 communem
2123 4114 2225 4179 coelis

225 4194 339 4258 diteris
363 4196 413 4257 sui
437 4194 541 4274 gloria
563 4194 728 4259 disserere.
759 4195 872 4276 Neque
891 4217 968 4260 vere
986 4196 1098 4260 dubito
1116 4197 1194 4278 quin
1248 4215 1431 4260 sermenem
1461 4214 1547 4259 esse:
1582 4216 1641 4259 nec
1672 4194 1848 4276 quidquam
1878 4212 2008 4277 praeter
2040 4198 2224 4263 socordiam

225 4280 335 4344 David
360 4300 400 4342 ex
423 4279 582 4343 ordinatis
605 4280 729 4343 dierum
752 4296 785 4342 ct
808 4284 950 4344 noctium
975 4283 1097 4346 vicibus
1119 4283 1197 4345 solis
1248 4283 1378 4345 obstare
1408 4302 1472 4362 que
1500 4283 1609 4343 minus
1632 4280 1823 4344 alienissimi
1846 4281 1965 4365 quique
1986 4285 2079 4365 qnasi
2102 4305 2145 4348 ex
2166 4303 2224 4349 ore

226 4379 260 4429 et
287 4365 383 4428 lunae
412 4364 647 4448 stellarumque
670 4386 800 4429 cursum
823 4372 857 4428 ct
880 4368 1112 4432 revolutionem
1137 4371 1197 4430 mi·
1249 4369 1346 4431 unius
1369 4366 1512 4430 doctoris
1535 4367 1714 4447 proficient.

227 4451 321 4515 rabili
345 4450 408 4513 Dei
438 4450 572 4514 consilio
602 4452 776 4532 temperari
807 4450 928 4516 doceat.
980 4450 1060 4516 Sive
1088 4468 1196 4516 autem
1334 4453 1364 4516 4.
1402 4452 1460 4535 (Ia
1494 4470 1612 4515 enarrem
1647 4458 1763 4515 terrem
1798 4450 1919 4537 caruit.)
1976 4452 2041 4517 Hie
2078 4453 2223 4520 declarat

228 4536 313 4600 dieru
338 4535 377 4599 de
402 4534 454 4599 dio
477 4550 652 4609 terminus,
683 4537 754 4599 sive
775 4535 860 4599 diem
884 4536 924 4600 ad
954 4537 1051 4615 diem,
1082 4560 1196 4621 parum
1220 4490 1225 4695 ἰ
1250 4537 1411 4620 quemodo
1440 4540 1518 4602 coeli
1542 4536 1627 4619 apud
1650 4558 1763 4601 ornnes
1786 4540 1921 4618 populos
1943 4558 2013 4602 stne
2036 4540 2223 4606 discrimine

229 4624 382 4687 interest:
412 4622 488 4702 quia
518 4633 646 4683 tantum
677 4636 810 4684 notatur
831 4624 991 4687 concinna
1013 4638 1198 4705 temporum
1250 4626 1430 4706 promiscue
1479 4627 1723 4687 concionentur:
1776 4624 1852 4704 quia
1895 4623 2014 4706 ubique
2057 4638 2224 4692 terrarum

228 4709 330 4773 series
361 4728 460 4788 quam
493 4705 620 4769 dierum
654 4721 685 4769 ot
720 4708 861 4769 noctium
895 4711 1055 4773 successio
1087 4711 1198 4774 allicit.
1221 4706 1226 4789 l
1250 4711 1433 4791 intelligant
1458 4708 1605 4771 homines
1627 4710 1732 4772 aulos
1753 4711 1792 4771 ad
1815 4709 2041 4773 celebrandam
2069 4712 2128 4775 Dei
2152 4714 2223 4797 glo·

231 4794 310 4858 Dies
325 4794 455 4876 quidem
473 4813 566 4870 trtius,
581 4792 610 4855 si
625 4794 704 4855 satis
720 4793 838 4855 attenti
850 4813 995 4859 essemus
1008 4809 1044 4858 nt
1056 4795 1199 4871 decebat,
1222 4796 1226 4885 ξ
1250 4796 1331 4858 riam
1356 4796 1535 4876 propositos
1556 4815 1626 4857 esse
1650 4810 1756 4858 testes.
1794 4793 1978 4871 Caeterum,
2001 4797 2079 4878 qnia
2102 4818 2223 4864 aeman

231 4882 321 4943 nobis
345 4879 480 4942 idoneus
503 4890 589 4942 esset
617 4878 741 4959 gloriae
774 4877 834 4941 liei
865 4881 975 4943 testis:
1005 4902 1070 4943 nox
1101 4882 1198 4944 etiarn
1223 4906 1226 4939 :
1249 4892 1292 4987 tp
1316 4901 1401 4944 trano
1422 4880 1550 4951 lineum,
1571 4896 1863 4944 urrucstrueturam
1880 4882 2223 4966 Hebraeissignifieat,

232 4966 404 5028 anaidem
429 4964 573 5029 officium
597 4975 787 5045 praestaret.
832 4964 897 5027 Sed
925 4987 1024 5047 quum
1052 4965 1200 5029 ridemus
1252 4965 1383 5047 quidam
1424 4964 1511 5029 bunc
1556 4987 1687 5029 sensum
1735 4966 1887 5040 eliciunt,
1929 4969 2013 5048 qued
2057 4969 2223 5036 coelorum

231 5049 331 5112 solem
356 5064 389 5112 et
410 5049 521 5114 lunum
546 5050 689 5132 quotidie
712 5070 770 5112 sue
792 5052 916 5113 ambitu
941 5052 1227 5115 intraturorum·
1252 5053 1480 5128 architectura,
1510 5054 1601 5133 quusi
1634 5053 1777 5114 lineat-im
1801 5050 1841 5112 ad
1866 5054 2009 5134 regulam
2032 5062 2222 5138 composita,

232 5134 338 5215 plecti,
368 5136 510 5199 interdiu
540 5138 638 5199 solem
669 5156 767 5216 supra
796 5136 902 5216 cupita
929 5152 1038 5199 nestra
1061 5152 1200 5205 exstare,
1224 5130 1227 5147 '
1253 5137 1351 5219 longe
1383 5136 1510 5217 lateque
1545 5135 1607 5201 Dei
1640 5139 1774 5218 gloriani
1806 5138 1978 5218 praedicet.
2023 5138 2090 5204 Sed
2121 5163 2223 5223 quum

231 5222 344 5283 lunam
363 5222 534 5285 succedere
555 5222 687 5297 vicibus,
705 5220 866 5303 grralatitu
882 5222 1200 5299 solemadscendera,
1224 5226 1229 5267 ¹
1253 5223 1475 5304 metaphorice
1506 5222 1654 5287 eoelestis
1684 5222 1853 5286 machinae
1882 5224 2089 5306 splendorem
2112 5226 2222 5294 David
