4658 5856
234 319 297 381 367
1011 311 1227 382 PSALMUS
1250 316 1435 383 XXXVII.
2156 320 2221 384 368

233 505 437 588 exagitarent
478 525 599 568 vanum
644 505 815 586 impiorum
856 501 1062 588 splendorem
1106 525 1202 587 quem
1255 528 1289 571 se
1322 507 1490 572 continent
1522 505 1649 586 fideles,
1683 507 1855 591 diligenter
1884 509 2026 573 notanda
2047 517 2113 573 est:
2147 510 2223 589 quia

233 591 333 657 stulte
356 591 473 674 vulgus
501 592 655 671 miratur,
685 588 743 656 sed
772 591 835 658 fide
864 591 960 656 vacui
981 589 1090 654 Deum
1113 592 1202 655 frau·
1254 593 1323 655 sive
1346 591 1437 658 nobis
1460 591 1626 657 arrideant
1648 595 1773 671 omnia,
1803 594 1872 658 sive
1903 615 1961 659 uos
1984 593 2145 658 Dominus
2173 594 2224 657 in·

234 675 353 741 darunt
375 697 434 741 suo
458 676 595 741 honore:
624 675 712 741 uude
734 675 857 743 factum
879 688 929 742 est
951 683 988 742 ut
1009 696 1064 740 eos
1086 676 1202 740 lateret
1255 677 1407 741 fortuniis
1440 689 1605 756 exerceat,
1646 701 1773 762 semper
1805 679 2013 744 retinendum
2052 694 2101 744 est
2142 678 2224 743 illud

232 783 311 827 vera
332 762 480 828 felicitas.
524 760 617 827 Sicut
646 773 755 826 autem
786 787 805 828 a
835 762 899 828 fide
927 761 1004 827 lacit
1033 760 1201 826 exordium
1256 763 1464 845 principium:
1488 763 1574 844 Quia
1592 763 1684 829 Deus
1705 766 1811 848 portio
1829 774 1941 830 nostra
1958 779 2017 844 est,
2041 764 2224 830 funiculum

232 859 269 914 ut
291 848 398 912 Deum
420 847 570 912 ostendat
592 848 749 913 bonorum
778 851 924 915 omnium
949 868 1019 913 esse
1049 856 1203 925 autorem,
1256 849 1420 930 praeclare
1439 851 1530 914 nobis
1548 850 1710 929 cecidisse,
1732 851 1828 917 sicuti
1848 851 1933 916 Psal.
1954 852 2004 928 16,
2022 850 2053 931 5,
2072 849 2225 916 vidimus.

232 956 292 999 nec
309 932 487 1018 sperandos
505 955 573 998 esse
593 954 764 1016 prosperos
781 956 949 1002 successus
967 933 1031 998 nisi
1049 933 1088 997 ab
1107 932 1203 997 unica
1257 932 1367 1013 Quare
1397 933 1461 1001 huc
1497 935 1610 1000 sedulo
1640 935 1814 1001 revocandi
1845 947 1922 1001 sunt
1950 937 2080 1002 assidue
2113 937 2226 1012 animi,

232 1021 302 1083 eius
324 1019 559 1085 bencdictione:
593 1021 641 1082 ita
674 1021 818 1085 notanda
848 1030 899 1087 est
931 1019 1101 1103 probitatis
1134 1018 1203 1082 eius
1256 1039 1321 1082 non
1345 1020 1439 1084 aliter
1462 1022 1553 1086 nobis
1582 1024 1663 1086 bene
1686 1043 1754 1086 esse
1784 1023 1847 1086 nisi
1877 1032 2037 1104 quatenus
2064 1023 2227 1106 propitius

232 1104 432 1181 coniunctio,
462 1105 538 1186 quia
560 1113 645 1169 recte
669 1116 702 1169 et
723 1107 857 1172 innoxie
879 1106 984 1182 vivet,
1015 1126 1053 1170 ac
1082 1103 1203 1169 benefi·
1256 1116 1307 1170 est
1328 1105 1435 1183 Deus,
1465 1119 1501 1171 ut
1523 1107 1647 1171 laetitia
1669 1127 1765 1189 quam
1796 1107 1835 1171 de
1857 1122 1993 1188 paterno
2022 1109 2094 1173 eius
2116 1111 2229 1172 lavore

232 1192 359 1257 centiae
387 1189 529 1254 studebit
561 1191 707 1273 quisquis
741 1194 802 1257 Dei
835 1191 910 1257 fidei
944 1213 978 1256 se
1011 1191 1201 1255 committet.
1256 1191 1466 1273 concipimus,
1484 1213 1597 1257 omnes
1615 1191 1728 1256 muudi
1748 1192 1931 1274 voluptates
1948 1205 2088 1275 superet.
2127 1194 2229 1257 Prae·

232 1276 396 1363 (luceia
428 1274 566 1361 terram)
622 1275 867 1360 Significantius
890 1277 1035 1359 loquitur
1055 1296 1152 1357 quam
1174 1275 1203 1338 si
1255 1289 1348 1359 cepto
1378 1277 1508 1342 additur
1536 1279 1720 1361 promissio,
1750 1279 1778 1343 si
1808 1299 1872 1344 uno
1903 1279 1974 1343 Deo
2010 1278 2056 1343 ita
2080 1279 2232 1344 conteuti

231 1363 435 1447 promitteret
463 1361 566 1425 iustos
596 1370 667 1426 tuto
698 1364 898 1429 habitaturos
928 1364 964 1426 in
993 1374 1096 1433 terra,
1127 1380 1203 1424 uam
1255 1363 1395 1436 erimus,
1435 1364 1542 1446 ipsum
1582 1361 1738 1446 quidquid
1772 1364 2010 1445 optaverimus,
2050 1363 2233 1430 liberaliter

232 1447 367 1532 perinde
389 1461 439 1510 est
461 1449 546 1512 acsi
576 1469 628 1512 eos
651 1451 685 1512 iu
715 1471 785 1514 rem
807 1462 1011 1534 praesentem
1040 1444 1203 1511 adducens
1256 1447 1426 1525 daturum,
1457 1471 1521 1514 non
1550 1448 1634 1531 quod
1662 1449 1772 1513 statim
1804 1449 1970 1513 obtineant
1999 1450 2111 1515 fideles
2133 1451 2232 1532 quid·

232 1537 267 1599 in
290 1532 490 1616 possessione
508 1533 638 1598 locaret.
674 1535 847 1601 Caeterum
870 1535 922 1600 his
944 1532 1053 1599 verbis
1076 1532 1201 1596 diutur·
1256 1533 1334 1615 quid
1364 1535 1603 1600 inconsiderate
1631 1533 1696 1599 illis
1726 1533 1761 1598 in
1790 1546 1932 1598 mentem
1966 1538 2109 1600 venerit:
2146 1537 2233 1601 sicut

233 1641 311 1684 num
334 1620 403 1683 lore
420 1618 551 1683 illorum
573 1628 695 1684 statum
718 1621 921 1704 pronuntiat:
951 1620 1026 1703 quia
1047 1619 1109 1683 etsi
1127 1617 1203 1681 hos·
1258 1639 1362 1700 neque
1381 1621 1460 1687 utile
1477 1629 1572 1700 esset,
1597 1619 1705 1686 Deum
1724 1620 1832 1702 pravis
1855 1619 2087 1700 cupiditatibus
2105 1642 2232 1686 morem

233 1706 317 1788 pites
339 1714 373 1767 ct
390 1704 540 1785 inquilini
563 1716 641 1768 suut
668 1708 703 1772 in
732 1706 871 1786 mundo,
901 1706 1064 1770 Dominus
1094 1715 1204 1767 tamen
1257 1726 1388 1787 gerere:
1421 1707 1478 1773 scd
1501 1717 1628 1771 tantum
1651 1705 1712 1769 hoc
1735 1706 1837 1769 voluit
1857 1704 1983 1783 David,
2014 1706 2041 1769 si
2064 1706 2137 1770 aliis
2160 1720 2234 1788 post

234 1812 293 1855 sua
316 1811 415 1854 manu
443 1811 497 1853 sos
526 1791 683 1874 protegit,
713 1802 750 1856 ut
770 1813 882 1858 secure
904 1793 1087 1874 quiescant,
1117 1787 1203 1871 quod
1257 1811 1316 1854 sna
1337 1794 1494 1874 figmenta
1513 1792 1726 1876 vagantibus,
1750 1791 1894 1855 sistimus
1916 1792 1949 1854 iu
1973 1790 2041 1857 solo
2063 1790 2135 1856 Deo
2157 1812 2232 1856 sen·

234 1897 348 1942 rursus
365 1877 536 1940 coufirmat
553 1877 701 1958 proxima
721 1877 888 1961 particula,
911 1877 1043 1942 Poscere
1062 1874 1203 1956 fideliter.
1258 1898 1313 1941 sus
1336 1888 1473 1958 nostros,
1496 1879 1560 1943 alia
1582 1899 1639 1942 suo
1663 1876 1777 1942 ordine
1798 1895 1976 1942 accessura.

234 1962 320 2028 Nam
342 1960 406 2025 Dei
439 1959 585 2026 custodia
617 1964 734 2040 fretus,
767 1964 836 2029 siue
868 1983 947 2027 cura
979 1977 1011 2026 et
1040 1961 1205 2025 anxietate
1343 1962 1373 2028 5.
1417 1963 1565 2048 (Devolve
1586 1984 1683 2044 saper
1704 1960 1875 2046 Ielrocam.)
1920 1961 2051 2027 Clarius
2074 1963 2228 2045 exprimit

235 2049 401 2131 quiescere
422 2047 509 2129 ipsos
539 2046 637 2112 iubet
682 2049 806 2116 Mirum
836 2048 993 2131 estquod
1016 2059 1082 2112 tam
1106 2045 1205 2111 variis
1258 2055 1292 2111 et
1312 2051 1485 2115 confirmat
1507 2050 1687 2132 proximam
1710 2049 1916 2113 sententiam.
1960 2048 2006 2113 Ut
2028 2047 2117 2112 enim
2136 2047 2227 2114 Deus

235 2132 491 2215 expositionibus
517 2131 604 2197 bunc
625 2133 734 2200 locum
757 2143 930 2216 torqueant
950 2133 1146 2214 interpretes
1167 2151 1205 2196 ac
1258 2145 1409 2199 votorum
1433 2157 1493 2200 nos
1512 2146 1677 2218 compotes
1699 2134 1811 2209 faciat,
1841 2153 1936 2197 curas
1959 2144 2087 2197 nostras
2117 2154 2173 2215 spe
2195 2147 2229 2197 et

235 2219 388 2283 lacerent.
420 2215 561 2296 Quidam
573 2218 732 2285 Pascendi
752 2220 887 2287 verbum
907 2217 1204 2299 activsaceipiunt:
1258 2221 1416 2299 patientia
1449 2223 1482 2286 in
1516 2243 1589 2287 sum
1622 2220 1780 2287 coniiccre
1813 2231 1950 2300 oportet.
2006 2218 2121 2300 Itaque
2152 2217 2229 2283 hine

236 2319 269 2368 et
290 2304 362 2368 aliis
384 2302 514 2385 quidem
537 2303 633 2368 fidem
657 2327 787 2389 pascere
810 2306 1002 2371 tantundem
1026 2302 1131 2377 valet,
1159 2311 1206 2365 at·
1259 2303 1414 2375 discimus
1447 2308 1605 2393 quomodo
1639 2308 1724 2369 inter
1757 2304 1937 2382 molestias,
1977 2303 2166 2369 discrimina
2197 2315 2231 2367 ct

235 2411 297 2473 que
320 2389 419 2454 Alere
443 2390 477 2452 in
507 2389 657 2455 cordibus
678 2391 743 2456 Dei
771 2392 1012 2474 promissiones.
1056 2388 1139 2453 Aliis
1159 2387 1205 2453 vi·
1259 2395 1539 2474 perturbationum
1579 2395 1697 2457 fluctus
1737 2388 1923 2470 tranquillis
1962 2389 2082 2454 animis
2127 2389 2230 2452 simus

236 2476 332 2542 detur
361 2475 471 2539 David
500 2478 686 2559 praecipere
721 2487 758 2541 ut
794 2478 857 2542 fide
891 2496 1061 2559 pascamus
1090 2473 1207 2539 fratres
1258 2478 1371 2543 futuri.
1420 2481 1497 2544 Viae
1518 2501 1576 2562 pro
1600 2475 1739 2560 negotiis
1766 2474 1916 2539 omnibus
1945 2476 2044 2558 accipi
2074 2494 2142 2538 non
2170 2474 2230 2537 du·

236 2576 373 2641 nostros,
390 2582 509 2644 purum
520 2560 584 2625 Dei
603 2565 748 2643 verbum,
767 2581 831 2645 quo
849 2561 1062 2646 spiritualiter
1074 2559 1207 2623 aluntur
1259 2564 1348 2628 bium
1371 2577 1429 2631 est.
1473 2563 1589 2646 Itaque
1611 2564 1680 2627 vias
1710 2581 1787 2625 suas
1814 2562 1847 2624 in
1871 2559 1979 2623 Deum
2009 2558 2154 2625 devolvit
2176 2562 2231 2641 qui

237 2649 374 2726 animae,
396 2645 462 2710 illis
483 2646 715 2713 ministrantes.
759 2647 828 2712 Alii
847 2648 945 2713 fidem
963 2647 1127 2729 accipiunt
1149 2665 1207 2728 pro
1259 2651 1423 2715 actionum
1452 2670 1586 2714 suarum
1611 2655 1764 2712 eventum
1792 2647 1861 2711 cius
1892 2645 2027 2710 arbitrio
2049 2645 2231 2729 resignans,

237 2732 434 2807 sinceritate,
456 2742 492 2795 ut
513 2732 611 2795 fidem
633 2753 764 2815 pascere
792 2734 834 2796 sit
856 2733 1015 2798 veraciter
1037 2753 1072 2796 se
1093 2750 1208 2816 gerere
1260 2744 1294 2798 et
1323 2736 1486 2815 patienter
1516 2744 1707 2817 exspectans
1732 2743 1903 2814 utramque
1926 2732 2106 2808 fortunam,
2135 2750 2232 2795 ouras

237 2821 325 2884 inter
342 2816 499 2880 homines.
532 2814 743 2900 Sedprorsus
758 2819 861 2901 exigit
879 2819 939 2883 loci
956 2817 1208 2893 circumstantia,
1261 2819 1377 2901 quibus
1399 2822 1546 2903 angitur,
1568 2828 1601 2884 et
1621 2817 1776 2901 quidquid
1797 2818 1905 2881 oneris
1926 2836 2002 2883 eum
2032 2817 2169 2899 premit,
2197 2817 2232 2880 iu

239 2901 325 2988 quod
351 2901 449 2965 etiam
472 2903 594 2984 patitur
613 2903 783 2973 hebraicae
810 2905 939 2987 linguae
961 2903 1153 2986 proprietas,
1172 2909 1209 2964 ut
1260 2907 1328 2970 eius
1363 2907 1470 2972 sinum
1503 2914 1676 2970 exonerat:
1715 2900 1802 2985 quod
1841 2902 1956 2986 gallice
1988 2901 2139 2980 dicimus,
2178 2901 2233 2982 lay

239 3003 324 3087 ,ψη
347 2988 477 3071 passive
504 2999 661 3054 sumatur.
705 2991 782 3060 Huc
811 2990 909 3056 etiam
939 2989 1076 3055 inclinat
1104 2988 1209 3053 maior
1259 2995 1399 3059 remetire
1430 3012 1480 3058 ees
1508 2991 1646 3073 offcires.
1692 2987 1770 3054 Ideo
1793 3009 1906 3052 rursus
1935 2990 1968 3052 in
1999 3009 2073 3052 eum
2097 3007 2232 3070 sperare

239 3097 316 3161 pars
337 3074 569 3155 interpretum,
602 3075 658 3157 qni
686 3087 796 3143 tamen
817 3086 931 3160 postea
951 3077 1037 3141 iuter
1058 3096 1093 3138 se
1115 3073 1208 3138 dissi·
1262 3076 1360 3153 iubet,
1384 3078 1582 3161 significuus,
1604 3074 1675 3139 sola
1696 3095 1753 3156 spe
1776 3075 1896 3138 iustum
1920 3074 2018 3138 tribui
2036 3074 2109 3138 Deo
2131 3072 2233 3136 hono·

240 3162 328 3227 dent.
364 3157 568 3239 Quibusdam
592 3162 678 3225 euim
696 3163 803 3246 placet
825 3182 884 3227 nos
902 3161 990 3244 pasci
1012 3160 1086 3240 fide,
1108 3180 1208 3241 quum
1261 3182 1341 3244 rem,
1363 3172 1402 3228 nt
1423 3164 1526 3227 vitam
1548 3170 1694 3226 nostram
1715 3159 1919 3224 moderetur:
1949 3170 2046 3240 atque
2074 3161 2122 3223 ita
2143 3178 2232 3223 com·

240 3246 334 3313 nobis
345 3243 409 3307 Dei
427 3245 655 3325 promissiones
674 3249 841 3316 sufficiunt
861 3259 894 3312 ct
911 3246 1003 3329 quasi
1022 3244 1087 3310 illis
1109 3246 1209 3309 satia·
1262 3251 1354 3313 muni
1383 3249 1506 3331 morbo,
1538 3267 1603 3330 quo
1640 3247 1706 3311 fere
1736 3265 1850 3310 omnes
1879 3244 2044 3323 laborant,
2072 3242 2231 3309 medetur.

240 3353 324 3398 mur.
370 3329 436 3393 Alii
469 3343 651 3411 exponunt,
685 3335 788 3402 Pasce
810 3350 842 3399 te
870 3333 976 3397 fructu
1011 3330 1101 3395 fidei:
1135 3330 1210 3413 quia
1261 3332 1357 3400 Unde
1377 3335 1462 3399 enim
1486 3335 1523 3398 fit
1544 3347 1581 3397 ut
1602 3332 1748 3414 reprobis
1769 3331 1938 3396 invideant
1959 3331 2019 3394 filii
2039 3328 2112 3408 Dei,
2134 3349 2233 3411 saepe

241 3419 333 3482 Deus
355 3437 390 3480 re
418 3417 489 3496 ipsa
517 3418 679 3495 ostendet,
709 3442 776 3484 non
806 3421 927 3483 frustra
949 3416 1049 3481 verbo
1071 3438 1128 3480 suc
1151 3415 1209 3480 ha·
1262 3431 1414 3485 aestuent
1436 3428 1493 3484 aut
1515 3419 1684 3494 vacillent,
1713 3417 1815 3480 dolori
1838 3417 2093 3499 intemperanter
2122 3413 2232 3479 indul·

241 3505 342 3569 bitam
365 3500 464 3564 luisse
486 3498 594 3567 fidem.
638 3504 707 3568 Alii
727 3505 914 3572 resolvunt:
937 3501 1039 3566 Cibus
1070 3502 1211 3571 inussit
1262 3518 1377 3590 grant,
1410 3504 1577 3569 interdum
1613 3503 1711 3567 etiam
1740 3503 1881 3567 fremant
1914 3522 1952 3565 ae
1980 3500 2233 3578 tumultuentur,

240 3588 374 3663 veritas,
391 3606 451 3650 1100
472 3585 648 3670 quidquam
671 3600 702 3654 te
724 3591 827 3673 magis
849 3587 986 3653 oblectet
1015 3607 1110 3668 quam
1133 3586 1210 3650 sim·
1262 3592 1325 3656 nisi
1341 3591 1425 3674 quod
1449 3611 1483 3654 se
1505 3588 1677 3654 immodice
1698 3588 1785 3653 curis
1800 3586 1976 3670 implicant,
1998 3596 2032 3650 et
2054 3584 2116 3650 sibi
2133 3585 2233 3650 nimis

241 3674 370 3759 pliciter
399 3681 432 3735 et
462 3671 607 3754 ingenue
636 3695 709 3739 cum
732 3675 890 3758 proximis
913 3675 1046 3739 versari.
1091 3672 1211 3735 Affinis
1263 3677 1378 3758 cupide
1414 3677 1535 3756 absque
1564 3673 1635 3737 Deo
1665 3673 1846 3755 prospicere
1875 3673 2038 3750 volentes,
2072 3671 2167 3752 quasi
2200 3673 2234 3734 in

242 3776 290 3827 est
313 3758 377 3823 alia
405 3758 579 3839 expositio,
610 3780 807 3843 quamquam
835 3757 986 3824 nonnihil
1008 3756 1130 3823 differt:
1160 3755 1211 3820 Ne
1263 3761 1418 3844 abyssum
1456 3781 1492 3824 se
1533 3757 1750 3841 demergunt?
1791 3758 1905 3823 saltem
1937 3770 2131 3823 coacervant
2172 3758 2234 3822 sibi

242 3849 334 3913 vivas
365 3866 406 3908 ex
437 3853 544 3925 rapto,
578 3844 635 3911 sed
666 3846 810 3929 legitimo
839 3847 928 3909 victu
962 3852 1133 3909 contentus
1155 3843 1209 3906 sis.
1263 3868 1416 3911 curarum
1438 3843 1575 3921 molem,
1599 3845 1652 3909 cui
1675 3842 1806 3906 tandem
1829 3844 2040 3908 succumbere
2061 3851 2233 3925 coguntur.

244 3932 340 3996 Certe
362 3931 397 3993 in
421 3950 455 3992 re
483 3930 653 4013 perspicua
682 3933 729 3997 sic
758 3932 974 3996 hallucinatus
1002 3950 1073 3994 esse
1101 3927 1211 3992 doctos
1263 3932 1352 3997 Huic
1376 3932 1455 3997 vitio
1478 3949 1651 3994 occurrens
1672 3927 1799 4003 David,
1822 3950 1881 3993 uos
1903 3928 2071 4002 admouet,
2095 3929 2122 3993 si
2146 3926 2235 3992 volu·

243 4017 391 4081 homines
413 4025 507 4096 turpe
535 4037 572 4080 ac
599 4017 788 4099 pudendum
815 4025 876 4082 est.
919 4014 992 4079 Nisi
1018 4015 1104 4079 enim
1136 4011 1212 4077 data
1264 4039 1339 4084 mus
1370 4018 1535 4099 suscipere
1577 4015 1662 4078 vitae
1702 4026 1830 4078 nostrae
1863 4015 2025 4096 regimen,
2065 4013 2237 4078 consulere

243 4122 340 4184 opera
361 4121 520 4182 quemque
542 4102 584 4167 ad
606 4103 826 4185 quaerendum
850 4122 971 4165 novum
994 4111 1211 4164 commentum
1264 4106 1361 4171 rebus
1385 4104 1521 4173 nostris,
1551 4119 1589 4162 ac
1617 4101 1645 4162 si
1675 4118 1821 4163 essemus
1850 4109 1941 4164 tauto
1971 4098 2062 4163 oneri
2091 4099 2236 4179 ferendo,

243 4183 426 4269 impelleret
454 4206 513 4249 sua
543 4188 691 4266 ambitio,
722 4189 833 4254 statim
861 4196 1007 4252 occurret
1035 4205 1211 4268 germanus
1265 4192 1361 4274 longe
1401 4186 1485 4252 falli:
1529 4182 1663 4266 ideoque
1703 4204 1806 4248 unum
1849 4205 1918 4248 esse
1958 4184 2154 4259 remedium,
2200 4198 2238 4247 ut

244 4272 421 4357 pr⁰Ph⁰l80
450 4292 581 4337 sensus:
612 4274 765 4339 Inhabitt
795 4286 931 4348 terram.
969 4279 1006 4335 Ul
1030 4293 1069 4335 0³
1095 4272 1213 4336 fruaris
1265 4275 1418 4343 coniectis
1439 4272 1474 4337 in
1498 4269 1562 4334 Dei
1584 4267 1819 4350 providentiam
1841 4270 1960 4351 oculis,
1989 4267 2065 4333 inde
2087 4270 2237 4333 anxiata·

244 4359 352 4426 stabili
374 4357 491 4442 quiete.
526 4372 648 4443 mm
670 4363 756 4424 euim
776 4380 839 4423 non
859 4358 966 4423 solum
985 4356 1145 4422 Hebraeis
1163 4366 1214 4420 est
1266 4374 1334 4425 tum
1356 4358 1502 4426 omnium
1524 4356 1674 4419 solatium
1692 4365 1851 4438 petamus.
1888 4353 2043 4438 Quisquis
2060 4355 2137 4420 huic
2159 4375 2237 4421 con·

245 4446 364 4512 veritas
386 4453 442 4508 aut
459 4442 550 4520 fides,
572 4446 628 4509 scd
649 4448 747 4510 etiam
768 4448 864 4509 firma
885 4442 1093 4508 diuturnitas.
1129 4442 1213 4524 Quis
1264 4447 1336 4510 silio
1366 4444 1508 4529 parebit,
1547 4463 1588 4505 ex
1616 4440 1765 4506 horribili
1804 4462 1868 4523 quo
1901 4461 1935 4505 se
1967 4438 2088 4504 frustra
2120 4460 2238 4505 omues

245 4543 353 4600 autom
377 4550 444 4593 non
466 4527 571 4605 videt,
603 4542 772 4612 postquam
793 4530 888 4594 iustis
918 4528 995 4594 data
1016 4542 1085 4592 orat
1107 4537 1213 4593 terrae
1263 4531 1404 4614 fatigant
1422 4526 1607 4608 labyrintho
1624 4540 1784 4611 emerget:
1803 4527 1880 4609 quia
1897 4525 1952 4590 ubi
1969 4526 2099 4609 negotia
2122 4536 2237 4590 nostra

244 4617 411 4704 possessio,
435 4614 496 4679 hoc
515 4617 673 4696 posterius
692 4617 857 4698 exegetica
878 4613 981 4680 fuisse
999 4612 1169 4678 additum?
1264 4617 1355 4682 Deus
1377 4614 1521 4697 regenda
1542 4614 1728 4694 susceperit,
1751 4633 1916 4694 nunquam
1941 4610 2044 4675 deerit
2064 4610 2143 4675 felix
2166 4634 2237 4676 suc·

331 4704 362 4768 4.
397 4699 456 4786 (Er
477 4700 622 4766 oblectare
643 4722 737 4783 saper
760 4700 898 4786 Iehovc.)
934 4701 1024 4765 Hace
1041 4697 1212 4764 oblectatio
1264 4722 1381 4767 cessus.
1421 4697 1518 4765 Unde
1541 4699 1627 4761 enim
1650 4699 1687 4761 fit
1706 4708 1742 4762 ut
1761 4719 1818 4761 nos
1841 4698 1968 4763 deserat
1990 4719 2027 4763 ac
2049 4697 2234 4768 frustretur,

244 4790 339 4857 vanis
362 4800 394 4855 et
416 4786 582 4853 fallacibus
605 4786 719 4851 muudi
739 4785 898 4851 illecebris
921 4785 1104 4868 opponitur,
1128 4805 1211 4866 quae
1264 4787 1326 4851 uisi
1345 4786 1419 4867 quia
1438 4785 1465 4847 ei
1484 4784 1570 4847 viam
1590 4782 1837 4866 praecludimus,
1856 4785 1995 4847 nimium
2013 4803 2126 4865 sapere
2142 4783 2236 4848 nobis

244 4878 395 4961 profanos
418 4874 566 4939 hemines
588 4872 635 4938 sic
656 4872 828 4947 inebriant,
851 4882 888 4935 ut
910 4882 1018 4953 spreta
1035 4870 1097 4935 Dei
1116 4869 1212 4933 bene·
1264 4868 1434 4935 volentes?
1474 4867 1584 4948 Quare
1606 4871 1632 4933 si
1657 4890 1731 4933 eum
1755 4889 1851 4951 agere
1873 4870 2100 4951 permittimus,
2123 4872 2235 4953 lunge·

246 4965 386 5029 dictione
416 4982 481 5025 non
510 4960 607 5023 aliam
636 4957 803 5024 somnient
831 4955 1079 5033 beatitudinem,
1113 4976 1210 5037 quam
1264 4969 1317 5021 tur
1350 4956 1421 5038 ipse
1449 4975 1506 5018 suo
1536 4955 1658 5030 officio,
1689 4975 1794 5036 neque
1823 4974 1913 5034 spem
1946 4969 2090 5019 nostram
2114 4955 2233 5028 eludet,

246 5069 327 5130 quae
349 5047 389 5112 ad
412 5057 611 5110 momentum
636 5068 670 5111 se
688 5045 806 5127 ingerit
829 5063 939 5106 eorum
958 5041 1067 5106 oculis.
1102 5041 1211 5123 Atque
1235 5002 1239 5087 l
1263 5042 1358 5107 sicuti
1381 5041 1463 5104 iuste
1486 5040 1746 5105 incredulitatem
1767 5048 1914 5103 nostram
1934 5042 2036 5123 punit.

246 5134 327 5199 haec
349 5133 519 5198 antithesis
547 5133 634 5196 inter
655 5132 792 5196 erratica
813 5139 847 5192 et
864 5148 985 5193 vesana
1006 5124 1124 5209 gaudia
1141 5096 1238 5229 qui-l
1348 5129 1378 5190 6.
1413 5125 1543 5210 (Educet
1569 5128 1663 5207 quasi
1693 5123 1819 5210 lumea.)
1864 5125 2042 5210 Occupatio
2072 5138 2140 5209 est,
2170 5146 2233 5208 qua

247 5217 308 5285 bus
330 5241 365 5285 se
387 5218 528 5282 muudus
550 5216 683 5301 decipit,
714 5229 746 5281 ct
767 5234 880 5280 veram
905 5215 1063 5296 quietem,
1091 5213 1127 5279 iu
1149 5233 1211 5295 qua
1234 5232 1238 5271 ι
1262 5211 1478 5276 dubitationes
1495 5213 1667 5295 praevenit
1684 5231 1765 5294 quae
1783 5233 1843 5277 nos
1863 5213 2231 5297 utplurimumangunt,
