4672 5864
126 322 187 387 517

127 534 190 578 non
214 512 328 594 potuit,
351 512 431 593 quin
452 511 521 575 Deo
540 511 660 576 laceret
677 512 841 576 iniuriam.
877 511 981 579 Sicuti
999 513 1096 578 hodie

127 620 192 663 non
216 597 349 680 angelos
368 618 386 661 c
404 597 492 660 coelo
511 597 612 661 mittit
632 599 730 676 Deus,
753 597 809 662 sed
829 598 998 663 hominum
1018 619 1096 665 voce

127 684 167 749 ad
189 706 248 749 noe
272 682 465 748 recreandos
487 695 661 748 contentus
684 697 749 748 est:
778 684 874 750 sicuti
899 683 977 750 dicit
999 683 1095 750 Chri·

126 784 205 848 stus,
229 769 397 852 Quidquid
421 769 608 834 remiserint
630 770 769 833 interra
793 769 952 854 discipuli,
981 770 1095 835 remis·

126 878 197 921 sum
220 857 289 919 fore
310 857 343 920 in
367 856 464 933 coelo,
487 854 579 919 Ioan.
601 855 652 933 20,
676 855 727 920 23.
761 856 806 919 Et
828 855 952 921 Paulus
970 857 1000 921 2.
1019 854 1093 921 Cor.

126 942 164 1022 5,
193 942 237 1007 20
265 941 439 1024 Evangelii
471 942 638 1005 ministros
679 942 770 1006 docet
803 941 964 1025 legatione
1002 942 1094 1025 fungi

127 1028 167 1093 ad
189 1026 445 1094 reconciliandos
466 1026 617 1091 homines
640 1027 720 1092 Deo.
765 1026 906 1091 Videtur
928 1048 1006 1110 ergo
1029 1029 1093 1109 sig·

127 1135 204 1178 num
226 1113 430 1178 infidelitatis
449 1113 547 1177 fuisse
565 1113 598 1174 in
618 1110 758 1188 Davidc,
783 1111 867 1195 quod
888 1112 999 1177 audita
1017 1133 1094 1178 voce

126 1199 268 1282 Nathan,
301 1198 475 1281 perplexus
505 1210 538 1262 et
566 1198 686 1264 dubius
716 1219 833 1263 novam
863 1196 1092 1264 certitudinem

126 1285 231 1351 adhue
267 1285 406 1367 quaerit.
458 1283 593 1365 Duplex
626 1284 725 1348 huius
755 1285 954 1365 quaestionis
983 1285 1092 1349 afferri

125 1385 231 1456 potest
253 1370 387 1435 solutio:
418 1390 491 1432 narn
519 1370 589 1434 lieri
612 1382 717 1453 potest
740 1382 863 1433 utnon
889 1371 998 1435 statim
1021 1391 1093 1452 prc-

125 1459 251 1523 miserit
273 1456 417 1539 Nathan,
440 1454 603 1537 placatum
626 1476 697 1520 csse
715 1454 834 1520 Deum.
868 1456 983 1538 Neque
1005 1457 1093 1519 enim

124 1564 244 1610 norum
267 1551 319 1606 est
339 1542 470 1606 contexi
491 1541 526 1604 in
548 1542 708 1623 scriptura
727 1562 809 1623 quae
833 1541 930 1606 simul
948 1550 1093 1623 ternpore

125 1651 188 1695 non
211 1628 394 1694 cohaerent.
440 1627 508 1691 Nec
531 1646 610 1690 vero
631 1625 809 1691 absurdum
832 1640 891 1704 est,
922 1638 1092 1710 postquam

124 1735 255 1782 servum
282 1733 377 1778 suum
406 1712 544 1794 perculit
566 1712 657 1776 Deus
684 1714 717 1775 in
746 1711 804 1776 illa
827 1714 1001 1787 anxietate,
1033 1712 1092 1777 ali·

123 1800 277 1885 quamdiu
308 1798 450 1863 voluisse
476 1818 550 1861 eum
574 1809 733 1879 torquere,
764 1819 826 1880 quo
849 1799 966 1864 melius
987 1798 1092 1863 humi·

122 1888 228 1952 liaret.
257 1884 331 1950 Hoo
349 1881 443 1948 modo
462 1885 597 1948 referret
608 1883 717 1948 David
740 1897 941 1967 quantopere
959 1886 1092 1948 territus

122 1974 229 2055 luerit,
262 1983 295 2035 et
324 1990 420 2052 quam
453 1968 539 2033 diros
568 1970 731 2035 eruciatus
762 1971 941 2052 pertulerit,
974 1971 1027 2034 ubi
1057 1970 1090 2033 in

122 2057 246 2142 peccati
268 2057 318 2121 sui
342 2054 491 2120 notitiam
513 2053 672 2122 adductus
690 2056 761 2130 luit,
785 2069 959 2138 antequam
980 2056 1092 2120 veniae

123 2145 278 2209 nuntium
297 2143 465 2225 acciperet.
500 2140 696 2224 Quanquam
714 2140 789 2206 fidei
808 2152 944 2206 naturae
956 2143 1092 2206 minime

123 2239 292 2314 repugnat,
314 2230 367 2311 qui
387 2229 451 2293 iam
471 2228 511 2291 de
530 2227 637 2310 gratia
655 2227 718 2292 Dei
737 2229 811 2293 sacti
831 2242 910 2292 sunt
928 2230 1091 2301 certiores,

123 2315 276 2382 ardenter
305 2325 414 2379 tamen
445 2322 479 2376 et
507 2313 642 2378 sollicite
669 2314 703 2377 in
733 2313 875 2396 peteuda
901 2314 997 2377 venia
1014 2313 1091 2376 insi·

123 2415 225 2467 stere.
269 2400 381 2480 Quare
415 2411 580 2481 utcunque
609 2399 716 2463 David
751 2402 814 2463 iam
849 2399 977 2463 levatus
1007 2409 1093 2463 esset

124 2498 216 2571 parte
246 2485 355 2567 aliqua
388 2486 559 2561 moeroris,
593 2506 658 2549 non
692 2484 818 2549 destitit
851 2495 959 2548 tamen
990 2504 1092 2548 novas

124 2571 264 2638 subinde
286 2572 480 2653 punctiones
502 2571 631 2646 sentire,
655 2590 737 2651 quae
759 2570 798 2635 ad
825 2571 888 2634 Dei
911 2571 1093 2634 miscricor-

124 2659 209 2724 diam
234 2656 426 2739 suppliciter
448 2668 481 2720 et
503 2656 616 2720 timido
634 2656 785 2740 refugere
802 2656 910 2738 ipsum
928 2665 1093 2738 cogerent.

123 2745 195 2809 Etsi
220 2744 308 2807 enim
331 2740 432 2817 Deus,
468 2742 596 2805 veniam
620 2742 712 2807 nobis
741 2740 947 2825 promittens,
976 2740 1093 2806 libera·

124 2831 200 2895 liter
229 2848 289 2893 nos
312 2827 352 2892 ad
376 2848 487 2909 pacem
511 2828 641 2903 inritat,
671 2839 820 2894 nostrum
845 2838 952 2891 tamen
975 2837 1025 2892 cst
1046 2848 1094 2892 re·

972 325 1188 393 PSALMUS
1212 326 1271 393 LI.

2056 330 2119 399 518

1147 524 1291 580 catorum
1314 525 1390 579 vota
1408 514 1555 591 iacimus,
1579 527 1705 581 mentes
1723 527 1851 583 nostras
1867 517 1907 583 ad
1926 520 2120 587 sacrificium

1148 599 1319 684 erigendas
1338 620 1409 665 esse
1426 622 1489 683 quo
1506 610 1633 684 patrem
1653 601 1804 668 Christus
1822 604 1972 687 placavit.
2006 606 2119 688 Neque

1149 689 1235 750 enim
1260 687 1330 752 sine
1349 687 1520 769 sanguine,
1544 700 1582 752 ut
1600 685 1691 752 docet
1713 690 1881 771 apostolus
1898 690 2000 757 Hebr.
2017 691 2048 775 9,
2066 692 2119 769 22,

1147 773 1363 837 remittuntur
1399 782 1552 854 paccata:
1592 782 1625 836 et
1662 774 1747 855 quod
1783 776 1875 840 Deus
1909 777 1971 842 sub
2004 779 2119 861 figuris

1146 856 1229 940 legis
1251 867 1389 923 testatus
1410 870 1459 922 est
1481 859 1584 923 veteri
1608 858 1736 941 populo,
1764 860 1892 942 plenius
1913 861 2038 928 Christi
2061 864 2117 929 ad·

1148 954 1249 1008 ventu
1271 943 1501 1009 manifestavit.
1538 945 1628 1028 Ergo
1650 958 1686 1008 ut
1707 946 1847 1028 gratiam
1871 949 2024 1030 impetret
2046 969 2118 1032 peo-

1147 1038 1247 1106 oator,
1274 1030 1380 1111 primo
1411 1028 1451 1093 ad
1474 1028 1598 1095 Christi
1627 1030 1822 1095 sacrificium
1851 1045 1992 1098 mentem
2023 1055 2116 1100 suam

1146 1124 1325 1191 convertat,
1355 1135 1418 1197 quo
1442 1116 1573 1198 expiata
1594 1125 1673 1181 sunt
1694 1117 1809 1181 mundi
1832 1135 1970 1200 peccata,
2000 1119 2117 1186 deinde

1146 1221 1274 1265 sacram
1303 1220 1438 1266 coenam
1465 1213 1499 1265 et
1521 1201 1716 1283 baptismum
1739 1203 1774 1266 in
1796 1203 1874 1268 fidei
1897 1226 1975 1269 suae
1996 1206 2117 1272 confir·

1147 1287 1325 1350 mationem
1355 1284 1500 1363 advocet,
1531 1286 1609 1369 quia
1633 1287 1767 1352 minime
1790 1288 1987 1370 sperandum
2011 1302 2117 1357 estut

1147 1371 1238 1436 Deus
1270 1369 1338 1457 (qni
1371 1371 1471 1436 iudex
1505 1387 1554 1438 est
1583 1371 1710 1458 mundi)
1738 1374 1851 1439 redeat
1881 1374 2050 1442 nobiseum
2082 1378 2116 1442 in

1146 1457 1294 1541 gratiam,
1317 1457 1380 1522 nisi
1402 1456 1623 1524 intercedente
1645 1459 1837 1540 placationis
1859 1462 1970 1543 pretio.

1233 1629 1283 1693 12.
1309 1626 1370 1694 Gor
1397 1629 1548 1695 mundum
1575 1648 1647 1694 oreo
1667 1630 1702 1694 io
1723 1649 1771 1695 me
1792 1629 1891 1710 Dee,
1920 1633 2116 1713 espiritum

1144 1719 1262 1780 rectam
1290 1715 1405 1779 innovo
1432 1715 1467 1780 ia
1495 1714 1665 1781 vuerthan
1684 1716 1769 1781 meis.
1817 1716 1866 1780 13.
1891 1717 1942 1783 Ne
1958 1719 2117 1799 proicias

1145 1821 1193 1864 me
1214 1821 1234 1862 o
1254 1800 1337 1881 socie
1356 1805 1419 1879 tuo,
1440 1801 1633 1880 neptricum
1649 1802 1828 1867 renudatis
1845 1807 1916 1868 tace
1932 1823 1971 1868 ne
1987 1804 2117 1885 auferas

1145 1907 1165 1949 a
1194 1905 1251 1949 aaa.
1303 1884 1354 1949 14.
1378 1885 1520 1950 Restituta
1546 1884 1627 1949 mibi
1653 1887 1806 1969 gaudium
1837 1888 1953 1954 salutm
1979 1893 2059 1972 roae,
2089 1894 2116 1956 et

1145 1972 1262 2052 spirita
1284 1970 1577 2037 licentiantes
1598 1992 1654 2036 me

1230 2143 1280 2208 12.
1298 2142 1374 2229 (Cor
1389 2140 1564 2227 muudum.)
1590 2141 1759 2208 Hactenus
1776 2114 1928 2226 precatus
1946 2154 1996 2212 est
2007 2145 2115 2211 David

1144 2248 1203 2310 pro
1235 2227 1411 2294 obtinenda
1442 2240 1647 2311 peecatorum
1678 2230 1794 2294 venia:
1828 2252 1916 2295 nunc
1943 2252 1978 2296 ee
2009 2230 2116 2315 gratia

1143 2315 1286 2395 spiritus,
1317 2334 1382 2396 qua
1407 2315 1557 2396 privatus
1580 2324 1658 2389 erat,
1689 2314 1741 2378 vel
1764 2314 1877 2381 saltem
1902 2313 2021 2400 dignus
2045 2326 2116 2382 crat

1144 2399 1276 2481 privari,
1306 2400 1426 2464 iterum
1456 2399 1572 2465 donari
1601 2399 1752 2481 postulat.
1799 2401 1912 2484 Magni
1937 2414 2048 2466 autem
2068 2403 2116 2465 in·

1145 2495 1255 2564 terest,
1284 2484 1364 2549 duas
1386 2486 1464 2551 istas
1486 2486 1700 2568 precationes,
1730 2506 1812 2567 quas
1837 2507 2007 2570 perperam
2030 2489 2115 2553 docti

1145 2571 1278 2653 quidam
1296 2570 1359 2637 viri
1374 2570 1588 2650 confundunt,
1606 2570 1816 2654 distinguere.
1850 2572 1939 2657 Ergo
1957 2572 2115 2639 hactenus

1145 2656 1185 2721 de
1203 2658 1347 2740 gratuita
1364 2669 1568 2738 peccatorum
1588 2657 1778 2722 remissione
1796 2657 1873 2739 egit,
1891 2679 1978 2723 nunc
1997 2658 2115 2723 transit

1145 2742 1186 2806 ad
1209 2743 1296 2808 vitae
1319 2742 1508 2821 novitatem.
1548 2742 1632 2806 Nam
1656 2742 1733 2824 quia
1754 2765 1789 2807 se
1812 2743 1947 2827 dignum
1970 2745 2116 2828 agnoscit

1145 2829 1201 2909 qui
1234 2827 1391 2910 spolietur
1423 2827 1573 2893 omnibus
1607 2829 1740 2909 spiritus
1773 2828 1883 2906 donis,
1916 2829 1981 2892 imo
2016 2829 2116 2894 sentit

123 2925 240 2997 putare
269 2934 365 2996 quam
393 2914 538 2996 graviter
567 2915 667 2978 fuerit
695 2915 848 2990 offensus,
879 2925 915 2977 ut
944 2911 1094 2977 cordibus
1146 2935 1266 2996 magna
1299 2935 1338 2977 ex
1367 2923 1460 2994 parte
1486 2912 1550 2977 illis
1579 2933 1613 2978 so
1642 2934 1712 2977 csso
1742 2926 1895 2989 exutum,
1929 2915 2045 2979 morito
2074 2913 2115 2980 ad

125 3002 245 3065 nostris
262 2998 403 3064 insideat
420 2999 605 3081 profundus
623 2999 724 3063 dolor.
759 2998 853 3064 Adde
870 2998 954 3082 quod
973 2999 1093 3081 exiguo
1146 3001 1411 3063 instaurationem
1431 2997 1590 3079 adspirat:
1613 3018 1650 3062 ac
1669 2998 1768 3063 verbo
1787 2998 1925 3065 Oreaudi
1943 3001 2114 3083 signifieat,

124 3097 254 3151 nostrae
286 3084 361 3148 fidei
390 3083 530 3159 modulo,
566 3106 629 3148 non
660 3086 770 3149 statim
801 3087 975 3167 recipimus
1003 3083 1093 3147 illam
1146 3085 1248 3149 donec
1277 3082 1469 3148 mirabiliter
1498 3094 1672 3148 renovatus
1700 3084 1798 3148 fuerit
1827 3084 1890 3148 Dei
1920 3086 2050 3160 virtute,
2080 3105 2114 3150 se

124 3193 206 3254 quae
240 3171 376 3235 offertur
408 3172 532 3254 gratiae
565 3169 811 3252 plenitudinem.
867 3169 979 3250 Quare
1012 3168 1093 3233 nihil
1146 3171 1214 3234 lore
1231 3169 1323 3251 quasi
1342 3169 1491 3232 inutilem
1511 3181 1674 3245 truncum,
1693 3190 1756 3251 quo
1774 3169 1879 3254 elogio
1897 3171 2115 3252 poenitentiae

124 3258 243 3322 mirum
284 3257 312 3320 si
346 3254 453 3321 David
490 3257 649 3338 angustiis
682 3258 893 3334 constrictus,
934 3256 1030 3319 tertio
1062 3269 1095 3318 et
1148 3257 1279 3319 donum.
1309 3267 1345 3318 ut
1367 3273 1424 3336 par
1446 3264 1503 3333 est,
1532 3254 1747 3320 commendat.
1793 3254 1975 3338 sophistae,
2005 3276 2115 3338 quam·

124 3359 239 3423 quarto
268 3344 303 3406 in
333 3343 472 3424 petenda
502 3343 598 3405 venia
628 3342 816 3423 perstiterit,
846 3353 878 3405 et
906 3342 1036 3423 saepius
1059 3341 1094 3404 in
1147 3342 1198 3405 vis
1228 3361 1295 3405 non
1314 3350 1436 3423 negent
1456 3361 1537 3423 opus
1559 3340 1651 3406 uobis
1673 3359 1744 3405 esse
1766 3341 1888 3405 auxilio
1910 3340 2054 3423 spiritus,
2083 3351 2117 3406 ct

124 3429 186 3494 Dei
214 3443 422 3511 conspectum
454 3450 488 3492 se
517 3428 680 3499 obtulerit,
710 3449 774 3510 quo
804 3449 838 3490 sc
868 3427 996 3507 plonius
1020 3448 1093 3491 con·
1146 3428 1241 3492 fateri
1274 3438 1432 3510 cogantur
1466 3438 1531 3490 tam
1562 3437 1738 3507 praeeunte
1771 3447 1868 3509 quam
1898 3428 2116 3510 subsequente

125 3518 280 3580 firmaret.
310 3512 645 3579 Imosiohabcndum
665 3523 724 3595 est,
742 3533 806 3576 non
823 3533 916 3593 posse
934 3532 993 3577 nos
1010 3512 1095 3577 serio
1147 3515 1253 3595 gratia
1283 3532 1343 3577 nos
1376 3512 1501 3577 iuvari:
1535 3511 1600 3576 Dei
1628 3521 1739 3576 tamen
1769 3513 1907 3596 gloriam
1936 3523 2116 3578 extenuant

127 3603 261 3683 precari,
294 3611 331 3664 ut
360 3598 452 3664 Deus
481 3599 627 3680 peccanti
657 3599 813 3681 ignoscat,
846 3598 907 3662 nisi
937 3598 1001 3661 iam
1031 3597 1094 3662 fide
1146 3600 1199 3664 rel
1232 3599 1420 3680 obscurant,
1462 3598 1539 3662 dum
1572 3598 1606 3661 in
1640 3597 1744 3663 medio
1776 3598 1881 3682 gradu
1911 3599 2116 3663 constituunt

125 3685 380 3769 conceperimus,
409 3686 515 3766 ipsum
546 3687 613 3748 iore
643 3684 844 3767 placabilem.
896 3682 979 3763 Quis
1008 3685 1093 3748 enim
1148 3685 1307 3749 rationem
1339 3683 1484 3748 hominis
1516 3703 1599 3765 quae
1629 3684 1746 3766 eligat,
1779 3696 1812 3748 et
1845 3682 2048 3748 voluntatem
2080 3685 2114 3747 in

126 3773 254 3853 aperire
275 3791 311 3837 os
333 3769 475 3853 auderet,
499 3771 561 3835 nisi
585 3770 625 3834 de
648 3785 782 3852 paterno
803 3770 873 3833 eius
890 3769 1003 3834 favore
1020 3790 1094 3852 per·
1147 3770 1330 3852 praebendo
1363 3790 1507 3833 assensu.
1562 3768 1666 3850 Atqui
1697 3768 1806 3832 David
1840 3769 1981 3834 Oreandi
2016 3769 2116 3834 verbo

126 3855 265 3922 suasus?
305 3858 408 3938 Atqui
431 3876 559 3938 semper
581 3857 711 3920 initium
737 3854 891 3937 precandi
913 3875 932 3916 a
954 3855 1095 3939 petenda
1149 3856 1355 3938 magnificum
1386 3867 1419 3918 et
1440 3853 1608 3937 singulare
1629 3853 1693 3916 Dei
1714 3874 1795 3935 opus
1816 3854 1946 3919 extollit
1966 3855 2000 3919 in
2023 3875 2116 3920 reno·

128 3946 223 4007 venia
252 3943 359 4006 facere
387 3944 556 4006 convenit:
587 3943 673 4006 unde
702 3952 838 4024 apparet
860 3961 924 4004 non
948 3961 1095 4024 pugnare
1148 3945 1279 4005 vatione
1300 3940 1478 4016 hominum,
1502 3960 1539 4005 ac
1562 3939 1591 4004 si
1613 3938 1653 4003 de
1675 3940 1802 4022 integro
1826 3959 1928 4006 novas
1948 3952 2115 4007 creaturas

128 4028 209 4093 haec
239 4027 303 4092 duo
335 4030 421 4091 inter
454 4048 504 4102 se,
539 4027 592 4091 ubi
625 4027 689 4092 fide
718 4027 861 4108 amplexi
889 4048 1002 4091 sumus
1031 4026 1093 4090 Dei
1150 4030 1294 4109 fingeret.
1341 4025 1443 4090 Porro
1473 4025 1549 4107 quia
1578 4026 1642 4088 iam
1674 4026 1841 4108 praeditus
1870 4027 1977 4091 fuerat
1997 4027 2114 4110 spiritu

127 4114 276 4196 gratiam,
306 4115 430 4195 precari
461 4126 569 4177 tamen
600 4124 636 4176 ut
664 4122 796 4195 peccata
824 4125 936 4176 nostra
957 4112 1092 4176 aboleat.
1147 4113 1217 4194 illo,
1250 4112 1331 4193 petit
1360 4111 1395 4175 in
1424 4131 1459 4175 se
1488 4111 1649 4175 renovari.
1683 4109 1843 4183 ..Grecndi
1872 4123 1983 4178 tamen
2015 4114 2114 4179 verbo

127 4204 236 4281 Atque
264 4198 329 4263 huc
352 4210 476 4281 spectat
497 4199 652 4281 precandi
675 4200 821 4277 formula,
853 4218 936 4280 quae
960 4198 1095 4262 nobisa
1148 4198 1238 4277 prius
1272 4198 1437 4262 confessus
1470 4206 1535 4273 est,
1567 4198 1635 4261 sive
1665 4196 1706 4262 ab
1735 4198 1826 4261 initio
1855 4220 1915 4263 nos
1945 4212 2115 4283 regeneret

126 4285 258 4351 coelesti
280 4287 436 4368 magistro
458 4284 579 4349 tradita
601 4296 660 4356 est,
690 4284 744 4348 ubi
768 4284 808 4347 ab
830 4283 963 4348 exordio
987 4282 1092 4348 Deum
1146 4283 1246 4359 Deus,
1271 4282 1341 4347 sive
1363 4283 1470 4365 lapsos
1493 4282 1525 4345 in
1550 4280 1687 4365 gradum
1707 4283 1866 4358 restituat,
1890 4283 2045 4367 quidquid
2066 4294 2115 4348 est

128 4375 280 4436 cocantes
304 4383 440 4454 patrem,
468 4382 578 4452 postea
600 4382 710 4433 tamen
733 4369 883 4434 addimus
906 4379 942 4432 ut
963 4380 1094 4451 peccata
1146 4370 1181 4433 in
1211 4368 1302 4433 nobis
1330 4365 1544 4446 rectitudinis,
1570 4369 1751 4451 gratuitum
1782 4389 1854 4433 esse
1883 4372 1952 4435 eius
1982 4373 2113 4434 donum.

127 4457 282 4538 remittat,
308 4456 427 4520 Matth.
446 4456 476 4533 6,
498 4455 527 4519 9.
574 4454 734 4535 Quamvis
763 4457 850 4519 enim
874 4455 965 4521 Deus
987 4456 1020 4519 in
1043 4477 1093 4518 so·
1146 4456 1261 4537 Neque
1282 4455 1370 4518 enim
1392 4453 1474 4536 petit
1496 4474 1551 4518 cor
1573 4475 1669 4517 snum
1699 4454 1866 4519 infirmum
1894 4454 2052 4536 adiuvari,
2080 4467 2114 4519 et

127 4541 228 4606 lidum
260 4543 423 4626 ignoscat,
456 4563 519 4604 non
548 4540 692 4604 admittit
720 4555 828 4605 tamen
858 4539 932 4605 fidei
962 4553 1093 4605 nostrae
1145 4542 1296 4624 spiritum
1319 4537 1457 4604 debilem
1481 4539 1587 4604 fulciri
1610 4539 1716 4621 aliquo
1735 4539 1894 4605 subsidio:
1917 4539 1974 4603 sed
1993 4539 2114 4604 fatetur

126 4629 280 4713 angustia
308 4638 375 4691 tam
404 4628 540 4690 effusam
566 4628 635 4690 eius
657 4627 853 4692 bonitatem:
883 4628 938 4690 sed
963 4647 1093 4692 neeesse
1146 4626 1227 4691 nihil
1256 4645 1326 4690 esse
1353 4625 1387 4688 in
1417 4624 1513 4689 corde
1542 4646 1600 4689 suo
1630 4637 1753 4689 rectum
1775 4626 1827 4690 vel
1850 4645 1979 4708 purum,
2012 4623 2113 4691 donec

126 4726 175 4779 est
213 4726 251 4778 ut
291 4712 447 4796 paulatim
480 4710 623 4777 distillet.
677 4712 819 4793 Ideoque
852 4712 913 4777 hoc
946 4712 986 4775 ad
1018 4712 1093 4777 fidoi
1146 4712 1277 4777 aliunde
1299 4711 1477 4794 proveniat.
1523 4710 1618 4776 Unde
1640 4712 1785 4793 sequitur
1808 4723 1909 4774 totum
1932 4731 1989 4775 cor
2011 4710 2114 4774 homi·

126 4812 256 4866 nostrae
289 4809 420 4881 captum
454 4798 610 4880 refertur,
649 4798 734 4879 quod
774 4798 904 4878 saepius
937 4799 1094 4863 iteramus
1146 4799 1205 4874 nis,
1230 4799 1285 4863 ubi
1309 4799 1342 4861 in
1365 4819 1423 4862 sua
1446 4808 1564 4861 natura
1586 4798 1817 4871 consideratur,
1841 4807 2024 4861 contortum
2044 4816 2114 4863 esse

127 4880 262 4952 eandem
285 4886 513 4968 precationem,
545 4884 621 4965 quia
645 4884 718 4948 licet
737 4903 802 4946 non
826 4883 983 4967 paulatim
1007 4884 1093 4948 miti·
1146 4896 1178 4949 et
1200 4904 1405 4966 perversum:
1429 4882 1504 4965 quia
1526 4883 1552 4947 si
1576 4882 1642 4947 ulla
1665 4892 1747 4945 esset
1771 4901 1789 4943 a
1813 4891 1930 4945 natura
1953 4882 2114 4947 rectitudo

127 4988 218 5051 getur
239 4972 343 5053 Deus,
365 4991 458 5035 more
480 4970 659 5050 hominum,
683 4970 761 5034 lenti
786 4981 896 5031 tamon
919 4981 998 5034 sunt
1019 4970 1093 5034 fidei
1147 4971 1198 5035 vel
1231 4969 1423 5048 mundities,
1457 4990 1522 5034 non
1556 4968 1640 5032 hanc
1673 4979 1804 5030 vocaret
1836 4965 1944 5030 David
1978 4968 2114 5051 spiritus

128 5071 255 5124 nostrae
277 5077 477 5140 progressus,
499 5057 554 5138 qui
576 5055 615 5119 ad
640 5056 768 5138 plenam
789 5056 1016 5121 certitudinem
1037 5076 1105 5122 nos·
1146 5056 1275 5133 donum,
1299 5055 1388 5119 illam
1412 5075 1491 5119 vero
1510 5054 1573 5118 Dei
1596 5052 1803 5143 creationem.
1838 5052 1993 5118 Proximo
2016 5076 2113 5120 versu

127 5143 300 5210 deducunt.
353 5143 421 5208 lam
458 5158 533 5205 vero
567 5142 718 5206 admonet
754 5160 870 5204 nomen
904 5142 1095 5222 expiationis
1145 5142 1229 5206 idem
1249 5150 1360 5204 votum
1382 5138 1597 5223 prosequitur,
1616 5149 1649 5201 et
1667 5136 1889 5202 remissionem
1908 5148 2113 5220 pcccatorum

125 5227 252 5313 hyssopi
281 5227 552 5310 etadcpereionis,
580 5228 704 5310 quoties
726 5246 785 5307 pro
808 5227 1000 5293 remissione
1021 5248 1092 5311 pse·
1146 5249 1218 5294 cum
1248 5226 1383 5308 spiritus
1411 5224 1645 5309 gubernatione
1674 5225 1853 5291 connectit:
1884 5225 1978 5289 sicuti
2009 5226 2113 5293 hoca

1856 5326 1907 5379 33*
