4658 5856
234 335 297 401 bb'f
1064 329 1277 398 PSALMUS
1299 332 1394 399 LIX.
2158 331 2221 397 568

321 523 357 592 1.,
375 518 617 607 summme)
644 520 688 586 od
716 539 892 602 semaam,
925 520 1088 601 erendum
1117 519 1207 585 edem
1258 528 1293 584 et
1313 520 1506 588 insolentius
1528 522 1685 606 erumpit:
1708 525 1866 607 quianon
1885 521 2080 605 intelligunt,
2102 520 2221 599 Deum,

236 616 270 676 itt
297 609 406 688 conis,
440 606 665 674 darcuibont
692 604 804 671 arbem
849 605 878 671 8.
901 603 981 672 Ecce
1006 606 1206 689 pumera)
1258 605 1313 670 ubi
1336 609 1429 673 otiari
1460 608 1606 686 videtur,
1638 608 1705 673 solo
1732 620 1816 673 nutu
1839 605 1958 673 iudicia
1988 627 2047 672 sua
2079 608 2221 689 exsequi.

236 716 288 762 ore
309 714 383 772 suo,
403 693 506 777 gladii
526 695 563 759 ia
584 692 680 758 labiis
701 693 854 774 ipsorum,
875 692 951 774 quio
976 691 1053 774 aas
1073 691 1205 756 audie?
1258 691 1479 778 Oontemptim
1503 713 1580 778 ergo
1604 692 1681 759 dicit
1703 713 1767 758 non
1790 715 1873 778 opus
1894 713 1964 758 esse
1982 712 2103 776 magno
2123 713 2222 777 appa·

237 781 267 845 9.
293 781 342 846 Tu
362 785 466 846 subm
487 779 606 844 Ieboua
627 776 744 844 ridebis
770 796 839 855 eos,
871 776 1081 842 subsannabis
1103 795 1207 841 omncs
1258 791 1346 842 ratu:
1381 779 1456 861 quia
1477 779 1614 844 simulac
1638 779 1723 843 volet
1744 778 1836 844 Dens
1859 800 1978 862 poenas
2000 798 2146 857 sumere,
2173 779 2221 843 lu·

236 871 349 952 pote.
397 866 446 931 10.
470 863 700 930 Fortitudinem
727 864 795 929 ciue
823 862 914 928 scite
942 861 1205 946 machmam)
1258 861 1364 928 dendo
1386 885 1441 931 eos
1462 865 1498 929 in
1521 864 1660 928 nihilum
1684 863 1818 948 rediget.
1853 865 2008 932 Graviter
2030 874 2139 929 autem
2162 863 2223 929 hoc

238 953 316 1034 qaia
338 951 511 1017 Deusara
531 970 600 1015 mea
620 953 675 1015 eet.
1257 948 1354 1014 modo
1381 951 1552 1015 invehitur
1581 952 1614 1014 in
1648 970 1778 1015 caecum
1811 971 1922 1016 eorum
1956 950 2116 1033 furorem,
2148 951 2224 1033 quia

325 1123 355 1188 1.
378 1120 594 1207 (aeneum
614 1119 680 1205 od.)
723 1118 1033 1203 compunctiones
1060 1140 1135 1185 euos
1157 1119 1205 1184 fa·

239 1208 364 1275 melicis
385 1215 417 1271 et
440 1204 576 1272 rabiosis
603 1205 755 1287 canibus,
787 1225 866 1288 quos
893 1204 997 1270 fames
1029 1205 1069 1271 ad
1100 1207 1206 1270 varios

194 1290 201 1302 ’
239 1294 395 1361 circuitus
417 1293 488 1357 sine
504 1293 570 1357 fine
588 1292 740 1375 instigat:
761 1302 861 1375 atque
882 1291 942 1356 hoc
962 1290 1057 1356 modo
1076 1303 1204 1357 accusat

238 1376 467 1463 inexplebilem
485 1398 597 1442 eorum
616 1378 794 1457 saevitiam,
816 1377 900 1460 quod
918 1377 1056 1442 nocendi
1073 1374 1205 1441 libidine

240 1463 407 1545 ardentes,
430 1463 555 1528 nullum
586 1464 754 1547 satagendi
781 1464 903 1529 faciant
931 1463 1071 1527 modum.
1117 1463 1205 1529 Dicit

239 1551 327 1617 enim
349 1548 389 1615 ad
413 1568 585 1634 vesperum
607 1550 747 1629 reverti,
781 1569 846 1615 non
867 1549 953 1631 quod
975 1548 1100 1631 reliquo
1123 1564 1205 1613 tem·

238 1657 317 1720 pore
340 1635 542 1718 quiscerent,
572 1634 627 1700 sed
650 1635 725 1786 (guia
747 1633 941 1718 infatigabili
961 1634 1069 1699 studio
1092 1654 1205 1718 perge-

238 1734 314 1787 rent
335 1723 370 1785 in
392 1742 452 1786 sua
474 1719 613 1786 malitia:
681 1721 693 1784 i
716 1720 797 1785 nihil
821 1729 889 1785 toto
919 1719 971 1786 die
1001 1720 1206 1803 profecerint,

239 1807 356 1890 inquit,
375 1826 493 1890 vesper
510 1816 621 1872 tamen
640 1806 745 1872 adhuc
763 1807 957 1872 cursitantes
975 1805 1206 1889 deprehendet.

240 1897 326 1976 Apte
348 1901 457 1958 autem
480 1892 617 1957 latratus
639 1892 817 1959 similitudo
839 1893 994 1957 convenit
1024 1890 1065 1956 ad
1095 1892 1205 1956 formi-

240 1979 362 2045 dabiles
401 1999 513 2044 eorum
558 1978 701 2044 insultus
747 1977 985 2061 exprimendos.
1047 1975 1206 2060 Sequenti

239 2085 337 2130 versu
359 2084 473 2131 eorum
493 2063 646 2130 ferociam
669 2062 831 2130 describit.
878 2062 1014 2129 Garrire
1034 2064 1133 2143 enim,
1154 2061 1207 2128 vel

241 2150 377 2217 ebullire
399 2169 456 2215 ore
478 2170 538 2214 suo
560 2149 686 2226 dicens,
717 2149 875 2233 intelligit
902 2150 1010 2232 palam
1031 2158 1066 2214 et
1086 2149 1207 2231 absque

242 2235 499 2302 dissimulatione
521 2234 663 2300 nefanda
684 2255 743 2300 sua
763 2234 898 2302 consilia
923 2236 1077 2318 proferre.
1122 2234 1207 2299 Nam

241 2322 302 2387 etsi
324 2322 458 2387 verbnm
481 2335 560 2421 92)
582 2319 802 2405 metaphorice
824 2320 986 2387 Hebraeis
1003 2320 1090 2404 loqui
1108 2320 1206 2404 signi·

237 2408 328 2488 hest,
351 2408 429 2490 quia
452 2416 560 2472 umen
581 2408 713 2491 proprie
734 2407 928 2472 tantundem
958 2406 1043 2473 valet
1072 2425 1109 2471 ac
1138 2427 1208 2472 sca·

1261 1034 1346 1100 vires
1367 1057 1444 1102 suas
1472 1037 1729 1118 intemperanter
1761 1035 1924 1102 efferendo
1945 1034 2053 1100 Deum
2083 1036 2223 1120 sopitum

1257 1119 1363 1186 iacere
1383 1123 1520 1207 fingant
1564 1119 1660 1202 Quod
1683 1122 1812 1186 additur
1838 1120 1980 1188 secundo
2009 1122 2155 1187 membro
2184 1120 2224 1186 de

1258 1208 1384 1273 cunctis
1406 1208 1577 1292 gentibus,
1608 1208 1833 1290 buospectat,
1863 1207 1990 1273 etiamsi
2011 1228 2149 1273 numero
2170 1227 2224 1272 ae·

1258 1302 1397 1374 querant
1419 1306 1524 1357 totum
1548 1292 1721 1371 mundum,
1752 1292 1890 1358 ludibrio
1913 1303 2023 1357 tamen
2052 1291 2123 1357 fore
2151 1314 2225 1359 cum

1258 1377 1326 1442 suis
1349 1376 1464 1462 opibus
1486 1389 1520 1443 et
1537 1379 1645 1460 copiis.
1680 1377 1876 1462 Quanquam
1899 1389 2008 1462 potest
2024 1379 2071 1443 ita
2089 1378 2226 1443 resolvi:

1259 1461 1363 1530 Sicuti
1386 1474 1422 1528 tu
1445 1463 1627 1531 subsannas
1650 1485 1764 1530 omnes
1781 1476 1906 1548 gentes.
1940 1464 2076 1530 Certum
2095 1463 2225 1547 quidem

1258 1560 1309 1615 est
1347 1549 1507 1614 Davidem
1545 1546 1675 1614 eludere
1715 1549 1850 1615 stultam
1898 1550 2041 1615 hostium
2090 1570 2225 1615 suorum

1259 1635 1463 1785 iacgegtiam,
1504 1637 1560 1719 qui
1599 1634 1809 1701 multitudine
1841 1656 1901 1702 sua
1932 1636 2009 1700 freti
2041 1635 2127 1700 nihil
2160 1657 2227 1700 non

1259 1741 1300 1786 au
1324 1742 1341 1786 e
1364 1729 1432 1786 aut.

1346 1807 1395 1872 10.
1417 1805 1660 1892 (Fortitudinem
1688 1806 1779 1886 eius.)
1830 1806 1922 1873 Fecit
1952 1806 2049 1872 huius
2079 1806 2142 1874 loci
2171 1806 2228 1872 ob·

1258 1893 1415 1975 saunitas,
1446 1901 1486 1957 ut
1517 1913 1590 1957 eum
1625 1893 1691 1958 suis
1724 1893 1916 1958 commentis
1950 1893 2040 1957 varie
2075 1893 2229 1958 flexerint

1259 1978 1461 2060 interpretes.
1505 1976 1596 2042 Nulli
1626 1990 1735 2042 tamen
1756 1979 1862 2061 magis
1875 1978 2043 2044 violenter
2064 1987 2229 2060 torquent,

1259 2083 1358 2146 quam
1390 2064 1445 2146 qui
1482 2064 1612 2147 fingunt
1644 2064 1677 2126 in
1705 2064 1845 2128 relativo
1875 2065 1943 2130 eius
1971 2084 2042 2130 esse
2070 2085 2228 2148 personae

1259 2150 1484 2229 mutationem,
1506 2169 1544 2214 ae
1559 2148 1587 2213 si
1603 2148 1711 2214 David
1729 2149 1868 2233 loquens
1885 2149 1925 2215 de
1943 2170 1978 2215 ss
1995 2151 2074 2232 ipso,
2096 2151 2227 2215 tertiam

1259 2255 1432 2319 personam
1448 2235 1572 2318 primae
1594 2234 1664 2299 loco
1687 2247 1830 2317 poneret.
1866 2235 1965 2300 Movit
1986 2237 2068 2301 forte
2086 2246 2155 2300 tam
2174 2256 2228 2299 eos

1259 2340 1357 2404 quam
1380 2340 1532 2404 graecum
1555 2320 1764 2402 interpretem
1789 2321 1872 2385 ratio
1890 2341 2004 2403 parum
2022 2321 2130 2400 firma,
2152 2321 2230 2403 quia

1259 2415 1425 2491 postremo
1459 2426 1559 2471 versu
1592 2406 1622 2470 le
1648 2406 1727 2483 tur,
1765 2406 2005 2472 Fortitudinem
2035 2427 2141 2471 meam
2170 2406 2230 2470 tibi

241 2493 355 2576 turire,
384 2493 457 2577 plus
479 2491 611 2559 videtur
633 2505 745 2558 notare
767 2513 863 2577 quam
887 2492 1080 2575 simpliciter
1108 2490 1207 2574 loqui.
1260 2511 1384 2568 canam,
1414 2491 1465 2556 vel
1488 2491 1618 2556 Fortitu
1642 2511 1662 2555 0
1684 2511 1757 2556 mea
1779 2493 1847 2558 tibi.
1891 2493 1994 2575 Atqui
2015 2493 2071 2558 ubi
2094 2504 2229 2557 ventum

244 2578 367 2645 Sensus
387 2579 518 2663 quidem
549 2589 617 2662 est,
651 2599 715 2642 non
744 2577 840 2643 modo
869 2577 1051 2644 clanculum
1083 2577 1208 2660 agitare
1260 2577 1339 2642 illuc
1367 2578 1478 2653 fuerit,
1508 2577 1589 2642 satis
1614 2576 1752 2660 liquebit
1802 2599 1877 2643 uam
1907 2592 1982 2660 apte
2003 2578 2044 2642 ad
2067 2598 2102 2642 se
2124 2586 2228 2642 trans·

240 2665 365 2731 secreta
386 2664 521 2730 consilia
542 2664 577 2727 in
600 2663 776 2746 perniciem
798 2662 939 2728 hominis
967 2663 1122 2738 insontis,
1152 2661 1209 2726 sed
1261 2663 1344 2728 terat
1365 2661 1476 2728 David
1498 2662 1585 2745 quod
1606 2663 1697 2745 prius
1719 2662 1760 2728 de
1780 2598 1883 2730 Saule
1905 2663 2042 2728 dmerat.
2083 2664 2228 2728 Dubium

242 2750 368 2833 publice
390 2759 517 2813 etcum
541 2748 698 2814 iactantia
715 2748 845 2813 effutire
862 2746 940 2829 quid
958 2748 1076 2813 animis
1096 2767 1210 2813 conoe·
1261 2748 1363 2832 igitur
1390 2768 1454 2814 non
1484 2757 1534 2812 eat
1558 2750 1637 2832 quin
1660 2748 1833 2814 relativum
1856 2748 1895 2814 de
1918 2747 2019 2815 Saule
2040 2747 2159 2814 debeat
2179 2750 2227 2813 in·

243 2836 359 2918 perint
402 2833 479 2898 Ideo
507 2833 591 2983 quod
622 2833 784 2916 sequitur,
811 2833 935 2918 gladios
955 2852 1020 2899 esse
1047 2834 1083 2898 iss
1111 2833 1212 2899 labris
1262 2833 1375 2917 telligi.
1429 2831 1571 2914 Quidam
1604 2833 1702 2898 etiam
1736 2854 1881 2899 seorsum
1915 2834 2111 2918 particulam
2145 2834 2228 2900 hanc

242 2939 365 3001 mmm,
395 2927 511 2985 tantun
536 2940 587 2983 em
617 2919 706 2984 valet
734 2938 771 2985 ae
799 2920 924 3002 spirare
952 2938 1059 2985 meras
1085 2917 1210 3001 caedes,
1262 2928 1447 3003 exponunt,
1487 2916 1596 2984 Saulis
1634 2939 1705 2985 esse
1742 2919 1982 2985 fortitudinem:
2022 2921 2100 3002 quia
2134 2919 2228 3002 longe

243 3007 295 3071 vel
318 3003 452 3071 totidem
476 3004 516 3070 ad
538 3003 752 3088 iugulandum
773 3005 927 3071 miserum
951 3004 1117 3070 hominem
1135 3025 1210 3070 evo·
1261 3004 1410 3088 superior
1430 3005 1474 3069 sit
1495 3003 1632 3078 viribus,
1654 3017 1691 3069 ut
1713 3004 1777 3069 iam
1801 3027 1899 3088 penes
1922 3026 1995 3071 eum
2019 3007 2062 3070 sit
2083 3006 2227 3070 metens

244 3112 332 3158 mere
355 3090 489 3175 gladios,
511 3103 591 3174 quot
612 3109 709 3154 voces
732 3091 911 3173 proferunt.
944 3089 1091 3156 Tandem
1109 3089 1209 3155 subii·
1263 3090 1330 3156 Alii
1353 3091 1398 3156 sic
1419 3091 1632 3173 coniungunt,
1655 3088 1815 3171 Quamvis
1838 3090 1933 3156 hodie
1959 3091 2004 3156 sis
2025 3090 2116 3156 illius
2138 3091 2228 3156 forti·

243 3179 287 3243 cit
308 3197 345 3242 eo
374 3177 527 3243 licentiae
555 3178 642 3259 ipsos
671 3195 782 3254 ruere,
810 3178 887 3258 quia
915 3176 1042 3241 nullum
1071 3173 1211 3242 dedecus
1261 3174 1351 3251 tudo,
1375 3175 1513 3252 oDens,
1535 3175 1612 3258 quia
1633 3196 1707 3241 eum
1725 3179 1867 3242 sustines
1885 3178 1918 3242 in
1938 3197 2037 3258 reguo
2056 3195 2093 3241 ao
2112 3179 2228 3241 tueris:

242 3262 320 3328 inde
341 3271 500 3328 metuant.
540 3260 701 3343 Quamvis
722 3271 829 3327 autem
852 3259 1018 3346 probabile
1035 3263 1087 3339 sit,
1110 3262 1212 3326 Davi·
1262 3283 1322 3346 ego
1350 3273 1459 3327 tamen
1488 3281 1555 3325 non
1585 3261 1730 3327 desinam
1760 3283 1892 3345 sperare
1920 3261 1996 3327 dum
2028 3282 2082 3327 me
2102 3281 2228 3344 quoque

244 3348 318 3413 dem
341 3347 394 3412 hic
416 3367 476 3413 suo
498 3368 587 3413 more
610 3346 830 3430 perstringere
859 3367 1012 3412 vesanam
1035 3347 1209 3430 impiorum
1262 3349 1295 3414 iii
1314 3350 1439 3432 regium
1462 3347 1578 3411 solium
1600 3348 1746 3427 extollas,
1768 3348 1864 3413 sicuti
1887 3348 2049 3432 pollicitus
2071 3368 2116 3413 es.
2149 3345 2228 3412 Pro·

245 3432 440 3509 socordiam,
473 3433 527 3514 qui
559 3444 667 3497 metus
696 3432 881 3498 excutiendi
909 3454 1008 3498 causa
1038 3432 1145 3497 Deum
1175 3433 1210 3496 in
1262 3435 1335 3517 pius
1364 3432 1405 3497 ad
1435 3432 1612 3516 prophetae
1641 3444 1785 3498 mentem
1814 3434 1973 3500 accedunt
1994 3435 2048 3516 qui
2071 3454 2137 3498 uno
2156 3454 2229 3498 con·

244 3518 333 3585 coelo
354 3517 495 3583 dormire
522 3519 669 3601 fingunt:
700 3538 773 3583 meo
795 3529 904 3583 nmen
928 3518 1047 3585 iudicio
1073 3538 1210 3601 conque·
1263 3531 1358 3584 textu
1386 3519 1530 3602 legentes
1552 3518 1792 3584 Fortitudinem
1816 3521 1887 3584 eius
1915 3519 1955 3585 ad
1984 3529 2016 3584 te
2038 3517 2228 3595 custodiam,

243 3605 343 3682 riter,
372 3624 410 3668 eo
432 3605 577 3669 securius
599 3604 723 3687 agitare
746 3623 845 3686 prava
874 3604 1027 3682 consilia,
1057 3616 1090 3668 et
1117 3605 1209 3688 quasi
1262 3603 1350 3670 hune
1372 3605 1506 3670 eliciunt
1522 3624 1668 3668 sensum:
1692 3604 1853 3685 Quamvis
1875 3604 1976 3670 hostis
1995 3624 2087 3669 meus
2105 3605 2230 3670 roboris

243 3689 349 3755 medio
370 3688 440 3753 foro
464 3688 638 3771 publicare,
660 3691 736 3771 quia
757 3689 793 3754 in
813 3691 1048 3773 possessionem
1072 3690 1210 3755 nocendi
1262 3691 1313 3754 siii
1336 3689 1455 3755 fiducia
1475 3691 1732 3772 intemperanter
1753 3712 1788 3755 se
1810 3692 1916 3764 iactet,
1938 3710 1997 3774 ego
2016 3703 2126 3755 tamen
2145 3692 2228 3772 quie·

243 3776 368 3860 pridem
400 3775 560 3839 venerint
613 3773 668 3840 Sic
700 3774 788 3840 enim
821 3775 1064 3841 fascinaverant
1104 3786 1209 3840 totum
1262 3784 1315 3840 tus
1343 3774 1495 3840 manebo:
1529 3775 1608 3856 quia
1637 3777 1711 3852 scio,
1744 3774 1898 3859 quidquid
1925 3785 2072 3854 conetur,
2103 3775 2229 3842 occulta

243 3861 380 3944 vulgus,
402 3870 436 3925 et
458 3860 620 3926 Davidem
643 3860 712 3926 suis
735 3861 906 3927 calumniis
937 3860 1209 3936 deformaverant,
1262 3871 1318 3925 tiia
1339 3859 1544 3945 providentia
1566 3861 1719 3926 fraenari.
1758 3862 1803 3926 Et
1820 3871 1908 3926 certe
1930 3863 1976 3927 sie
1994 3860 2131 3944 eogendi
2152 3874 2230 3927 sunt

243 3958 280 4011 iit
313 3966 408 4011 nemo
437 3966 496 4029 pro
530 3946 741 4012 excusatione
774 3947 885 4011 miseri
918 3946 1058 4011 hominis
1090 3947 1210 4010 mutire
1262 3949 1296 4011 in
1312 3946 1456 4012 ordinem
1472 3948 1577 4012 cuncti
1594 3947 1756 4028 mortales,
1771 3957 1809 4012 ut
1823 3960 1957 4012 conatus
1972 3966 2084 4012 eorum
2099 3947 2230 4012 etvires

245 4031 387 4097 auderet·
420 4032 493 4096 Imo
513 4053 577 4115 quo
599 4032 735 4116 quisque
754 4034 895 4098 atrocius
912 4032 947 4096 in
966 4032 1052 4116 regis
1070 4033 1210 4115 gratiam
1261 4032 1469 4098 subiiciamus
1492 4032 1554 4096 Dei
1576 4032 1720 4098 arbitrio.
1759 4032 1845 4098 Mihi
1868 4042 1977 4099 tamen
2000 4031 2119 4098 melius
2142 4031 2229 4097 vide-

244 4116 499 4201 persequebatur
520 4119 677 4183 miserum
707 4117 892 4202 hominem,
921 4138 959 4183 eo
987 4117 1111 4184 maiore
1140 4129 1210 4183 erat
1262 4128 1317 4182 tur
1337 4137 1515 4201 congruisse
1538 4117 1603 4180 alia
1624 4118 1738 4197 versio,
1761 4117 1932 4183 Fortitudo
1955 4138 2027 4182 mea
2045 4117 2085 4182 ad
2105 4126 2153 4184 te:
2177 4137 2230 4183 ou·

245 4207 277 4268 in
301 4201 414 4287 pretio,
437 4204 527 4284 quasi
550 4202 624 4267 boni
647 4203 767 4286 publici
789 4203 940 4269 cordatus
961 4203 1120 4270 defensor.
1149 4227 1150 4230 ¹
1262 4203 1409 4268 stodiam.
1455 4202 1559 4268 Sicuti
1588 4203 1686 4267 etiam
1716 4204 1751 4267 iii
1778 4205 1843 4269 fine
1865 4203 1999 4269 Psalmi.
2028 4224 2095 4269 non
2118 4202 2231 4270 dubito

329 4306 360 4371 9,
384 4303 450 4389 (Tu
478 4311 579 4371 autem
602 4304 740 4387 Idm)
785 4304 910 4371 contra
937 4303 1017 4370 hm
1044 4306 1211 4372 obgmulq
1262 4290 1339 4372 quin
1370 4287 1559 4353 nominandi
1581 4309 1658 4354 casu
1682 4288 1873 4355 vertendum
1894 4289 1947 4365 sit,
1977 4287 2143 4355 Fortitudo
2163 4309 2231 4354 mco

245 4390 354 4457 David
376 4411 411 4456 se
432 4389 645 4457 nihilominus
667 4392 763 4475 erigit
791 4390 832 4456 ad
856 4390 1022 4456 meliorem
1049 4390 1208 4458 fiduciam.
1262 4375 1364 4474 111111
1384 4393 1503 4474 canan.
1537 4372 1631 4475 1111011
1655 4373 1695 4474 111
1716 4396 1876 4440 8111111111111
1898 4375 1947 4438 111
1968 4395 2034 4476 11911
2054 4373 2229 4475 1111101111ξῦ

244 4475 404 4562 Apposite
426 4484 535 4541 autem
547 4477 673 4542 ridendi
694 4475 907 4542 similitudine
928 4476 1041 4552 utitur,
1064 4497 1128 4560 quo
1146 4475 1209 4541 Dei
1262 4468 1415 4558 1111111111
1443 4478 1519 4557 11111
1543 4458 1649 4557 [11111
1678 4482 1711 4524 111
1742 4461 1912 4560 1111111111,
1936 4458 2012 4525 11111
2031 4460 2230 4560 1011011111»

244 4563 421 4646 potentiam
444 4562 542 4628 altius
564 4562 713 4626 extollat:
744 4563 835 4644 quasi
856 4561 991 4644 diceret,
1014 4561 1077 4627 Ubi
1101 4563 1211 4627 omnio
1262 4543 2229 4646 1111111111111111111111111111111111111111111(1111111113

243 4649 421 4716 machinati
443 4658 521 4714 sunt
543 4647 645 4729 impii,
668 4645 776 4710 Deum
800 4646 889 4711 nullo
910 4649 1041 4730 negotio
1064 4656 1096 4711 et
1117 4648 1210 4729 quasi
1262 4639 1410 4695 11111111
1440 4629 2007 4732 11111111111111111111111111111·
2048 4631 2182 4730 ,1111111
2203 4654 2229 4697 11

243 4737 429 4819 pericuum
453 4731 610 4815 dissipare
633 4752 744 4797 omnes
772 4753 882 4797 corum
906 4746 1051 4798 conatus.
1096 4730 1210 4813 Qum.
1263 4714 1326 4780 duo
1356 4717 1435 4780 haec
1457 4724 1631 4798 separatim
1655 4737 1802 4801 accipias,
1832 4716 2006 4782 Fortitudo
2028 4737 2101 4782 eius
2123 4716 2164 4782 ad
2188 4727 2229 4789 te.

245 4822 345 4903 tisper
367 4820 454 4885 enim
476 4820 630 4886 connivet
651 4818 753 4893 Deus,
777 4818 886 4902 gliscit
904 4838 1014 4883 eorum
1034 4819 1209 4902 protervia,
1262 4800 1457 4899 11111111111
1488 4802 1947 4902 1111111111111111111111111·
1997 4803 2230 4868 Ρ11111111111

1262 4887 1331 4952 loco
1355 4886 1471 4968 David,
1495 4899 1669 4968 potentiam
1692 4888 1763 4953 Deo
1787 4890 1964 4954 vendicans
1986 4908 2049 4971 qua
2069 4889 2231 4973 gubernet

1262 4982 1365 5036 totum
1389 4972 1559 5053 mundum,
1590 4973 1715 5037 hostem
1749 4994 1845 5038 suum
1868 4992 1985 5039 meane
2013 4974 2127 5040 fraeno
2154 4995 2229 5040 eon·

1263 5057 1389 5141 stringi,
1409 5066 1576 5140 totumque
1594 5060 1664 5123 sius
1681 5059 1782 5122 robur
1800 5058 1929 5125 aliunde
1944 5060 2086 5143 pendere
2097 5061 2233 5146 colligit,

1261 5152 1300 5207 ut
1327 5163 1367 5206 no
1394 5141 1531 5227 digitum
1554 5143 1682 5226 quidem
1707 5164 1839 5210 movere
1861 5157 1958 5229 queat
1979 5146 2042 5211 nisi
2064 5157 2233 5212 annuente

1262 5226 1344 5292 Deo.
1383 5227 1500 5293 Postea
1522 5231 1651 5294 subiicit
1674 5250 1708 5294 se
1732 5242 1845 5314 pacato
1867 5241 1901 5296 et
1923 5231 2100 5315 tranquillo
2123 5235 2234 5298 animo

330 5044 344 5072 1
375 5043 413 5095 lls
431 5048 633 5108 retournerout,
651 5055 803 5109 mmorye:
822 5057 857 5094 ou
869 5041 902 5093 ils
920 5041 993 5093 iront
1010 5046 1039 5093 et
1057 5039 1208 5093 viendront.

313 5111 344 5141 *1
376 5111 414 5165 Ils
431 5113 633 5180 gaaonilleront,
652 5126 687 5164 eii
703 5123 810 5179 merge:
828 5126 863 5162 ou
880 5108 1106 5163 bouillonnsront

296 5178 345 5210 ”⁸
377 5182 404 5233 le
421 5180 555 5250 garderay
579 5198 609 5233 sa
630 5181 701 5234 force
726 5181 742 5232 a
766 5192 820 5246 toy,
844 5194 877 5230 en
894 5191 1002 5247 merge:
1026 5194 1061 5230 ou
1084 5194 1114 5230 sa
1136 5177 1209 5230 force

244 5258 286 5301 est
303 5249 319 5300 a
337 5264 392 5319 toy,
411 5249 436 5301 ie
454 5265 497 5301 me
515 5249 632 5301 tiendrai
650 5265 708 5318 coy,
727 5266 776 5301 on:
794 5265 838 5302 ma
854 5246 927 5315 force
945 5256 987 5301 est
1004 5244 1022 5300 b
1039 5251 1095 5315 toy,
1114 5251 1165 5298 eto.
