4658 5856
99 341 164 407 573

100 551 178 594 suae
196 528 324 594 laudem
335 529 408 594 Deo
425 531 606 614 resignans,
622 532 705 597 nihil
720 533 781 599 sibi
800 533 878 598 lacit
896 533 1067 616 reliquum.

100 615 199 683 Prius
216 614 345 681 dixerat
366 616 590 681 tortitudinem
608 617 714 683 hostis
730 621 780 683 sui
799 640 869 685 esse
888 618 929 683 ad
942 619 1066 684 Deum:

99 699 186 766 idem
210 722 298 766 nunc
319 699 360 765 da
381 723 442 767 sua
463 701 634 784 praedicat
680 702 746 770 Sed
769 704 936 788 eleganter
965 703 1067 769 ambi-

99 807 199 870 guam
221 786 444 868 loquutionem
464 785 592 853 diverso
613 810 712 855 seusu
734 791 835 872 ponit.
872 789 958 855 Nam
975 789 1068 855 Deus

99 871 324 937 lordtudinem
356 872 531 955 impiorum
571 875 734 954 continet,
773 890 811 940 ut
842 875 991 942 cohibeat
1030 896 1068 942 aa

99 957 237 1036 fraenet,
259 958 325 1022 ima
339 958 489 1023 ostendat
507 958 638 1026 fallaces
656 969 688 1024 et
703 961 811 1026 nullas
828 981 899 1026 cese
921 982 1002 1043 quas
1020 960 1068 1025 illi

98 1043 187 1108 vires
217 1043 279 1109 eibi
309 1052 471 1128 arrogent.
520 1043 652 1110 Interea
681 1066 757 1111 suas
787 1046 940 1125 fulciens,
968 1046 1067 1112 robur

97 1128 163 1194 illis
186 1128 380 1212 suppeditet,
403 1150 445 1193 ne
463 1151 606 1213 unquam
625 1130 787 1197 deficiant.
817 1132 969 1198 Antehac
988 1152 1067 1216 erga

98 1214 257 1294 gloriatus
286 1224 337 1280 eet
365 1237 399 1281 ee
429 1216 498 1280 lore
525 1236 689 1294 securum,
719 1217 807 1299 quad
836 1217 918 1284 Saul
946 1238 1068 1283 arcana

97 1300 163 1365 Dei
181 1299 386 1382 providentia
404 1302 609 1379 constrictus,
627 1321 670 1367 ne
683 1301 725 1369 ad
739 1303 917 1368 levandum
936 1302 1067 1386 quidem

98 1386 237 1469 digitum
265 1386 403 1452 idoneus
424 1387 516 1453 foret.
559 1387 657 1455 Nunc
686 1390 899 1471 quantumvis
920 1390 991 1473 ipse
1012 1388 1066 1454 de·

97 1472 172 1537 bilis
194 1473 247 1550 sit,
278 1472 444 1555 praedicet
473 1474 553 1539 satis
575 1473 638 1539 eibi
660 1472 791 1541 virtutis
820 1495 891 1540 esse
917 1476 952 1540 in
976 1472 1067 1539 Deo:

96 1557 231 1640 ideaque
249 1558 418 1641 subiungit
434 1559 496 1627 eibi
514 1559 635 1624 iustam
652 1578 723 1624 esee
741 1560 902 1642 psallendi
920 1581 1065 1627 aeneam:

97 1644 193 1709 sicuti
214 1643 349 1725 spiritus
370 1664 430 1726 per
451 1665 487 1709 as
509 1644 616 1711 Iacchi
639 1645 671 1723 5,
693 1644 734 1710 13
762 1645 867 1712 laetos
890 1656 923 1711 et
944 1646 1066 1711 hilares

97 1729 138 1794 ad
159 1729 365 1812 psallendum
388 1731 517 1795 inritat.
562 1730 658 1811 Quod
681 1729 738 1795 alii
765 1732 795 1796 le
842 1743 889 1812 nt,
919 1732 1066 1796 Fortitu-

98 1814 207 1880 dinem
236 1836 341 1880 meam
367 1814 408 1879 ad
432 1825 465 1880 te
485 1836 617 1882 canam:
648 1815 873 1882 durlacenum
903 1838 974 1883 esee
1003 1818 1065 1882 lec·

96 1911 185 1965 tores
205 1899 325 1965 vident.
361 1900 479 1984 Itaque
502 1921 568 1966 nan
588 1902 700 1967 dubito
723 1901 878 1968 distincta
897 1924 969 1968 esee
987 1903 1067 1968 haec

97 1985 160 2051 dua
182 1985 338 2065 membra,
361 1988 456 2052 sicuti
478 1997 554 2052 ante
577 1988 683 2070 attigi.

426 2360 634 2431 Pennus
656 2361 731 2430 hX.

93 2532 176 2586 ABG.
196 2532 283 2585 David
301 2532 354 2584 iam
374 2533 476 2587 locatae
493 2533 522 2586 ia
538 2533 615 2598 solio,
640 2541 669 2587 et
686 2533 836 2603 insignibus
856 2536 961 2603 eliquat
977 2537 1062 2588 victo-

198 2602 246 2654 riis
267 2602 376 2670 potitus,
401 2619 471 2670 qaae
493 2602 529 2654 ad
546 2603 735 2657 stabiliendum
759 2619 871 2671 regnum
895 2603 953 2657 eius
972 2605 1063 2658 velere

197 2676 333 2739 pateram,
356 2670 407 2723 Dei
430 2671 546 2740 gretiam
570 2672 710 2740 praedicet
733 2676 762 2724 et
779 2673 902 2726 extollit:
929 2688 1017 2754 neque
1034 2674 1063 2726 id

196 2739 337 2792 testandae
363 2739 443 2794 moda
469 2740 644 2810 gratitudinis
671 2756 764 2803 mura,
794 2741 841 2795 ted
867 2747 899 2794 ιιι
924 2741 1062 2794 residuum

197 2808 1062 2946 ttttttotttt”tttttt⁰pttt⁸⁸t⁸h⁸¹btt

198 2917 280 3013 qaam,
290 2954 380 2999 autem
391 2945 462 3002 dixit
472 2894 576 3014 lhlgdle
593 2954 689 3026 aperte
705 2894 907 3000 beaddictionlls)
913 2947 964 3001 Ilei
976 2949 1062 3018 signe,

198 3029 267 3083 quae
294 3020 428 3068 metentur
453 3015 542 3084 ipsum
568 3014 699 3069 divinitae
728 3015 844 3068 eleatem
873 3032 933 3070 esee
962 3033 1062 3087 regem,

196 3082 341 3151 praecipue
360 3082 395 3136 ed
412 3083 547 3136 amanium
566 3088 677 3136 revocet
693 3081 796 3151 fideles,
813 3090 845 3136 ιιι
861 3084 1016 3153 intelligant
1033 3101 1063 3138 ee

197 3151 346 3204 coalescere
364 3151 414 3205 Dei
432 3151 568 3220 auspiciis,
585 3153 607 3203 si
623 3150 776 3205 armonem
794 3169 811 3204 a
823 3153 947 3206 Samuele
965 3155 1062 3206 tactem

197 3234 329 3274 eumenen
347 3235 396 3273 eac
413 3220 571 3288 approbent.
605 3218 691 3272 Simul
709 3219 792 3272 etiam
809 3236 904 3289 preces
922 3222 1063 3285 admiscet,

108 3323 110 3327 «
196 3294 227 3341 ut
244 3287 367 3357 perficiat
383 3287 456 3340 Deus
474 3286 546 3355 quod
565 3288 664 3357 coepit.

183 3444 209 3507 l.
234 3439 402 3523 Praefecto,
424 3459 521 3523 super
543 3439 774 3523 SaeuueduM,
796 3441 936 3508 Doridis
957 3443 1062 3511 Mielt·

93 3525 179 3592 tltam
200 3526 244 3591 ad
263 3527 442 3593 doeeuduru.
475 3526 506 3590 2.
529 3526 631 3607 Quum
647 3527 859 3608 praeliaretur
879 3535 983 3596 watra
1006 3529 1063 3614 Sp·

93 3613 161 3677 rias
183 3611 438 3692 Mesopotamiae,
459 3617 495 3679 et.
507 3617 614 3679 watra
627 3610 736 3694 Syriae
749 3612 840 3689 Saba,
862 3635 1064 3696 reversusque

94 3697 171 3763 laad
205 3699 361 3765 cecidisset
386 3699 567 3774 ‚Idumaeos
604 3700 639 3763 iu
671 3698 751 3765 aelle
789 3698 879 3764 Salis
910 3701 952 3766 ad
983 3703 1063 3766 duo·

94 3785 191 3850 &am
212 3784 313 3849 moa.

179 3954 207 4018 1.
229 3952 405 4040 (Praefecto
425 3955 492 4039 ete.)
525 3953 578 4018 De
596 3954 704 4036 priora
723 3954 947 4037 inscriptionis
968 3967 1063 4038 parta

93 4041 168 4124 quia
186 4040 264 4107 alibi
283 4038 405 4105 dictum
423 4054 481 4118 est,
505 4039 615 4104 minus
637 4059 726 4105 nunc
743 4039 868 4105 laboro:
893 4042 957 4106 nisi
974 4042 1061 4124 quad

92 4128 213 4192 iterum
243 4138 355 4209 repeto
378 4123 484 4191 Susau
505 4124 604 4201 edutlt
636 4123 722 4207 quod
748 4124 852 4190 lilium
882 4128 1062 4193 testimonii

93 4212 146 4277 vel
163 4211 401 4296 ,pulcritudinis
424 4220 567 4290 vertunt,
590 4210 671 4275 mihi
695 4209 798 4276 videri
820 4213 950 4277 initium
971 4224 1061 4279 veta-

93 4297 140 4363 ris
161 4298 351 4363 cantilenae.
397 4295 492 4376 Quod
515 4306 627 4379 postea
648 4295 790 4376 additur,
820 4297 863 4363 ad
883 4299 1060 4376 Mundum

94 4383 193 4467 vulgo
216 4383 280 4447 buc
301 4383 456 4459 referunt,
478 4381 561 4464 quad
584 4380 680 4448 datus
702 4382 802 4449 fuerit
822 4383 974 4449 Psalmus
996 4385 1061 4450 Le·

93 4469 174 4534 vitis
203 4489 298 4550 quem
329 4468 519 4534 ediscerent.
573 4465 638 4532 Sed
668 4467 723 4533 alii
751 4468 812 4534 hac
842 4483 1061 4535 commentum

93 4554 211 4621 merito
231 4553 417 4637 repudiant:
435 4553 513 4636 quia
527 4553 698 4634 peculiaris
714 4566 792 4620 nota
807 4556 1062 4637 conquadraret

93 4641 129 4706 in
150 4662 186 4704 re
208 4639 349 4706 Psalmis
371 4640 523 4707 omnibus
544 4640 718 4705 communi.
758 4641 867 4724 Magis
890 4662 967 4723 ergo
988 4662 1061 4723 pro·

94 4726 199 4792 babile
218 4738 268 4791 est
285 4729 392 4793 notari
411 4726 576 4791 doctrinae
596 4745 710 4807 genus,
731 4726 816 4808 quod
834 4727 915 4792 huic.
929 4726 1061 4791 Psalmo

93 4811 277 4877 conveniat.
322 4813 492 4883 coniicere
521 4822 630 4877 autem
652 4809 737 4887 licat,
759 4832 858 4893 quum
882 4809 992 4877 David
1014 4821 1061 4876 tot

93 4897 270 4980 praeclaris
291 4897 436 4963 victoriis
458 4909 602 4973 ornatus,
631 4895 777 4961 nondam
806 4908 914 4963 tamen
944 4910 1061 4979 pacato

94 5005 195 5068 regno
225 4984 400 5064 frueretur,
429 4983 489 5051 hac
512 5004 589 5049 vaae
612 4991 742 5048 natasse
771 4983 871 5047 finem
901 4983 961 5048 eibi
984 5003 1060 5066 pro·

93 5071 245 5152 positum,
274 5080 312 5133 ut
340 5067 535 5136 factionibus
565 5066 703 5145 abolitis,
733 5069 789 5150 qui
817 5076 895 5134 ante
923 5069 1061 5135 rebelles

93 5157 235 5231 fuerant,
258 5163 305 5220 tot
327 5154 530 5222 documentis
551 5153 637 5230 victi,
660 5162 738 5218 tuna
760 5155 877 5220 saltem
907 5177 1061 5240 agnosce·

934 342 1151 412 PSALMUS
1175 344 1251 410 LX.

1086 5194 1089 5240 q
1114 5174 1177 5237 quo

2023 345 2096 410 574.

1120 533 1322 616 experientia
1339 533 1453 599 doceat
1470 552 1609 616 regnum
1628 553 1736 598 meum
1754 530 1826 597 Deo
1844 531 1979 614 placere,
2003 533 2087 616 quad
2194 610 2205 624 ,Ι
2250 623 2254 630 ¹

1120 620 1234 686 multis
1257 618 1535 685 benedictionibus
1559 616 1707 683 nobilitat
1728 618 1764 682 in
1787 617 1888 683 oculis
1906 619 2086 685 hominum.

1124 707 1226 770 Venia
1246 727 1333 772 nunc
1351 704 1391 769 ad
1409 703 1687 769 circumstantiam
1706 702 1861 768 historiae
1875 718 1908 769 et
1921 706 2087 787 temporie.

1119 792 1193 858 Hoc
1215 792 1378 857 caudeam
1402 789 1523 855 dicitur
1544 809 1615 854 esee
1637 790 1729 872 quasi
1752 789 1913 871 epinicion
1932 791 2087 856 victoriae

1120 899 1218 960 quam
1240 877 1376 959 adeptus
1396 886 1447 940 est
1470 874 1509 941 de
1528 872 1643 957 Syriis,
1666 887 1699 938 et
1720 875 1793 941 aliie
1815 875 1988 941 foederatis
2009 897 2089 960 gen·

1120 963 1217 1028 tibus.
1261 961 1421 1036 Hebraei,
1452 960 1529 1042 quia
1558 960 1826 1043 Mesopotamiam
1857 961 2003 1043 aliasque
2034 983 2085 1028 ra·

1120 1049 1232 1132 giones
1254 1059 1390 1113 censent
1407 1046 1442 1110 in
1461 1045 1569 1129 Syria,
1587 1066 1683 1128 quam
1705 1047 1767 1128 ipsi
1778 1047 1880 1110 Aram
1902 1049 2085 1126 nominant,

1121 1145 1230 1216 postea
1251 1135 1285 1199 in
1307 1133 1431 1214 species
1460 1130 1662 1214 distinguere
1690 1143 1870 1216 coguntur:
1900 1133 1995 1199 sicuti
2024 1133 2086 1199 hoc

1120 1219 1189 1284 loca
1211 1220 1343 1302 panitur
1366 1216 1464 1303 Syria
1491 1230 1607 1301 0th
1633 1236 1692 1299 pro
1715 1217 1958 1301 Mesopotamia,
1987 1239 2086 1300 quem

1120 1327 1162 1370 ex
1184 1305 1313 1370 Latinis
1341 1303 1473 1387 quidam
1496 1303 1642 1370 Graecos
1669 1301 1833 1382 aemulati,
1863 1302 2087 1369 Interamnam

1121 1401 1329 1457 vocaverunt.
1358 1388 1487 1458 Deinde
1504 1389 1640 1474 ponitur
1657 1386 1757 1474 Syria
1774 1400 1878 1472 mut,
1902 1409 1998 1471 quam
2019 1410 2093 1454 non¹

1120 1477 1240 1559 absque
1270 1476 1396 1541 ratione
1423 1474 1555 1557 quidam
1583 1472 1771 1558 Sophanem
1799 1495 1870 1539 esse
1896 1475 2085 1551 coniiciunt,

1120 1562 1197 1643 quia
1225 1560 1266 1626 ad
1296 1561 1400 1643 ripam
1428 1560 1611 1642 Euphratis
1640 1559 1775 1624 adiacet.
1818 1558 1949 1625 Dicitur
1976 1571 2085 1626 autem

1119 1648 1150 1712 2.
1169 1645 1334 1713 Samuelis
1351 1645 1455 1729 capite
1470 1646 1500 1722 8,
1520 1667 1618 1710 versu
1637 1645 1666 1709 3.
1700 1645 1817 1710 Rahab
1835 1666 1895 1709 rex
1913 1644 2000 1711 Saba
2017 1668 2087 1729 per-

1119 1753 1233 1798 cussus
1255 1731 1433 1810 eDavide,
1454 1752 1554 1813 quum
1578 1731 1740 1813 prolectas
1761 1740 1848 1796 esset
1870 1731 1910 1796 ad
1929 1751 2089 1814 occupas·

1120 1819 1198 1883 dum
1224 1817 1396 1899 imperium
1425 1817 1581 1881 fluminis.
1625 1816 1737 1882 Tertia
1767 1818 1865 1881 etiam
1895 1815 1994 1901 Syria
2017 1818 2086 1883 De·

1119 1904 1219 1969 masei
1252 1902 1318 1966 illia
1351 1902 1502 1984 ponitur,
1542 1923 1624 1984 qaae
1657 1900 1797 1968 Iudaeae
1837 1905 1986 1984 proprior.
2025 1914 2084 1979 est,

1119 1989 1263 2071 adeoque
1301 1987 1465 2070 contigue.
1524 1988 1608 2053 Aliis
1647 1990 1744 2053 etiam
1784 1991 1966 2071 scripturae
2005 1989 2084 2054 locis

1120 2073 1144 2141 S
1170 2074 1219 2139 rie
1242 2073 1343 2138 latius
1366 2071 1564 2152 extenditur,
1590 2081 1624 2137 et
1646 2094 1704 2155 pro
1726 2074 1869 2139 locorum
1897 2072 2086 2139 diversitate

1118 2097 1284 2225 adduntur
1305 2157 1368 2222 alia
1394 2156 1533 2239 epihete.
1578 2157 1691 2238 Quum
1720 2169 1830 2223 eutem
1860 2170 1938 2225 tuna
1961 2158 2083 2224 Davidi

1118 2244 1238 2310 bellum
1268 2266 1288 2310 a
1316 2243 1423 2308 vicine
1456 2261 1584 2325 quoque
1611 2242 1710 2326 Syria
1743 2245 1871 2308 illatum
1901 2245 2015 2321 suerit,
2048 2253 2083 2310 et

1117 2331 1297 2397 exereitum
1322 2329 1379 2411 qui
1401 2328 1491 2393 illinc
1512 2327 1553 2392 ad
1576 2328 1733 2393 iuvandas
1754 2329 1962 2394 Ammonitas
1984 2351 2082 2396 vene-

1117 2428 1178 2496 rat,
1200 2415 1418 2482 communiter
1439 2414 1670 2495 profligaverit,
1693 2417 1839 2479 exoritur
1856 2415 1909 2479 hic
1926 2417 2084 2497 quaestio,

1116 2515 1327 2568 certantum
1354 2500 1479 2565 incolas
1500 2499 1753 2581 Mesopotamiae
1775 2511 1808 2564 et
1828 2501 1972 2584 regionis
1995 2499 2083 2567 Saba

1116 2590 1273 2653 nominet.
1317 2586 1402 2651 Mihi
1425 2584 1602 2649 verisimile
1624 2596 1684 2655 est,
1707 2585 1746 2649 dc
1768 2585 1955 2668 longinquis
1977 2588 2082 2670 genti-

1117 2674 1185 2750 bus,
1204 2675 1281 2756 quia
1297 2670 1371 2756 plus
1384 2670 1570 2736 formidinis
1589 2671 1803 2750 incusserant,
1818 2670 1965 2736 habitum
1984 2672 2082 2738 tuisse

1115 2775 1313 2824 sermonem:
1337 2758 1413 2838 quia
1431 2756 1591 2824 illustrius
1609 2757 1671 2821 hoa
1689 2755 1752 2820 fuit
1774 2758 1935 2838 specimen
1958 2759 2082 2842 gratiae

1116 2844 1191 2923 Dei,
1213 2856 1281 2909 tam
1304 2843 1401 2926 longe
1424 2842 1597 2926 propagari
1615 2841 1755 2907 Davidis
1776 2842 1959 2925 imperium.
1992 2844 2082 2927 Erga

1115 2931 1233 2997 vicinis
1254 2928 1408 3012 gentibus
1426 2927 1621 3010 praeteritis,
1643 2928 1837 3010 longinquos
1859 2941 1891 2993 et
1911 2928 1980 2993 sola
1997 2930 2084 2995 same

1116 3015 1277 3082 terribiles
1290 3013 1424 3098 populos
1434 3012 1545 3078 David
1557 3022 1796 3092 commemorat,
1807 3034 1944 3096 quarum
1957 3022 2084 3096 strages

1116 3111 1247 3185 propter
1264 3101 1442 3164 novitatem
1456 3099 1523 3164 lere
1538 3097 1737 3164 incredibilis
1752 3108 1830 3163 erat.
1856 3096 1954 3179 Quod
1973 3107 2082 3163 autem

1116 3188 1150 3252 in
1180 3207 1272 3252 saara
1306 3184 1441 3249 historia
1472 3184 1591 3268 viginti
1623 3183 1687 3249 dua
1718 3183 1824 3249 millia
1856 3192 2081 3261 numerantur,

1114 3292 1215 3356 quum
1238 3270 1408 3352 inscriptio
1430 3270 1511 3336 haec
1532 3269 1663 3335 nonnisi
1686 3268 1854 3334 duodecim
1880 3268 1984 3334 millia
2006 3289 2082 3335 aan-

1115 3359 1215 3422 tinet:
1244 3357 1362 3420 solatio
1389 3355 1493 3420 facilis
1514 3364 1572 3421 est.
1616 3354 1688 3420 Illic
1717 3356 1804 3419 enim
1827 3353 1947 3420 dicitur
1968 3353 2083 3420 Abieai

1115 3444 1306 3528 profligasse
1335 3441 1454 3525 copias,
1487 3461 1623 3524 quarum
1653 3451 1780 3524 strages
1808 3439 1862 3505 hic
1884 3441 1924 3504 ad
1947 3439 2082 3505 fratrem

1115 3530 1186 3594 eius
1214 3527 1293 3593 Ioab
1328 3529 1477 3593 refertar.
1527 3527 1652 3592 Verum
1682 3526 1781 3591 simul
1812 3524 1993 3591 notandum
2022 3539 2081 3605 est,

1114 3616 1202 3679 inter
1231 3636 1267 3679 se
1294 3616 1429 3695 partitos
1458 3613 1556 3678 fuisse
1586 3614 1775 3678 exercitum.
1827 3611 1937 3690 Quum
1971 3625 2081 3676 eutem

1115 3699 1228 3765 Abisai
1258 3698 1363 3782 gradu
1392 3698 1527 3763 honoris
1556 3710 1590 3763 et
1619 3698 1795 3762 autoritate
1824 3698 1958 3761 interior
1987 3708 2081 3774 esset,

1091 3787 1234 3869 'mirum
1258 3805 1322 3848 non
1346 3793 1405 3861 est,
1435 3785 1587 3864 quamvis
1608 3783 1826 3848 communiter
1848 3782 1942 3848 ambo
1971 3783 2082 3849 hostes

1115 3869 1342 3952 percusserint,
1373 3867 1501 3932 laudem
1533 3869 1632 3933 totius
1663 3867 1819 3932 victoriae
1850 3888 1978 3932 summa
2007 3867 2080 3934 duci

1116 3956 1229 4021 tribui:
1261 3954 1355 4019 sicuti
1376 3954 1474 4017 etiam
1498 3953 1604 4035 primo
1629 3952 1792 4018 Samuelis
1822 3953 1936 4037 capite,
1956 3953 2080 4019 decima

1115 4051 1238 4119 octava,
1259 4058 1357 4105 versa
1380 4039 1528 4123 septima,
1558 4037 1698 4113 Davidi,
1724 4039 1817 4104 cuiue
1846 4039 2001 4121 auspiciis
2030 4062 2082 4106 res

1115 4136 1207 4209 gesta
1235 4137 1294 4202 eet,
1323 4130 1427 4189 totam
1457 4122 1516 4189 hcc
1546 4123 1709 4188 tribuitur.
1754 4123 1887 4190 Interea
1914 4125 2081 4206 probabile

1114 4231 1241 4294 quoque
1259 4220 1318 4284 eet
1336 4209 1459 4291 inipso
1477 4209 1591 4291 praelii
1612 4230 1791 4293 congressu
1815 4211 1955 4277 occisum
1980 4211 2081 4276 luisse

1114 4298 1241 4362 circiter
1263 4295 1432 4360 dimidium
1452 4316 1641 4360 numerum:
1665 4295 1745 4361 aliae
1774 4308 1883 4363 autem
1908 4295 2081 4379 dispersos,

1113 4385 1147 4446 in
1172 4383 1250 4466 fuga
1272 4401 1379 4447 aeaeae
1402 4380 1502 4449 luisse
1525 4401 1544 4445 a
1565 4380 1654 4446 Iaab.

1179 4554 1229 4619 ,3.
1251 4550 1340 4619 Deus
1360 4552 1505 4635 repulisti
1526 4573 1592 4635 aas,
1618 4552 1785 4633 dissipasti
1813 4573 1886 4618 uos:
1913 4554 2017 4618 iratus
2039 4572 2079 4631 et,

1112 4644 1260 4705 revertere
1288 4638 1331 4703 ad
1358 4659 1422 4705 uos.
1457 4639 1497 4706 ¹⁴4.
1525 4639 1667 4704 Tremere
1692 4639 1793 4718 fecisti
1820 4643 1953 4717 terram,
1978 4639 2080 4720 fecisti

1112 4724 1279 4792 delisme:
1308 4743 1389 4789 saue
1417 4725 1610 4791 matri-iones
1638 4725 1715 4802 eius,
1746 4724 1823 4804 quia
1850 4743 1999 4791 aoumssa
2027 4730 2079 4792 est.

1113 4811 1143 4876 5.
1179 4809 1347 4876 Osteodisti
1373 4812 1492 4891 populo
1524 4816 1575 4875 tuo
1607 4811 1738 4891 durum,
1771 4811 1889 4891 potasti
1921 4830 1978 4876 uos
2009 4812 2081 4877 aiae

1112 4897 1259 4977 stuporis.

1198 5067 1227 5131 3.
1259 5065 1361 5151 (Deus
1389 5068 1535 5147 repulisti
1564 5064 1643 5148 uos.)
1687 5063 1808 5146 Incipit
1840 5087 1858 5128 a
1886 5067 2080 5146 precatione,

1201 5175 1235 5217 ee
1258 5164 1290 5217 et
1313 5153 1393 5217 elios
1415 5152 1531 5217 melius
1560 5153 1681 5214 excitet
1709 5149 1750 5214 ad
1780 5149 1994 5241 reputandam
2017 5151 2079 5216 Dei

93 5252 168 5308 rent
190 5261 300 5324 regem
320 5241 655 5315 divinitusarcatum:
679 5240 761 5306 acsi
780 5240 910 5319 diceret,
934 5240 1060 5309 Saltem
1084 5252 1089 5295 '-
1114 5240 1265 5324 gratiam.
1316 5238 1543 5321 Interponitur
1576 5237 1662 5302 enim
1697 5244 1912 5317 compareas,
1944 5257 1985 5301 ex
2018 5257 2080 5319 qna
