4658 5856
162 335 227 405 839
996 333 1215 404 Parthus
1240 336 1315 405 XO.
1572 325 1575 330 ’
2085 340 2149 407 840

162 525 213 593 vel
234 524 402 607 calcitrare
419 522 578 591 adversus
598 524 718 602 Deum,
739 524 816 607 plan
856 544 899 589 ue
925 523 1048 613 furere,
1075 523 1128 589 vel
1178 524 1272 611 garli
1295 524 1365 594 Soli
1387 535 1497 594 eutem
1517 527 1640 613 fideles,
1662 528 1778 612 quibus
1795 539 1873 593 nota
1890 536 1941 594 est
1957 528 2045 593 iuter
2062 527 2147 594 hane

160 620 248 678 stare
265 610 437 690 attonitos,
469 611 562 693 quasi
583 608 795 675 occallueriut
888 609 975 675 mula
1002 609 1128 675 omnia:
1177 610 1332 679 caducam
1356 613 1512 679 vitamet
1539 613 1667 681 beatam
1699 615 1937 691 aeternitatem,
1970 612 2011 680 ud
2047 634 2145 697 quam

159 708 289 764 tautum
310 696 402 763 abest
418 704 456 761 ut
473 694 676 780 subigantur.
711 694 988 776 Quamvisetiam
1005 694 1128 777 tumul·
1177 697 1280 764 oreati
1299 708 1387 779 suut,
1422 697 1598 782 distinctu,
1633 700 1743 767 sciunt
1774 719 1838 783 quo
1872 699 1973 766 vitum
2007 698 2147 783 dirigere

160 790 292 849 tuentur
313 802 352 848 ac
372 781 555 860 clamitent,
584 800 653 845 nou
682 788 831 864 penetrat
859 790 972 846 tamen
993 781 1043 846 ira
1063 779 1129 846 Dei
1178 790 1338 867 oporteat.
1381 784 1472 869 Ergo
1505 805 1601 851 nemo
1632 786 1811 869 composita
1838 791 1949 850 mente
1970 784 2075 850 ritum
2095 784 2146 849 in·

159 870 197 936 iu
217 887 329 934 eorum
352 868 478 933 animos
500 871 538 932 ut
557 866 708 932 mitescat
735 887 848 932 eornm
876 866 1005 932 ferocia
1049 865 1128 932 Piae
1178 868 1301 950 stituet,
1330 868 1396 936 nisi
1427 870 1484 953 qui
1511 870 1641 955 cognito
1670 871 1757 937 vitae
1778 870 1855 948 fine,
1888 870 1950 936 hoo
1972 878 2022 936 eet
2044 879 2147 935 morte

159 962 292 1020 tantum
320 961 448 1019 mentes
475 952 525 1017 ira
545 949 610 1016 Dei
637 951 873 1030 vulnerantur,
903 972 963 1018 neo
989 951 1128 1017 fulmina
1178 952 1258 1036 ipse,
1287 954 1329 1019 ad
1360 955 1631 1022 considerandum
1664 955 1798 1022 vivendi
1825 974 1961 1038 scopum
1990 953 2147 1021 deductus

159 1048 349 1123 exspectant
371 1039 486 1121 quibus
507 1035 636 1121 reprobi
663 1046 831 1121 opponunt
858 1036 974 1102 duram
1003 1046 1036 1103 et
1064 1038 1128 1103 ser·
1177 1039 1286 1119 fuerit,
1308 1047 1347 1105 ut
1368 1040 1408 1106 ad
1429 1042 1573 1125 palmam
1594 1062 1756 1125 supernae
1776 1041 1957 1108 vocationis
1980 1051 2105 1124 pergat

159 1146 250 1193 ream
272 1124 447 1190 cervicem:
470 1122 526 1190 sed
544 1123 617 1188 Deo
639 1121 691 1189 vel
713 1122 884 1188 minimum
903 1121 1041 1207 digitum
1059 1143 1128 1188 mo·
1265 1123 1315 1191 13.
1337 1125 1515 1213 (Revericre
1536 1126 1675 1213 Iehooa)
1722 1126 1956 1208 Querimoniae
1987 1128 2147 1208 precatio·

158 1220 266 1290 vente,
287 1210 397 1277 statim
418 1209 679 1276 oouhemisount.
722 1207 819 1274 Hauc
840 1208 992 1273 existimo
1013 1209 1128 1293 geuui-
1179 1231 1252 1277 uem
1271 1211 1442 1293 subnectit,
1459 1211 1608 1293 utDeus,
1624 1214 1677 1296 qui
1700 1211 1826 1295 pridem
1848 1232 1966 1298 graves
1988 1232 2008 1277 a
2030 1214 2148 1297 populo

160 1318 236 1363 nam
274 1316 344 1362 esse
371 1294 557 1378 Prophetae
585 1304 745 1360 mentem:
779 1293 909 1359 dixerat
936 1314 1003 1385 uon
1035 1313 1128 1377 posse
1178 1316 1237 1361 suo
1270 1317 1392 1381 poenus
1424 1298 1556 1383 exigere
1588 1319 1654 1364 nou
1682 1296 1830 1377 desierat,
1849 1298 1982 1363 taudem
2004 1296 2048 1362 ad
2068 1298 2148 1362 loni·

159 1383 239 1449 satis
260 1379 491 1465 comprehendi
513 1379 657 1445 humano
677 1379 812 1464 ingenio
841 1398 939 1461 qnam
962 1378 1129 1446 horribilis
1178 1390 1279 1447 tatem
1299 1384 1460 1449 flectatur.
1503 1383 1577 1448 Iltsi
1607 1386 1695 1449 euim
1727 1382 1869 1468 quotidie
1897 1381 2013 1448 multis
2046 1383 2148 1448 modis

160 1470 279 1535 sitire
308 1465 382 1531 Dei.
426 1465 586 1531 Videmus
615 1473 726 1530 autem
760 1465 911 1547 quamvis
939 1465 1066 1531 coslum
1094 1474 1128 1530 et
1179 1476 1310 1551 gustum
1334 1469 1473 1551 aliquem
1488 1467 1588 1535 dabat
1609 1468 1729 1535 amoris
1744 1469 1805 1547 sui,
1828 1468 1980 1535 exsilium
2002 1478 2149 1535 tamena

160 1564 281 1621 terram
303 1553 467 1619 oououtiat
487 1550 596 1630 Deus,
626 1549 747 1616 multos
768 1562 878 1615 umen
902 1548 1063 1634 Cyclopes
1084 1551 1128 1617 ri·
1179 1564 1268 1618 terra
1289 1554 1459 1637 promissa,
1482 1553 1656 1621 durissima
1677 1562 1748 1620 erat
1768 1553 1912 1631 afflietio,
1942 1573 2007 1638 quo
2040 1553 2148 1619 admo-

159 1640 250 1715 dere,
278 1644 407 1704 ettam
436 1636 533 1702 bruta
561 1656 632 1702 esse
657 1636 794 1716 ferocia,
822 1645 860 1700 ut
880 1632 990 1701 Deum
1018 1635 1129 1701 fulmi-
1179 1636 1349 1717 nubantur,
1372 1659 1407 1704 se
1428 1639 1524 1706 beata
1540 1638 1599 1706 illa
1620 1638 1831 1720 haereditate,
1854 1660 1952 1722 quam
1965 1637 2061 1705 Deus
2077 1640 2148 1706 filiis

159 1736 292 1791 nantem
324 1731 545 1788 contemnant.
590 1720 656 1787 Sed
689 1720 765 1805 qnia
796 1719 978 1787 doctrinam
1009 1730 1128 1788 tractat
1179 1724 1247 1789 suis
1270 1722 1500 1804 destinaverat,
1533 1745 1604 1792 esse
1625 1724 1786 1809 indiguos.
1829 1724 1915 1789 Nam
1938 1734 1971 1790 et
1994 1724 2148 1790 horribile

158 1810 358 1895 peculiarem
380 1808 456 1874 filiis
477 1806 552 1890 Dei,
580 1807 658 1872 dicit
678 1807 712 1872 in
733 1805 800 1872 illis
822 1807 1035 1873 tenerrimum
1058 1829 1127 1873 esse
1179 1808 1261 1874 illud
1272 1809 1509 1890 iusiurandum,
1532 1832 1596 1893 quo
1614 1810 1969 1877 lulmiuarerateoutra
1980 1809 2142 1889 oosDeue,

158 1898 227 1963 irae
249 1895 312 1960 Dei
333 1914 476 1974 sensum,
498 1902 537 1958 ut
558 1892 680 1958 seilicet
700 1893 772 1958 eius
792 1892 928 1975 imperio
950 1913 985 1958 se
1003 1892 1128 1976 placide
1179 1914 1310 1961 necesse
1332 1896 1395 1961 init
1417 1896 1554 1962 subinde
1582 1896 1647 1962 illis
1680 1898 1791 1962 venire
1819 1897 1853 1960 in
1879 1906 2043 1975 mentem,
2080 1897 2140 1960 Non

159 1982 362 2049 submittant.
407 1978 566 2060 Quamvis
588 1978 676 2044 euim
698 1977 805 2061 impiis
826 1979 971 2044 carnifex
993 1979 1036 2044 sit
1053 1999 1128 2062 pro·
1178 1980 1360 2046 introibunt
1383 1982 1416 2046 in
1439 1983 1584 2065 requiem
1606 2003 1723 2061 meam,
1745 1980 1802 2047 sed
1824 1988 2014 2064 putrescent
2037 2001 2144 2047 eornm

159 2067 232 2153 pria
252 2064 466 2143 couscientia,
517 2084 578 2130 uae
599 2082 656 2130 eos
699 2064 842 2129 uiesoero
863 2084 929 2129 non
960 2062 1055 2144 sinit,
1085 2086 1128 2129 ex
1178 2064 1338 2132 cadavera
1355 2068 1390 2132 iu
1413 2067 1550 2145 deserto,
1572 2067 1705 2133 Numer.
1726 2066 1776 2145 14,
1793 2066 1846 2132 23.
1862 2066 1913 2131 32.
1945 2067 2015 2132 Nec
2038 2067 2146 2133 dubito

159 2171 255 2220 caeco
276 2151 333 2216 illo
354 2156 445 2216 metu
474 2085 555 2216 adeo
583 2170 650 2216 non
702 2149 808 2216 ’scunt
833 2149 1128 2231 mansuetudinem,
1179 2152 1259 2234 quin
1280 2172 1430 2236 asperam
1450 2153 1541 2218 illam
1558 2155 1761 2227 servitutem,
1779 2172 1875 2235 quam
1892 2154 2039 2235 perpessi
2059 2164 2147 2217 erant

161 2245 198 2305 ut
217 2236 440 2304 contumacius
460 2234 659 2318 obstrepent,
703 2234 854 2317 Denique
880 2234 958 2302 solis
978 2234 1129 2302 fidelibus
1178 2237 1214 2301 in
1236 2237 1400 2322 Aegypto,
1421 2238 1597 2324 coniungat
1618 2259 1692 2304 oum
1716 2238 1881 2303 erroribus
1903 2237 2040 2302 deserti:
2065 2237 2146 2302 ideo·

161 2321 323 2389 sensibilis
353 2330 403 2387 est
433 2322 484 2386 ira
512 2319 593 2400 Dei,
632 2320 689 2403 qui
718 2319 832 2386 domiti
873 2341 909 2388 se
940 2321 1025 2386 nihil
1057 2341 1129 2388 esse
1179 2342 1243 2404 que
1276 2344 1344 2387 nou
1377 2324 1540 2389 immerito
1573 2322 1766 2389 diuturnum
1787 2323 1978 2406 languorem
2002 2322 2148 2405 deplorat

160 2416 342 2495 agnoscunt
363 2416 396 2472 et
417 2428 492 2475 eum
514 2428 594 2473 vera
612 2404 797 2472 humilitate
819 2412 901 2473 totos
921 2427 957 2473 se
974 2405 1129 2474 addicunt
1178 2408 1215 2472 in
1236 2407 1397 2491 particula
1421 2410 1590 2493 Quousque.
1634 2407 1741 2476 Sicuti
1767 2416 1895 2493 tergum
1920 2410 2011 2474 Deus
2032 2409 2146 2474 obver-

161 2496 240 2561 Deo.
285 2493 378 2560 Haeo
399 2492 561 2575 sapientia
581 2492 616 2556 iu
639 2492 791 2574 reprobos
813 2491 962 2557 homiues
985 2513 1052 2558 non
1074 2514 1127 2559 ca·
1179 2504 1258 2571 tere,
1293 2494 1344 2560 vel
1375 2494 1489 2578 procul
1516 2517 1537 2560 a
1558 2494 1650 2561 uobis
1679 2493 1829 2561 recedere
1851 2493 1979 2573 dicitur,
2001 2494 2082 2559 dum
2105 2493 2148 2559 la·

160 2580 218 2656 dit,
240 2581 295 2663 qui
314 2578 435 2645 fastum
452 2598 517 2661 quo
533 2577 638 2642 inflati
656 2587 744 2657 suut,
762 2590 931 2659 nequeunt
948 2577 1126 2725 deponere:
1179 2580 1267 2645 voris
1288 2581 1340 2646 sui
1362 2583 1457 2665 siqua
1478 2581 1665 2646 submovet:
1699 2582 1745 2644 ita
1778 2600 1837 2664 per
1864 2580 2005 2643 reditum
2028 2579 2148 2644 intelli·

160 2667 238 2749 quia
259 2686 358 2732 sensu
379 2665 447 2729 irae
468 2664 539 2730 eius
560 2682 628 2727 nou
650 2671 841 2746 tanguntur,
863 2683 901 2727 eo
920 2683 982 2746 quo
1023 2682 1127 2745 neque
1178 2665 1267 2745 gitur
1298 2667 1422 2747 gratiae
1454 2665 1699 2731 demonstratio.
1755 2664 1924 2746 Quantum
1957 2666 2078 2730 attinet
2108 2663 2149 2728 ad

159 2752 269 2835 ipsum
289 2751 435 2814 timeant.
1179 2747 1315 2813 verbum
1338 2763 1427 2833 pm,
1456 2752 1532 2834 quia
1560 2751 1725 2834 poenitere
1757 2751 1929 2834 significat,
1964 2771 2029 2814 non
2065 2751 2149 2815 mele

248 2836 297 2900 12.
320 2831 379 2919 (Ut
399 2853 594 2899 numerem
614 2833 682 2899 dies
702 2832 846 2920 nostroe.)
888 2833 956 2900 Alii
985 2841 1127 2913 vertunt,
1179 2833 1318 2915 quadrat
1338 2835 1392 2901 hic
1413 2856 1537 2914 sensus,
1560 2836 1733 2901 Poeniteat
1753 2845 1785 2901 ts
1806 2857 1905 2919 super
1925 2857 2038 2901 servos
2057 2846 2149 2900 tuoe:

162 2921 216 2988 Ad
239 2940 411 2986 numerum
435 2919 576 2984 dierum:
599 2916 656 2984 sed
678 2917 789 2984 eodem
809 2938 916 2985 seusu.
949 2918 1034 2983 Nam
1053 2918 1128 3000 quia
1177 2920 1255 3002 quia
1276 2940 1317 2984 ex
1339 2921 1504 2986 communi
1525 2920 1705 3002 scripturae
1727 2942 1789 2986 usu
1814 2930 1944 2986 oonsmt
1976 2923 2149 3004 poeniteu-

161 3008 293 3073 videhat
314 3005 436 3085 Moses,
455 3004 541 3087 quod
562 3003 718 3070 hactenus
739 3002 857 3079 docuit,
885 3005 1054 3070 homiuum
1077 3005 1127 3067 in·
1178 3006 1260 3069 tiam
1281 3004 1345 3070 Dei
1368 3006 1486 3084 vocari,
1508 3005 1564 3071 ubi
1586 3005 1729 3072 discussa
1758 3005 1902 3082 tristitia,
1936 3007 2048 3088 gaudii
2079 3028 2149 3070 ma·

161 3093 258 3178 genic
280 3112 346 3157 nou
378 3089 618 3174 comprehendi,
649 3089 752 3155 donec
773 3089 929 3173 affulgeat
949 3089 1041 3154 Deus
1062 3088 1125 3171 spi·
1179 3090 1296 3156 teriam
1317 3092 1504 3168 restituens,
1532 3092 1623 3174 quasi
1652 3101 1797 3157 mutatus
1819 3103 1962 3174 apparet.
2006 3092 2150 3175 Propius

161 3180 228 3244 ritu
249 3197 318 3256 suc,
347 3177 411 3242 iam
435 3176 475 3241 ad
498 3175 714 3259 proeatiouem
731 3195 766 3240 se
783 3177 954 3242 convertit
986 3172 1127 3239 Videtur
1181 3183 1292 3241 tamen
1313 3175 1468 3242 videntur
1489 3176 1531 3242 ad
1553 3187 1694 3242 mentem
1706 3176 1809 3242 Mosis
1831 3176 1983 3242 accedere
2005 3177 2061 3260 qui
2078 3199 2151 3242 ver·

161 3263 293 3347 quidem
316 3263 420 3346 primo
442 3260 566 3327 iutuitu
587 3260 725 3326 ridicula
747 3280 817 3327 esse
838 3262 990 3344 precatio,
1012 3259 1058 3325 Ut
1079 3268 1127 3323 ts-
1180 3269 1264 3341 tunt,
1287 3260 1465 3327 (lonsolare
1497 3270 1530 3327 te
1563 3283 1663 3346 super
1694 3283 1807 3329 servos
1840 3270 1922 3338 tuos,
1956 3263 2033 3344 quia
2054 3262 2150 3327 Deus

160 3370 298 3416 neamus
321 3367 493 3412 numerum
515 3367 674 3412 annorum
690 3355 886 3413 nostrorum.
916 3344 1005 3427 Quid
1016 3343 1127 3409 euim?
1180 3346 1325 3412 suaviter
1351 3368 1412 3414 nos
1444 3347 1595 3431 fovendo,
1629 3367 1692 3412 uou
1726 3367 1819 3414 secus
1840 3367 1878 3413 ao
1899 3356 1993 3430 pater
2015 3350 2048 3411 in
2074 3349 2151 3413 filiis

161 3456 263 3520 quum
287 3434 344 3498 vix
372 3454 495 3498 aunum
527 3434 761 3517 octogesimum
793 3434 960 3518 attingant
994 3429 1128 3509 robusti,
1180 3432 1248 3498 suis
1268 3454 1304 3498 ss
1325 3432 1474 3499 oblectat.
1507 3431 1547 3498 Id
1569 3454 1647 3498 vero
1669 3432 1752 3497 nihil
1774 3432 1862 3498 aliud
1885 3443 1935 3498 est
1956 3454 2053 3516 quam
2080 3434 2149 3515 pla-

161 3542 204 3588 au
226 3518 359 3584 difficile
379 3525 430 3584 est
451 3526 627 3600 supputare
654 3528 722 3582 tam
749 3538 869 3601 paucos
902 3515 1028 3584 annos?
1062 3515 1127 3580 dis·
1179 3519 1255 3596 cari,
1273 3517 1327 3583 vel
1348 3518 1524 3603 propitium
1546 3538 1628 3598 esse,
1644 3518 1743 3585 sicuti
1760 3518 1930 3596 vertimus,
1947 3539 2009 3601 quo
2021 3519 2152 3602 planior

162 3614 241 3672 cunt
262 3625 416 3671 numeros
437 3603 531 3686 pueri
542 3602 638 3667 simul
657 3624 694 3669 ao
711 3602 871 3669 balbutire
882 3602 1052 3686 incipiunt,
1068 3620 1128 3667 neo
1179 3611 1264 3669 esset
1285 3605 1457 3670 sententia

163 3711 241 3757 vero
263 3689 501 3756 arithmeticam
522 3710 542 3753 a
563 3691 720 3773 magistro
742 3687 865 3756 discere
885 3710 967 3773 opus
997 3696 1057 3765 est,
1089 3696 1128 3752 ut

162 3796 335 3843 numerum
367 3775 591 3840 centenarium
623 3773 657 3839 di
681 3775 735 3841 'tis
761 3784 983 3859 supputemus.
1025 3772 1057 3837 A
1094 3771 1128 3837 ui
1266 3773 1315 3839 14
1341 3772 1433 3840 Satio
1453 3793 1510 3839 noe
1530 3794 1621 3840 mone
1642 3774 1773 3840 bonitate
1789 3780 1855 3855 tuo,
1872 3780 1900 3840 ct
1915 3774 2154 3853 mutabimus,

162 3883 201 3928 eo
223 3861 345 3927 foedior
367 3868 401 3924 et
420 3861 525 3943 magis
547 3796 698 3943 pudendi
720 3872 834 3927 nostra
854 3859 1009 3942 socordia,
1042 3857 1126 3941 quod
1179 3865 1207 3926 et
1234 3858 1419 3926 matiam
1449 3862 1566 3926 mecm
1596 3860 1705 3926 diodus
1735 3862 1859 3926 nostrie
1905 3860 1956 3926 15.
1988 3857 2157 3928 Eubiloro

162 3956 232 4013 tam
253 3946 351 4012 breve
372 3945 461 4011 vitas
482 3958 613 4011 nostrae
634 3945 777 4032 spatium
799 3965 966 4029 uunquam
984 3964 1127 4027 compre·
1178 3965 1235 4011 noe
1265 3945 1435 4025 semidam
1465 3945 1534 4011 dice
1560 3946 1740 4028 afflictionis
1767 3947 2157 4026 sarracenescum

164 4031 346 4098 heudimus.
389 4030 475 4095 Nam
498 4030 554 4113 qui
577 4032 721 4116 optimus
742 4031 806 4097 erit
827 4031 1062 4108 arithmeticus,
1095 4038 1128 4093 et
1178 4031 1317 4097 vidimus
1335 4031 1464 4097 mlum.
1510 4031 1561 4095 16.
1584 4031 1747 4112 Apparere
1768 4051 1842 4115 erpo
1862 4051 1966 4096 servm
1982 4036 2050 4095 tuos
2071 4052 2156 4115 optes

162 4116 327 4203 myriades
348 4116 530 4200 myriadum
551 4115 703 4184 distinete
728 4137 765 4182 ae
782 4116 946 4182 subtiliter
957 4115 1129 4181 tenebitao
1180 4122 1275 4197 tuum,
1306 4120 1334 4181 et
1364 4116 1454 4182 decor
1485 4121 1558 4181 tuus
1588 4135 1682 4199 uesper
1711 4116 1798 4196 filios
1818 4136 1940 4183 comm:
1968 4117 2018 4182 17.
2044 4116 2089 4180 Et
2111 4119 2157 4183 sii

163 4202 313 4282 excutiet,
334 4220 401 4266 nou
422 4210 532 4267 tamen
554 4204 672 4287 poterit
695 4203 857 4286 octoginta
879 4221 981 4266 annos
1005 4220 1127 4284 snppu·
1173 4201 1355 4283 peioribido
1375 4200 1508 4267 Domini
1528 4201 1593 4268 Dei
1613 4203 1713 4266 codri
1733 4222 1830 4284 super
1850 4222 1915 4279 nos,
1936 4208 1964 4268 ct
1983 4221 2062 4281 opus
2085 4224 2157 4269 ma·

163 4301 233 4355 tare
254 4291 290 4352 in
312 4287 441 4370 propria
462 4287 540 4352 vita.
573 4287 647 4353 Hoc
668 4300 754 4353 certe
772 4285 920 4371 prodigio
942 4285 1047 4350 simile
1068 4294 1128 4364 est,
1178 4307 1276 4352 nuum
1296 4291 1475 4352 nostorum
1495 4286 1596 4372 diripe
1616 4307 1712 4370 cuper
1731 4307 1797 4367 noo,
1828 4292 1857 4353 el
1887 4307 1965 4371 opas
1995 4306 2157 4354 munuum

164 4376 313 4441 homines
334 4380 429 4438 extra
450 4372 590 4454 seipsos
611 4374 719 4438 metiri
740 4373 850 4438 omnia
872 4371 1054 4455 intervalla,
1076 4392 1128 4437 oo·
1179 4377 1362 4438 scarorum
1386 4371 1496 4457 diripe.

165 4480 317 4545 gnoscere
349 4466 427 4540 quot
458 4456 593 4542 pedibus
624 4458 722 4524 distet
742 4458 822 4523 luna
843 4479 863 4523 a
885 4466 995 4523 centro
1015 4467 1129 4536 terrae,

187 4566 262 4611 uam
284 4544 390 4628 longis
420 4543 507 4608 inter
534 4563 569 4609 se
601 4544 715 4627 spatiis
746 4544 897 4629 planetae
930 4541 1130 4621 dividantur,
1267 4543 1317 4608 16.
1352 4540 1529 4627 (Appcreot
1560 4562 1634 4626 erpo
1664 4560 1770 4608 aerum
1797 4542 1889 4689 mii
1933 4540 2019 4622 Quia
2048 4544 2158 4627 Deus,

164 4568 303 4714 lienique
323 4649 437 4694 omnes
459 4628 538 4694 ooeli
559 4636 592 4694 et
621 4638 727 4693 terrae
759 4628 976 4695 dimensiones
1007 4635 1130 4705 tenere,
1182 4625 1350 4694 ecclesiam
1372 4646 1465 4693 suam
1488 4625 1649 4705 deserens,
1671 4626 1864 4711 quodammo
1888 4628 2157 4713 oulienamper·

187 4738 265 4782 uum
294 4715 328 4780 in
352 4734 386 4778 se
406 4715 486 4797 ipsis
507 4713 714 4798 septuaginta
735 4735 838 4780 annos
862 4735 925 4779 nou
947 4723 1129 4779 numerent.
1182 4734 1296 4778 sonam
1318 4710 1434 4793 induit,
1455 4713 1533 4778 scite
1555 4712 1666 4779 Moses
1691 4714 1859 4795 proprium
1887 4713 1957 4778 eius
1984 4733 2063 4795 opus
2091 4737 2157 4781 no·

165 4739 324 4868 iidemus
357 4820 433 4883 ergo
465 4801 550 4882 quod
578 4799 761 4865 rarissimae
783 4799 972 4883 prudentiae
994 4807 1129 4865 estnon
1182 4799 1288 4864 minat
1319 4797 1529 4881 protectionis
1561 4799 1700 4882 gratiam
1733 4817 1830 4880 quam
1859 4798 2021 4880 pollicitus
2042 4800 2159 4868 fuerat

165 4888 287 4954 frustra
318 4885 436 4951 Mosen
468 4906 487 4950 a
519 4886 592 4950 Deo
624 4893 742 4968 petere.
797 4885 966 4951 Posterius
1001 4903 1130 4968 quoque
1182 4884 1259 4950 filiis
1270 4882 1434 4950 Abrahae.
1467 4883 1557 4968 Ergo
1575 4884 1725 4966 quamvis
1741 4885 1776 4947 in
1798 4883 1949 4949 omuibus
1971 4905 2157 4966 poenarum

165 4973 349 5039 membrum
370 4971 515 5055 apprime
536 4978 650 5037 notatu
672 4972 825 5056 dignum¹
841 4981 899 5050 ost,
931 4990 994 5053 quo
1027 4968 1130 5045 docet,
1183 4968 1352 5053 exemplis,
1384 4968 1502 5051 quibus
1535 4967 1716 5052 perfidiam,
1736 4968 2014 5051 iugratitudinem,
2037 4982 2156 5038 coutu-

167 5079 227 5125 nos
248 5070 328 5124 tuno
349 5055 479 5122 demum
501 5077 556 5123 cor
576 5055 714 5121 adiicere
747 5054 787 5120 ad
820 5056 1021 5138 sapientiam,
1053 5053 1132 5120 dnm
1184 5055 1332 5133 muciam,
1354 5052 1517 5134 libidines,
1536 5074 1718 5137 pravaeque
1734 5053 1928 5136 cupiditates
1938 5054 2049 5137 populi
2062 5059 2156 5125 ultus

166 5144 312 5226 capimus
343 5145 432 5208 vitae
467 5142 630 5209 humanae
667 5142 870 5207 brevitatem.
920 5140 1012 5222 Quas
1044 5140 1130 5204 enim
1185 5149 1244 5221 cst,
1279 5137 1490 5224 conspicuum
1524 5138 1624 5205 fuerit
1655 5141 1726 5204 eius
1758 5159 1848 5223 opus,
1870 5137 1932 5203 κατ’
1954 5140 2058 5221 ὶξοχὴν
2079 5141 2155 5211 aliis

167 5230 270 5294 maior
304 5229 447 5294 amentia
474 5237 525 5295 est
546 5247 642 5311 quam
666 5227 756 5292 nulla
778 5226 944 5311 proposita
965 5235 1053 5293 meta
1073 5246 1132 5292 va·
1185 5226 1334 5295 omnibus
1354 5225 1522 5310 potentiam
1552 5225 1622 5291 eius
1655 5226 1856 5292 documentis
1886 5224 1978 5291 illam
2012 5228 2155 5295 tuendae
