4658 5856
159 345 228 411 623
969 336 1188 406 PSALMUS
1212 337 1376 404 LXVIII.
2110 345 2176 410 624

161 553 242 598 auro
263 541 296 597 et
318 537 455 615 argento
476 531 641 616 figurans,
671 528 751 593 adeo
775 549 839 594 non
863 527 992 611 profioit
1015 528 1048 592 in
1073 527 1136 592 Dei
1192 523 1263 608 ipse
1293 525 1476 609 profligatis
1508 527 1658 595 hostibus
1687 539 1810 595 terram
1834 539 2006 615 'paoasset,
2037 553 2075 598 ao
2104 553 2172 599 am·

161 618 288 697 notitia,
313 629 348 682 ιιι
373 618 407 681 in
430 616 499 681 suis
521 615 660 681 lallaoiis
681 614 813 698 longius
835 625 1018 681 evanescat.
1193 611 1328 692 pliasset
1369 612 1464 696 regni
1500 615 1675 693 terminos,
1716 618 1881 682 omnium‘
1897 628 2170 700 stratagematum

247 704 297 769 10.
321 701 487 789 (Pluuiam
516 699 731 785 voluntatum.)
783 699 849 764 Hie
879 698 989 763 David
1022 718 1137 781 perpe·
1191 695 1322 761 laudem
1354 697 1390 761 in
1423 696 1533 764 Deum
1569 700 1785 766 transsoribit.
1841 702 1927 768 Nam
1960 714 2070 787 partes
2103 705 2169 770 Dei

161 799 255 855 tunm
278 788 405 874 gratiae
427 784 492 853 Dei
514 806 647 852 eorsum
669 785 845 868 praeditat,
867 805 908 849 ex
927 806 991 868 quo
1013 794 1137 849 terram
1191 802 1263 848 esse
1284 802 1452 865 asserens,
1481 805 1614 851 oarmen
1645 785 1698 851 vel
1725 789 1937 869 praeconium
1967 790 2168 874 triumphale

160 876 221 942 eibi
244 877 439 958 promissam
472 875 639 957 ingressus
666 882 716 937 est
747 870 897 954 populus.
942 869 1019 953 Ipsa
1049 870 1138 934 enim
1191 866 1284 944 dare,
1321 887 1496 952 prosperos
1526 869 1601 935 belli
1632 880 1770 940 eventus
1800 873 1835 939 in
1865 875 1936 940 eius
1964 895 2067 941 manu
2097 896 2168 943 esse

160 971 296 1027 venatur
330 959 393 1025 Dei
425 957 628 1039 haereditas,
668 977 766 1040 quam
799 957 1028 1040 assignaverat
1060 955 1139 1021 liliis
1191 952 1254 1018 hae
1274 955 1382 1038 figura
1405 952 1506 1022 dooet
1551 956 1656 1022 Porro
1680 960 1927 1026 annuntiatrices
1948 962 2101 1028 auarus
2119 961 2167 1026 di·

160 1047 237 1113 snis.
273 1046 340 1110 Alii
360 1036 530 1111 esolesiam'
547 1043 748 1126 intelligunt,
772 1040 829 1108 sed
847 1042 1042 1124 improprie:
1063 1041 1139 1124 quia
1190 1039 1250 1117 oit,
1272 1040 1349 1121 qnia
1373 1050 1540 1123 reoeptnm
1563 1051 1635 1107 erat
1657 1052 1786 1109 vetusto
1810 1065 1908 1122 more,
1931 1047 2071 1129 e‘pinieia
2093 1048 2166 1112 oani

161 1132 259 1214 paulo
292 1137 366 1215 post
399 1130 548 1196 subiieiet
579 1129 615 1192 in
648 1149 687 1193 ea
721 1127 884 1193 habitare·
901 1139 1030 1193 ooetum
1066 1128 1137 1192 Dei.
1191 1125 1445 1190 amulieribns:
1479 1127 1576 1193 sieuti
1599 1128 1732 1193 Miriam
1755 1150 1847 1195 soror
1869 1130 1973 1198 Mosis
1996 1153 2069 1196 oum
2093 1154 2166 1197 mu·

160 1217 281 1283 Merito
313 1224 425 1280 autem
457 1230 547 1280 terra
579 1214 717 1281 Oanaan
756 1234 876 1278 nomen
908 1212 969 1279 hoe
1002 1213 1137 1292 obtinet,
1191 1209 1309 1274 lierum
1330 1210 1429 1276 ohoro
1454 1210 1518 1278 Dei
1540 1211 1653 1278 laudes
1682 1213 1723 1279 ad
1753 1227 1947 1299 tympanum
1977 1216 2166 1295 oelebravit,

160 1323 243 1387 quae
264 1299 483 1366 haereditario
510 1300 581 1365 iure
603 1321 623 1364 a
644 1311 736 1383 patre
758 1299 890 1365 eoelesti
921 1298 1042 1364 tradita
1070 1298 1137 1364 fue·
1191 1295 1296 1361 Exod.
1321 1295 1370 1373 15,
1393 1296 1437 1362 20
1459 1310 1492 1362 et
1514 1298 1668 1365 mulieres
1690 1300 1789 1365 etiam
1818 1301 2037 1369 citharistrias
2059 1303 2165 1369 Davi·

161 1398 221 1453 rat.
265 1388 371 1452 Porro
392 1407 434 1451 ex
456 1406 520 1469 qno
542 1386 575 1450 in
598 1406 637 1450 ea
658 1385 756 1451 looati
784 1393 863 1450 sunt
892 1385 951 1449 filii
973 1383 1138 1464 Abrahae,
1190 1380 1241 1446 dis
1264 1381 1468 1465 triumphum
1486 1384 1677 1450 eeoinerunt
1693 1387 1799 1452 oooiso
1817 1386 1963 1464 Goliath,
1987 1389 2165 1474 stratisque

160 1471 271 1539 David
304 1478 539 1539 nommemorat
570 1492 738 1554 nunquam
773 1472 881 1535 Deum
921 1491 1064 1536 oessasse
1097 1470 1138 1535 ab
1190 1467 1395 1551 Philistinis,
1425 1469 1454 1534 1.
1477 1467 1567 1535 Sam.
1589 1470 1639 1549 18,
1661 1472 1691 1536 6.
1737 1471 1866 1538 Gantiei
1889 1484 1999 1539 tamen
2021 1475 2164 1552 nomine,

160 1559 275 1640 optimi
299 1568 332 1623 et
349 1557 627 1642 indulgentissimi
648 1556 894 1639 patrisfamilias
917 1555 1043 1623 offitio:
1062 1557 1138 1639 quia
1190 1562 1228 1618 ιιι
1250 1574 1355 1633 nuper
1377 1554 1456 1630 dixi,
1478 1555 1642 1638 signifieat
1658 1556 1768 1623 David
1788 1558 1920 1623 nonnisi
1942 1560 1983 1624 ab
2005 1580 2073 1624 uno
2092 1559 2164 1625 Deo

162 1646 269 1711 vietus
290 1641 429 1729 parandi
454 1662 568 1720 eausa,
598 1643 745 1726 pluviam
775 1663 904 1725 semper
933 1643 1136 1708 exuitaverit.
1190 1639 1353 1721 profioisai
1370 1639 1532 1706 viatorias.
1567 1640 1765 1725 Quanquam
1784 1644 1883 1708 simtss
1901 1644 1997 1711 offioii
2011 1645 2164 1711 admonet

160 1730 266 1795 Porro
296 1750 400 1812 qnam
429 1743 535 1813 rm}
564 1728 664 1815 (qnod
694 1749 813 1794 nomen
843 1727 896 1793 hio
924 1728 960 1792 in
991 1716 1151 1812 genitivo*
1189 1724 1302 1790 fideles
1324 1738 1360 1789 ut
1382 1725 1447 1790 Dei
1471 1726 1627 1792 beneficia
1650 1749 1714 1810 qua
1736 1728 1828 1794 deoet
1846 1730 2047 1812 gratitudine
2069 1753 2164 1812 prae·

161 1815 281 1899 plurali
309 1816 381 1881 vioe
411 1814 548 1897 epitheti
579 1813 725 1900 ponitur)
760 1813 922 1879 Hebraeis
956 1824 1139 1897 spontanea
1189 1808 1308 1875 dioent.
1353 1811 1508 1876 Proximo
1532 1833 1628 1878 versu
1650 1813 1751 1890 donet,
1776 1815 1955 1897 quamlibet
1976 1817 2108 1900 magnis
2131 1833 2163 1882 ot

160 1902 205 1967 sit
228 1901 390 1980 voluntas,
412 1900 465 1966 vel
487 1921 578 1966 mera
599 1899 795 1975 liberalitas,
818 1898 957 1964 libenter
978 1902 1138 1982 interpre·
1191 1895 1308 1961 validis
1330 1896 1431 1979 eopiis
1454 1898 1607 1963 instructi
1630 1899 1803 1981 prosiliant
1826 1900 1937 1966 hostes
1960 1899 2001 1965 ad
2022 1901 2163 1986 perden-

161 1987 250 2052 tibus
272 1986 432 2053 aesentior
454 1986 510 2069 qui
532 1985 573 2051 ad
595 1987 777 2069 gratuitum
798 1984 864 2049 Dei
897 1985 1137 2068 heneplsoitum
1190 1981 1265 2046 dam
1288 1981 1475 2059 eoelesiam,
1506 1981 1701 2066 dissipatum
1723 1994 1833 2050 tamen
1857 1987 1908 2051 iri.
1953 1988 2003 2052 Ao
2034 1986 2164 2054 videtur

161 2072 326 2138 referunt:
345 2092 383 2138 ao
403 2073 430 2137 si
452 2071 589 2138 dixisset
606 2071 726 2149 David,
748 2071 858 2136 Deum
881 2089 1011 2153 semper
1028 2070 1138 2136 alendi
1189 2066 1349 2132 muliebre
1370 2068 1535 2134 oantionm
1554 2070 1690 2135 referre:
1714 2073 1863 2154 quamvis
1881 2073 1916 2136 in
1934 2074 2005 2138 eius
2022 2094 2163 2157 persona

162 2157 275 2242 populi
296 2157 349 2224 sni
371 2166 487 2241 sponte
504 2178 619 2223 euram
642 2156 807 2223 habuisse.
851 2155 938 2221 Nam
966 2156 1051 2240 quod
1082 2157 1137 2221 alii
1190 2173 1257 2217 non
1275 2153 1385 2219 minus
1402 2165 1491 2219 reete
1509 2155 1655 2238 aooipere
1673 2157 1778 2223 lineat.
1814 2157 1907 2224 Haeo
1923 2177 2003 2223 vero
2024 2161 2162 2225 oiroum·

160 2243 306 2327 pluviam
330 2243 548 2320 voluntatum,
571 2241 749 2328 optabilem
771 2249 916 2320 vertunt,
945 2262 1042 2325 quam
1068 2242 1138 2327 gal·
1190 2238 1312 2304 sanun
1332 2260 1397 2303 non
1420 2259 1536 2322 parum
1557 2241 1703 2306 illustrat
1724 2242 1788 2308 Dei
1819 2244 1976 2326 gratiam,
2006 2245 2093 2327 quod
2116 2246 2162 2309 lu·

162 2329 224 2396 liae
246 2328 386 2395 didimus
408 2333 441 2393 A
457 2328 596 2410 plaisir:
621 2328 677 2393 alii
698 2330 829 2393 mitem:
858 2327 1011 2410 ultroque
1033 2330 1137 2393 fluen·
1190 2325 1259 2410 gati
1281 2323 1347 2388 sint
1368 2326 1584 2407 potentissimi
1608 2349 1719 2412 reges,
1753 2349 1889 2412 quorum
1913 2329 2037 2396 viribus
2068 2331 2162 2415 longe

164 2425 230 2480 tem
248 2415 319 2480 sine
336 2415 470 2497 impetn,
488 2435 587 2498 quam
606 2414 722 2498 gallioe
737 2433 892 2480 vooamus
907 2412 1006 2497 plage
1026 2415 1138 2480 mouil-
1189 2412 1333 2493 impares
1354 2411 1492 2476 luissent
1513 2410 1639 2477 Iudaei.
1683 2413 1779 2480 Unde
1801 2415 1889 2479 enim
1911 2414 2032 2481 laetum
2057 2428 2108 2482 est
2128 2430 2163 2483 nt

162 2501 262 2567 lauta
285 2501 394 2566 neseio
416 2521 460 2564 an
481 2502 663 2567 eonveniat.
703 2500 791 2565 Sunt
813 2500 910 2563 etiam
933 2499 989 2583 qui
1011 2500 1145 2584 largam¹
1190 2517 1256 2561 non
1279 2495 1375 2561 modo
1396 2496 1480 2561 irriti
1504 2497 1734 2575 disoesseriht,
1764 2500 1821 2565 sed
1843 2500 1942 2565 etiam
1964 2501 2001 2565 in
2032 2501 2161 2586 longin-

163 2595 196 2652 et
218 2585 351 2652 uberem
373 2584 521 2668 pluvIam
550 2587 822 2668 interpretantur.
865 2582 932 2650 Sed
963 2585 1028 2649 iam
1058 2586 1137 2668 quid
1190 2603 1288 2665 quam
1321 2580 1434 2666 fugam
1468 2582 1622 2667 dispulsi,
1659 2585 1778 2668 quihus
1809 2586 1905 2652 faoile
1936 2598 2008 2651 erat
2042 2600 2163 2669 terram

163 2671 246 2736 mihi
277 2671 384 2756 magis
415 2671 575 2756 plasmet,
613 2670 750 2736 ostendi.
803 2669 1030 2736 Liberalitatis
1059 2692 1137 2756 ergo
1189 2669 1327 2733 obruere
1350 2669 1417 2733 suis
1439 2668 1576 2750 viribus,
1598 2671 1664 2736 nisi
1680 2671 1758 2754 quia
1776 2670 1979 2737 defensorem
1997 2693 2033 2738 se
2053 2673 2162 2756 populi

163 2778 241 2823 suae
263 2756 396 2841 signnm
418 2756 569 2822 exhibuit
590 2757 693 2836 Dens,
716 2766 839 2820 terram
860 2766 1044 2837 opportuna
1066 2758 1138 2839 plu·
1190 2755 1241 2818 sui
1264 2753 1355 2818 Deus
1377 2752 1572 2820 mirabiliter
1592 2755 1765 2838 opposuit?
1796 2758 1843 2821 Et
1861 2759 2006 2841 fugiendi
2028 2760 2160 2824 verbnm

164 2843 219 2908 via
246 2843 397 2925 irrigans.
449 2842 518 2908 Neo
548 2841 659 2908 dubito
689 2842 768 2925 quin
797 2841 839 2905 ad
868 2841 1009 2907 Iudaeae
1038 2845 1138 2907 situm
1191 2840 1241 2905 bis
1264 2848 1413 2922 repetere
1436 2839 1584 2918 videtur,
1607 2842 1683 2923 quia
1703 2843 1834 2925 saepius
1858 2844 1999 2909 hostium
2022 2845 2163 2928 impetus

164 2930 357 3012 respexerit,
380 2928 473 2993 ouius
494 2927 697 2994 foeounditas
720 2937 792 2992 erat
814 2947 834 2992 a
856 2947 930 2992 rore
952 2928 1002 2993 vel
1025 2928 1139 3011 pluvia
1191 2925 1320 2990 coelesti
1336 2924 1457 2989 auxilio
1473 2928 1603 2992 luerent
1618 2926 1749 3009 repulsi.
1782 2929 1927 2995 Praedae
1942 2951 2020 2994 vero
2034 2931 2161 3015 magui·

163 3013 305 3080 eoelesti.
350 3013 475 3078 Eadem
508 3015 636 3080 ratione
669 3013 750 3080 dioit
781 3013 970 3079 lassitudine
1000 3015 1139 3096 alodum
1191 3012 1339 3075 tudinem
1374 3011 1434 3076 hae
1467 3011 1712 3079 eiroumstantia
1746 3025 1852 3092 notat,
1894 3015 1979 3097 quod
2013 3036 2092 3098 pars
2123 3014 2160 3079 ad

92 3100 97 3113 “
163 3099 259 3181 rufini.
293 3097 438 3164 Additur
459 3101 551 3178 ratio,
574 3101 652 3183 quia
673 3099 764 3165 illam
782 3098 875 3165 Deus
893 3098 996 3166 eleeto
1017 3101 1137 3185 populo
1190 3098 1345 3162 mulieres
1368 3096 1455 3160 domi
1476 3101 1601 3180 quietas
1623 3101 1809 3181 perveniat:
1832 3123 1870 3167 aa
1887 3104 1914 3166 si
1934 3101 2066 3180 dieeret,
2089 3102 2161 3167 Non

165 3185 379 3251 habitandam
409 3185 550 3251 dederit:
583 3207 620 3252 ao
650 3187 678 3251 si
707 3185 847 3266 dioeret,
881 3184 956 3250 Non
993 3187 1057 3251 alio
1087 3209 1138 3252 re·
1190 3183 1298 3250 solum
1317 3182 1437 3247 milites
1455 3183 1569 3266 spoliis
1585 3184 1669 3249 bene
1685 3196 1817 3252 ornatos
1835 3208 1854 3250 e
1872 3186 1995 3270 proelio
2014 3207 2161 3253 reversos

163 3281 278 3354 speetu
300 3273 347 3336 sio
370 3270 532 3347 henedioi,
565 3273 627 3336 nisi
651 3273 728 3354 quia
757 3291 888 3337 eaerum
911 3279 962 3336 est
982 3272 1138 3338 aeolesiae
1190 3290 1278 3344 esse,
1319 3268 1375 3333 sed
1409 3289 1489 3351 prae
1521 3270 1624 3352 igenti
1657 3272 1825 3352 opulentia
1856 3272 2004 3338 imbelles
2039 3294 2161 3356 quoqne

164 3356 375 3422 domicilium.
432 3360 481 3421 Ae
515 3378 577 3440 quo
610 3358 728 3421 melius
763 3355 847 3421 hano
888 3355 1137 3424 beneficentiam
1190 3356 1345 3420 mulieres
1366 3353 1469 3419 fuisse
1491 3357 1630 3438 praedae
1653 3357 1765 3423 sosiae.

164 3453 344 3526 agnoscant
376 3441 507 3518 Iudaei,
542 3453 712 3524 comparat
744 3462 797 3507 eos
828 3442 984 3523 famelius
1015 3445 1070 3526 qni
1103 3446 1137 3510 in
1277 3441 1328 3505 14.
1351 3438 1404 3525 (Si
1424 3439 1577 3526 iactatu.)
1622 3441 1709 3523 Quia
1731 3442 1839 3508 Deum
1867 3465 1926 3526 pro
1956 3465 2016 3510 suo
2045 3444 2162 3526 populo

108 3582 112 3589 .
165 3529 253 3593 diem
275 3526 418 3592 aluntur.
453 3528 526 3592 Etsi
548 3530 635 3592 enim
659 3529 749 3592 laute
771 3525 812 3590 ad
831 3528 1016 3593 satietatem
1036 3550 1139 3612 usque
1190 3527 1343 3609 proeliari
1372 3525 1504 3590 solitum
1539 3549 1609 3593 esse
1642 3529 1787 3605 dixerat,
1821 3551 1908 3595 unna
1940 3551 1998 3612 per
2032 3530 2161 3594 modum

163 3613 259 3697 adipe
282 3613 447 3691 frumenti,
471 3613 540 3677 vini
563 3615 670 3695 eopia,
701 3611 854 3677 melleet
883 3612 955 3677 oleo
984 3617 1139 3695 pasoebat
1168 3618 1171 3622 ’
1191 3613 1401 3678 oorreotionis
1419 3612 1522 3693 addit,
1539 3615 1667 3678 etiamsi
1685 3614 1798 3680 fideles
1809 3615 1974 3680 interdum
1992 3616 2161 3699 eontiugat

165 3719 221 3765 eos
243 3698 353 3779 Deus,
380 3700 426 3765 sie
448 3709 561 3763 tamen
583 3701 725 3782 gratiam
747 3719 841 3763 suem
864 3702 1077 3781 temperavit,
1103 3713 1139 3765 ut
1190 3699 1297 3763 iaoere
1319 3699 1353 3761 in
1383 3698 1542 3774 tenebris,
1572 3699 1681 3764 Deum
1710 3701 1924 3766 nihilominus
1953 3702 1989 3765 in
2020 3712 2162 3784 tempore

164 3807 186 3850 a
207 3807 242 3850 se
270 3804 336 3850 uno
365 3783 523 3867 penderet
552 3806 663 3850 eorum
696 3785 904 3866 exspeetatio.
957 3784 1051 3865 Quod
1082 3787 1139 3851 alii
1191 3784 1319 3865 prodire
1342 3782 1561 3849 liberatorem.
1605 3785 1674 3850 Nec
1697 3785 1834 3851 dubium
1855 3798 1906 3853 est
1928 3788 2009 3869 quin
2032 3787 2159 3870 oblique

165 3883 268 3954 mm
291 3889 350 3953 pro
372 3870 502 3953 eopiosa
524 3871 616 3936 viotu
638 3870 810 3951 aeoipinnt,
840 3871 902 3935 etsi
924 3891 990 3935 non
1013 3871 1137 3955 refello,
1191 3871 1346 3935 miserum
1375 3867 1455 3933 illud
1483 3881 1516 3934 et
1544 3872 1768 3937 oalamitosum
1798 3886 1927 3956 tempus
1962 3873 2161 3956 perstringat

165 3959 272 4039 potius
296 3966 405 4020 tamen
433 3956 556 4022 inolino
585 3957 620 4020 in
648 3955 816 4020 diversum
845 3976 998 4037 sensum,
1028 3957 1138 4022 Deum
1191 3975 1256 4037 quo
1278 3956 1418 4038 populus
1441 3954 1505 4020 Dei
1527 3956 1588 4021 sub
1611 3956 1711 4022 Saule
1735 3956 1858 4022 duriter
1882 3960 1987 4023 luerat
2004 3959 2159 4024 alflietus:

166 4063 234 4106 non
257 4041 322 4104 alio
345 4061 445 4123 quam
467 4041 702 4108 beneficentiae
730 4061 809 4107 snae
838 4052 987 4125 respeatu
1017 4043 1138 4123 induni,
1190 4043 1267 4124 quia
1299 4041 1459 4107 illustrior
1492 4052 1526 4105 et
1557 4044 1662 4124 magis
1697 4044 1848 4109 notabilis
1886 4044 1950 4108 luit
1988 4044 2160 4119 restitutio,

167 4137 204 4192 ιιι
225 4128 294 4192 suis
316 4137 382 4190 tam
405 4126 541 4211 provide
563 4128 722 4193 oonsulat.
815 4182 818 4187 .
1191 4148 1290 4209 quum
1314 4137 1449 4209 repente
1470 4127 1609 4210 populns
1630 4149 1649 4192 e
1670 4131 1814 4195 tenebris
1834 4130 1869 4195 in
1892 4131 1998 4196 lnoem
2022 4132 2161 4195 emersit.

1192 4212 1388 4295 Quanquam
1410 4212 1540 4297 longius
1561 4224 1652 4296 patet
1674 4215 1840 4281 doetrina:
1870 4217 1945 4298 quia
1967 4216 2162 4299 generaliter

253 4298 304 4363 12.
338 4295 496 4363 Domiuue
526 4298 614 4363 dubit
646 4319 820 4365 sumanus
851 4299 1139 4367 annuntiatricibus
1191 4299 1354 4377 admonet,
1377 4299 1465 4363 inter
1487 4299 1611 4366 medias
1633 4301 1824 4368 afflietiones
1841 4321 1961 4366 aroana
1979 4312 2013 4366 et
2030 4303 2161 4368 mirifiea

164 4386 318 4452 mutus
338 4384 454 4466 auaui.
501 4384 552 4448 13.
576 4383 676 4468 Rupes
703 4387 892 4452 aarum
917 4382 1052 4467 sugieut,
1083 4386 1137 4467 su·
1191 4383 1256 4449 Dei
1278 4385 1401 4451 virtute
1421 4383 1534 4450 fideles
1552 4386 1644 4469 qnasi
1663 4387 1808 4470 integros
1825 4389 1959 4469 servari,
1984 4387 2036 4451 vel
2054 4387 2161 4452 subito

163 4472 264 4554 pient:
286 4476 315 4534 et
335 4468 509 4537 bawaria
530 4471 640 4535 doinus
660 4471 777 4536 diuidet
797 4470 908 4551 spolia.
955 4471 1005 4536 14.
1031 4471 1069 4535 st
1089 4472 1137 4536 ia·
1191 4471 1328 4546 restitui,
1351 4481 1388 4536 nt
1406 4470 1498 4536 nulla
1514 4472 1676 4537 malorum
1694 4473 1788 4557 sigua
1806 4481 1996 4557 appareant.
2030 4473 2162 4539 Utrum·

164 4559 259 4622 etatis
281 4557 360 4620 iuter
381 4555 468 4633 odae,
485 4575 609 4638 pennae
629 4556 783 4622 mluruboe
803 4561 926 4637 opertoe
948 4562 1138 4639 argeutaet
1191 4577 1254 4640 qne
1283 4557 1371 4620 enim
1401 4576 1533 4622 sensnm
1563 4558 1662 4624 verba
1692 4557 1889 4641 admittunt,
1918 4556 2004 4641 quod
2032 4559 2163 4625 taem

160 4643 338 4724 posteriora
358 4642 427 4707 eius
448 4643 484 4707 s'u
499 4641 623 4722 pallere
644 4643 727 4706 ouri.
775 4641 824 4708 15.
853 4641 955 4724 Quum
971 4643 1139 4725 dissiparet
1191 4645 1227 4708 iu
1246 4642 1382 4726 fuligine
1404 4654 1436 4706 et
1454 4642 1616 4727 tenebris,
1647 4645 1751 4710 nitere
1773 4653 1881 4710 tamen
1904 4664 1971 4710 non
1994 4644 2161 4710 desinant:

169 4726 370 4808 Omnipoteue
390 4747 476 4811 reges
497 4729 533 4792 iu
554 4747 602 4806 eu,
624 4726 782 4792 aeduis
790 4726 822 4813 1)
845 4729 881 4792 iu
902 4726 1040 4794 Saltum
1192 4729 1244 4793 vel
1266 4728 1350 4811 quod
1376 4729 1523 4792 liberatio
1545 4740 1743 4796 eontractam
1767 4751 1809 4794 ex
1830 4730 1926 4796 malis
1957 4731 2162 4813 nigredinem

1191 4814 1355 4879 disentiat.
1398 4812 1574 4879 Utrumvis
1596 4815 1707 4898 eligas,
1729 4836 1857 4881 summa
1876 4816 1939 4883 bno
1961 4816 2056 4896 redit,
2079 4837 2162 4881 nnn·

255 4899 304 4962 12.
326 4896 498 4983 (Dominus
526 4898 648 5048 datuss
679 4897 745 4964 Hio
775 4899 839 4962 iam
870 4899 1022 4966 victorias
1050 4919 1138 4966 eom·
1190 4921 1287 4984 quam
1316 4898 1545 4965 afflietionibus
1575 4902 1626 4966 vel
1656 4902 1803 4967 eonsumi
1834 4902 1886 4967 vel
1924 4901 2021 4967 obrui
2050 4902 2161 4968 fideles

73 5052 76 5057 ,
168 4981 302 5048 mandat
325 4983 452 5060 David,
476 4983 594 5067 quibus
650 4984 885 5049 eusvirtutem
910 4985 1060 5051 suumin
1087 4995 1137 5052 tu·
1190 4987 1272 5067 quin
1295 5005 1355 5049 sua
1377 4984 1442 5049 illis
1465 4997 1596 5052 maneat
1616 4988 1830 5053 incolumitas.
1874 4987 1913 5053 Id
1944 4998 2055 5053 autem
2087 5008 2161 5055 eon·

167 5069 252 5132 enda
273 5070 383 5152 populi
406 5070 510 5136 salute
532 5070 698 5152 praeelare
721 5069 893 5135 extulerat.
926 5070 1036 5151 Quum
1060 5091 1139 5137 vero
1189 5072 1288 5140 einne
1310 5072 1416 5153 figura
1439 5071 1534 5137 doeet
1556 5073 1688 5155 perinde
1706 5093 1778 5138 esse
1800 5096 1837 5139 ao
1855 5074 1883 5139 si
1901 5074 2056 5140 wlurubae
2075 5076 2162 5139 inter

1190 5157 1272 5222 ollas
1296 5156 1346 5219 vel
1369 5155 1490 5222 lebetes
1513 5159 1638 5249 nullam
1660 5161 1695 5222 in
1717 5158 1776 5224 alis
1807 5161 2011 5243 nigredinem
2033 5173 2161 5226 eontra-

255 5254 285 5323 ’)
300 5261 331 5310 tu
347 5258 375 5310 la
391 5257 554 5328 ntanehim,
570 5273 604 5313 ur
621 5272 729 5328 uerus:
747 5274 783 5312 ou
800 5256 853 5311 elle
870 5256 912 5310 tut
931 5256 1051 5314 blmaha.
1191 5244 1318 5319 herent,
1336 5242 1393 5307 sed
1408 5245 1588 5310 retinerent
1602 5245 1749 5310 nativam
1764 5244 2018 5328 puleritudinem
2033 5246 2159 5313 eoloris.
