4658 5856
211 380 275 446 199
1043 379 1381 447 aestuosum.
1776 334 1780 343 ’
2140 371 2206 438 eoo

300 570 329 632 l.
352 567 436 653 (Len
457 568 680 655 Dominicis.)
724 566 883 649 Sequitur
913 589 1000 634 nuno
1030 591 1105 653 pars
1132 592 1183 636 se·
1235 570 1416 651 reperiatur
1439 589 1521 653 pura
1542 567 1600 633 lux
1622 565 1798 641 doctrinae,
1826 563 1883 628 sed
1906 562 2024 627 mutila
2045 562 2204 645 quaedam

212 655 320 720 cunda
353 654 486 719 Psalmi.
539 655 717 736 Postquam
748 657 835 718 enim
868 666 973 719 totum
1004 654 1183 721 humanum
1235 655 1403 737 principia,
1430 664 1464 719 et
1485 654 1619 737 quidem·
1646 650 1804 733 implicita
1825 651 2029 732 ignorantiae
2051 647 2204 715 tenebris.

211 761 316 823 genus
359 740 502 804 ostendit
545 743 624 803 satis
667 761 686 803 a
729 741 831 805 mutis
870 742 1037 823 magistris
1076 741 1184 807 doceri
1235 741 1331 807 Unde
1367 742 1483 806 memte
1518 740 1633 813 David
1661 737 1791 801 laudem
1824 735 1911 799 hano
1944 735 2096 799 vendicat
2128 735 2205 819 legi,

211 826 252 889 de
285 828 381 891 unico
415 825 495 901 Deo,
530 826 668 889 ludaeos
703 846 790 889 nunc
824 827 1033 909 aggreditur.
1067 829 1185 909 quibus
1235 828 1320 909 quod
1343 828 1376 890 iu
1399 849 1434 892 se
1457 828 1631 908 perfectam
1653 833 1687 887 et
1708 821 1890 886 absolutam
1913 821 2105 901 sapientiam
2128 842 2205 886 oon·

212 915 317 994 magis
347 911 438 976 Deus
468 913 658 975 innotuerat
687 914 910 994 perverbum
940 933 1047 979 suum.
1100 914 1183 977 Nam
1236 916 1349 977 tinent.
1401 912 1488 992 Quia
1509 913 1638 975 animae
1659 909 1838 989 conversio,
1877 926 1975 988 quam
2005 907 2102 989 paulo
2132 921 2205 990 post

211 997 296 1080 quod
320 997 359 1061 de
388 1000 460 1080 ipso
483 1010 644 1060 testantur
666 997 757 1074 coeli,
780 1019 844 1062 non
867 1020 905 1062 eo
926 1019 1029 1081 usque
1051 999 1185 1064 deducit
1236 999 1375 1082 subiicit,
1398 999 1508 1081 procul
1528 996 1625 1060 dubio
1644 1016 1702 1077 pro
1720 995 1959 1057 instauratione
1978 993 2119 1074 ponitur,
2138 1012 2202 1057 non

212 1082 373 1163 homines,
397 1098 431 1148 ut
455 1103 566 1146 veram
586 1084 740 1164 pietatem
760 1083 962 1164 perdiscant:
985 1085 1182 1151 sodtantum
1236 1083 1379 1149 dubitavi
1402 1089 1447 1148 ita
1471 1088 1606 1148 vertere.
1652 1079 1739 1147 Sunt
1766 1080 1854 1143 enim
1885 1080 1939 1160 qui
1971 1080 2068 1142 nimis
2088 1095 2205 1162 argute

213 1169 276 1233 hoo
292 1170 387 1246 valet,
404 1184 439 1232 ut
450 1169 631 1232 reddantur
643 1169 888 1234 inexcusabiles.
913 1170 1036 1234 Verum
1052 1171 1182 1254 quidem
1236 1171 1289 1234 hio
1318 1170 1591 1254 philosophantur
1621 1168 1661 1231 de
1691 1164 1892 1248 poenitentia
1921 1174 1953 1226 et
1975 1165 2205 1230 reformatione

213 1266 273 1329 est,
306 1256 368 1318 nisi
391 1275 536 1318 semmua
570 1255 670 1317 nimis
702 1254 856 1336 hebetes,
896 1277 966 1320 esse
999 1256 1034 1321 in
1068 1257 1183 1321 mundi
1235 1257 1385 1321 hominis.
1427 1257 1546 1320 Fateor
1568 1253 1696 1336 quidem
1721 1271 1788 1314 non
1811 1249 1950 1314 recreari
1973 1251 2117 1313 animam
2139 1250 2204 1315 Dei

212 1340 340 1405 theatro
362 1342 443 1404 satis
465 1339 571 1404 multa
589 1340 782 1405 documenta
797 1362 881 1422 quae
897 1363 956 1405 nos
971 1341 1012 1407 ad
1029 1347 1182 1426 pietatem
1234 1343 1314 1425 lege,
1338 1343 1418 1425 quin
1441 1353 1620 1406 renovetur
1638 1340 1671 1402 in
1694 1338 1868 1400 iustitiam:
1890 1336 1947 1399 sed
1971 1336 2132 1400 tenendus
2154 1338 2204 1400 in·

210 1427 371 1489 invitent:
404 1424 461 1488 sed
491 1427 567 1506 quia
596 1426 629 1488 in
662 1427 734 1491 luco
754 1428 843 1490 clara
871 1429 1080 1504 concutimus,
1111 1432 1182 1492 siue
1235 1439 1323 1492 terea
1345 1440 1396 1492 est
1417 1427 1557 1510 simplex
1580 1422 1721 1488 Davidis
1739 1442 1864 1498 sensus,
1887 1421 1970 1502 quod
1990 1423 2076 1486 sicut
2094 1422 2205 1487 anima

213 1511 302 1574 verbi
332 1509 475 1576 subsidio
504 1511 584 1574 nihil
616 1512 709 1574 nobis
737 1513 905 1594 prodesset
927 1514 1097 1596 splendida
1119 1517 1182 1578 ista
1234 1528 1367 1597 vegetat
1388 1524 1515 1596 corpus,
1536 1513 1583 1577 sio
1605 1514 1700 1573 ctiam
1725 1509 1777 1573 lex
1803 1509 1871 1569 vita
1894 1509 1936 1571 sit
1952 1507 2091 1572 animae.
2114 1506 2206 1575 Dicit

210 1597 334 1678 gloriae
357 1594 421 1659 Dei
451 1601 718 1678 repraesentatio,
751 1599 826 1663 lieet
855 1621 992 1664 sonorae
1020 1601 1183 1666 concionis
1233 1614 1343 1665 autem
1361 1601 1502 1664 animam
1522 1597 1660 1674 restitui,
1678 1594 1718 1658 nd
1737 1593 1893 1656 miserum
1911 1605 2035 1656 statum
2054 1593 2205 1660 alludens

209 1682 279 1746 loco
312 1692 391 1745 esse'
416 1681 543 1746 debeat.
589 1682 708 1766 Itaque
737 1682 830 1748 Deus
862 1707 942 1768 quos
972 1687 1012 1751 ad
1041 1688 1180 1750 salutem
1233 1685 1267 1749 in
1296 1707 1359 1767 quo
1388 1705 1501 1749 omnes
1525 1683 1698 1748 nascimur.
1743 1679 1816 1743 Etsi
1844 1680 1930 1742 enim
1954 1679 2113 1760 quaedam
2137 1682 2205 1762 pri·

212 1789 328 1831 νυοοιο
362 1772 492 1841 statuit,
531 1770 686 1851 peculiari
728 1771 836 1853 gratia
875 1772 1046 1854 dignatur:
1086 1773 1181 1837 sicuti
1233 1792 1305 1835 mae
1328 1772 1465 1854 originis
1487 1769 1643 1850 reliquiae
1665 1765 1773 1830 adhuc
1791 1779 1978 1845 supersunt,
1999 1765 2076 1848 quia
2094 1777 2204 1831 tamen

208 1853 296 1925 olim,
320 1856 470 1936 quamvis
492 1855 644 1918 omuibus
666 1857 737 1919 siue
758 1857 948 1937 exceptione
971 1870 1109 1923 testatus
1138 1859 1182 1922 sit
1232 1857 1325 1921 nulla
1354 1878 1430 1939 pars
1458 1856 1498 1920 ab
1528 1853 1774 1937 inquinamento
1807 1864 1840 1913 et
1868 1850 1940 1914 labe
1970 1871 2054 1932 pura
2082 1864 2204 1930 manet,

205 1961 241 2002 se
261 1960 332 2002 esse
352 1937 478 2003 Deum:
501 1952 610 2004 tamen
634 1941 784 2005 Abrahae
806 1943 883 2007 liliis
905 1964 1050 2008 seorsum
1075 1945 1179 2027 legem
1232 1943 1279 2007 sio
1312 1944 1424 2007 vitiata
1454 1942 1583 2006 animae
1609 1937 1754 2003 conditio
1777 1956 1893 2020 parum
1916 1956 1935 1999 a
1957 1952 2062 2000 morte
2085 1936 2206 2010 differt,

208 2025 314 2099 dedit,
357 2045 440 2106 quae
472 2027 611 2090 certiore
645 2040 677 2088 et
710 2029 815 2111 magis
848 2031 1033 2113 propinqua
1065 2031 1181 2094 notitia
1232 2049 1430 2111 prorsusque
1458 2025 1499 2090 ad
1529 2040 1668 2090 mortem
1701 2023 1815 2086 tendit.
1861 2022 1979 2103 ltaque
2002 2042 2134 2088 necesse
2156 2040 2207 2088 est

204 2131 260 2174 eos
283 2111 456 2185 imbueret,
490 2111 576 2175 unde
604 2112 752 2194 sequitur
791 2113 931 2179 Iudaeos
960 2115 1082 2197 duplici
1111 2116 1181 2179 vin·
1234 2128 1269 2177 ut
1287 2115 1378 2179 Deus
1400 2112 1546 2178 adhibito
1568 2111 1651 2194 legis
1667 2129 1746 2173 suae
1764 2106 1909 2172 remedio
1927 2120 2114 2172 succurrat:
2137 2130 2205 2173 non

208 2195 283 2261 culo
301 2197 342 2258 ad
353 2193 462 2259 Deum
481 2197 652 2261 colendum
675 2197 847 2265 obstrictos
864 2221 947 2265 esse.
975 2201 1058 2265 Nam
1078 2223 1178 2283 quum
1232 2200 1316 2282 quod
1341 2222 1398 2282 per
1418 2221 1454 2265 se
1470 2198 1504 2263 id
1522 2208 1666 2281 praestet
1683 2194 1766 2278 legis
1784 2194 1888 2268 litera,
1912 2207 1948 2257 nt
1966 2206 2079 2275 postca
2097 2194 2206 2261 fusius

205 2294 330 2365 gentes,
354 2285 471 2362 quibus
494 2296 622 2348 tantum
641 2304 700 2367 per
718 2300 826 2350 mutas
842 2287 1180 2369 ereaturasloquutus
1232 2284 1374 2351 dicetur:
1411 2286 1467 2351 sed
1502 2285 1576 2366 quia
1610 2282 1700 2345 Deus
1740 2280 1780 2343 ad
1819 2280 2035 2344 restituendas
2065 2280 2205 2362 animas,

204 2380 255 2432 eet
279 2366 379 2444 Deus,
412 2368 501 2431 nulla
527 2370 714 2451 ignorantia
743 2383 887 2449 excuset,
918 2387 1039 2452 quanto
1069 2375 1180 2437 minua
1233 2370 1323 2436 verbi
1352 2374 1402 2436 sui
1433 2389 1556 2454 organo
1584 2368 1699 2432 utitur.
1749 2365 1840 2429 Dum
1871 2378 1964 2430 vocat
1993 2366 2207 2431 testimonium

204 2453 381 2518 tolerabilis
403 2468 454 2518 est
475 2474 589 2518 eorum
618 2471 743 2539 stupor,
776 2459 833 2538 qui
867 2479 979 2523 vocem
1012 2480 1054 2522 ex
1086 2479 1179 2522 sacro
1233 2454 1367 2522 Ioboooe
1386 2456 1483 2538 fidele,
1512 2454 1662 2537 repetitio
1684 2463 1734 2517 est
1757 2451 1925 2535 proximae
1946 2453 2142 2527 sententiae,
2164 2462 2204 2517 ut

203 2540 275 2603 eius
307 2559 363 2603 ore
397 2542 576 2622 profectam
611 2540 726 2604 audire
761 2543 957 2625 negligant?
1005 2544 1069 2608 Hic
1098 2564 1178 2626 ergo
1231 2542 1314 2626 legis
1335 2544 1507 2625 integritas
1536 2553 1569 2605 et
1590 2537 1671 2604 fides
1690 2549 1745 2601 ant
1770 2537 1891 2602 veritas
1914 2538 2093 2602 testimonii
2115 2537 2205 2603 idem

204 2624 282 2688 finis
315 2636 365 2688 est
399 2639 435 2689 ut
467 2647 503 2690 ae
535 2628 677 2691 alacrius
709 2627 863 2692 addicant
895 2627 1010 2693 Iudaei
1046 2631 1082 2692 in
1115 2628 1178 2693 Dei
1233 2628 1373 2712 valeant,
1404 2648 1520 2710 nempe
1542 2626 1597 2690 ubi
1621 2645 1680 2689 nos
1701 2623 1765 2687 Dei
1795 2621 1893 2688 verbo
1916 2624 2077 2706 regendos
2100 2624 2203 2689 tradi-

203 2711 412 2791 obsequium,
456 2711 542 2793 qnod
587 2713 748 2777 sanctiore
786 2713 914 2779 vinculo
936 2715 998 2779 sibi
1021 2715 1178 2780 devinxit.
1231 2735 1314 2788 mus,
1346 2736 1410 2778 non
1440 2734 1511 2778 esse
1539 2709 1669 2776 errandi
1698 2708 1889 2793 pericnlum,
1921 2710 1998 2790 quia
2029 2722 2119 2773 certo
2143 2709 2205 2774 hac

204 2795 310 2860 Porro
338 2795 398 2859 sub
429 2795 510 2878 legis
541 2798 675 2862 nomine
702 2818 767 2862 non
796 2812 924 2863 tantum
954 2800 1110 2884 intelligit
1132 2822 1180 2864 re·
1233 2802 1287 2865 via
1309 2799 1472 2864 Dominus
1500 2819 1575 2862 suos
1604 2795 1800 2860 insolutam
1830 2793 1950 2877 dirigit.
1995 2794 2147 2859 Eruditio
2168 2796 2204 2860 in

204 2879 316 2963 gulam
339 2882 423 2944 iuste
446 2881 580 2945 vivendi
604 2885 655 2947 vel
674 2884 784 2949 decem
805 2898 994 2967 praecepta:
1017 2886 1073 2950 sed
1092 2907 1179 2952 com·
1231 2886 1393 2968 sapientia
1415 2885 1547 2949 videtur
1568 2882 1695 2946 adiecta
1715 2901 1786 2946 esse
1809 2891 1966 2962 tanquam
1989 2881 2202 2946 instauratio·

205 2964 379 3048 prehendit
408 2980 512 3030 totum
543 2968 656 3034 foedus
686 2991 749 3053 quo
779 2970 871 3035 Deus
900 2972 1057 3055 populum
1085 2972 1178 3035 illum
1232 2973 1284 3037 nis
1306 2973 1435 3036 animae
1457 2969 1663 3054 principium.
1688 2965 1771 3031 Nam
1795 2987 1895 3048 quum
1919 2967 2203 3048 praestantissima

205 3051 372 3133 areliquo
395 3055 518 3117 mundo
540 3053 750 3120 distinxerat:
780 3078 818 3122 ac
841 3068 943 3121 totam
968 3057 1072 3123 hlosis
1101 3058 1177 3122 doo-
1232 3059 1360 3122 animae
1382 3058 1519 3123 facultas
1541 3057 1584 3118 sit
1606 3052 2053 3136 intelligentia,eamDavid
2072 3053 2206 3137 exlege

206 3137 339 3217 trinam,
400 3141 492 3204 ouius
554 3156 663 3223 partos
724 3142 842 3206 deinde
896 3158 1067 3208 enumerat
1120 3141 1180 3208 sub
1232 3142 1407 3226 petendam
1437 3141 1540 3215 docet.
1575 3140 1652 3223 quia
1685 3137 1877 3202 naturaliter
1908 3159 1947 3201 ea
1980 3137 2203 3203 destituimur.

208 3223 342 3290 vocibus
386 3226 573 3302 testimonii,
616 3241 823 3307 statutorum,
863 3240 896 3293 et
929 3230 1011 3295 aliis.
1065 3228 1180 3313 Neque
1233 3228 1346 3312 Neque
1375 3229 1462 3292 enim
1496 3226 1706 3310 parvulorum
1737 3224 1868 3288 nomine
1898 3242 1966 3288 una
1995 3239 2123 3289 tantum
2147 3224 2207 3289 ho·

206 3311 294 3375 enim
317 3309 423 3392 elogia
451 3312 541 3388 haee,
570 3316 687 3395 quibus
717 3314 822 3398 legem
852 3315 1069 3393 commendat,
1102 3314 1180 3380 solis
1232 3316 1358 3380 minum
1391 3313 1532 3397 speciem
1563 3311 1723 3394 designat,
1757 3329 1796 3374 ae
1824 3311 1852 3373 si
1881 3310 1937 3372 alii
1968 3330 2026 3391 per
2056 3330 2092 3375 ee
2121 3310 2205 3375 satis

206 3395 317 3461 decern
385 3397 566 3478 praeceptis
622 3402 829 3482 quadrarent,
892 3402 955 3465 nisi
1012 3402 1181 3467 accederet
1231 3411 1401 3483 saperent:
1431 3399 1487 3464 sed
1510 3398 1616 3482 primo
1643 3395 1805 3469 admonet,
1836 3393 1946 3461 nullos
1968 3408 2056 3460 recta
2078 3394 2205 3460 intelli·

206 3482 339 3562 adoptio
359 3483 513 3563 gratuita,
536 3494 570 3546 et
592 3505 674 3565 quae
696 3506 739 3549 ex
761 3506 800 3549 ea
828 3485 1014 3567 dependent
1042 3487 1180 3569 promis·
1272 3487 1342 3551 ntia
1360 3486 1525 3570 praeditos
1543 3505 1622 3562 esse,
1643 3481 1747 3547 donec
1764 3484 1798 3544 in
1819 3479 1890 3563 lege
1910 3480 1971 3545 Dei
1994 3480 2206 3563 profecerint

207 3568 330 3631 aiones:
366 3567 505 3649 denique
540 3582 645 3634 totum
679 3569 760 3634 illud
797 3569 963 3636 doctrinae
990 3593 1108 3655 eorpus
1137 3593 1178 3636 ex
1231 3508 1338 3638 §imni
1361 3573 1460 3637 etiam
1482 3569 1625 3636 ostendit
1647 3568 1759 3650 quales
1781 3564 1873 3630 Deus
1895 3565 2072 3647 discipulos
2094 3580 2208 3649 postu·

207 3672 272 3734 quo
315 3666 444 3717 constat
488 3675 565 3719 vera
611 3655 724 3739 religio
767 3669 801 3722 et
843 3659 957 3740 pietas.
1012 3657 1179 3737 Quantum
1231 3659 1291 3721 let:
1323 3678 1439 3740 nempe
1467 3657 1524 3739 qui
1553 3655 1749 3719 stulteeoant
1774 3651 1861 3733 apud
1891 3674 1936 3726 se,
1965 3668 1999 3715 et
2026 3653 2062 3717 in
2084 3673 2205 3736 puero·

205 3738 247 3803 ad
278 3759 373 3803 voces
403 3740 579 3820 hebraicas,
600 3742 673 3806 idco
695 3742 821 3808 curiose
842 3745 876 3806 in
898 3747 1055 3826 cuiusque
1077 3744 1179 3826 signi·
1230 3765 1303 3808 rum
1322 3742 1471 3807 ordinem
1489 3741 1697 3819 descendant,
1716 3759 1758 3803 ne
1770 3738 1927 3820 impediat
1945 3739 2066 3820 proprii
2086 3758 2207 3804 sensus

207 3826 359 3890 litatione
390 3825 546 3890 tradenda
576 3849 639 3892 non
669 3828 789 3912 laboro,
826 3831 901 3911 quia
930 3851 971 3894 ex
1000 3829 1074 3893 aliis
1102 3829 1179 3892 loois
1230 3829 1367 3894 altitudo
1409 3829 1582 3911 quominus
1618 3825 1681 3890 Dei
1717 3827 1819 3889 verbo
1844 3845 1880 3889 se
1915 3824 2045 3907 penitus
2082 3823 2207 3891 dociles

206 3910 358 3992 colligere
382 3928 566 3994 promptum
599 3926 650 3979 est
674 3915 839 3980 interdum
864 3914 1030 3980 confundi.
1074 3926 1179 4012 may
1229 3914 1376 3980 afferant.

230 3997 338 4059 uidem
360 4000 558 4079 generalitor
585 4022 642 4084 pro
671 4003 888 4067 conventione
916 4002 1083 4086 accipitur,
1114 4022 1179 4083 qna
1317 4000 1348 4067 8.
1371 3996 1512 4079 (Sfobtfo
1535 3993 1691 4081 leftoeoe.)
1720 3994 1917 4078 Quanquam
1940 3994 2022 4059 nihil
2046 3995 2109 4060 nisi
2131 3995 2206 4061 vul·

242 4101 308 4155 eus,
332 4083 386 4146 ubi
408 4103 444 4147 se
465 4084 500 4147 iu
524 4085 633 4151 Deum
664 4088 732 4151 fore
762 4088 926 4171 pollicitus
953 4100 1003 4152 est
1026 4085 1179 4152 Abrahae
1231 4107 1309 4171 gare
1342 4084 1449 4150 dicere
1483 4083 1622 4161 ridetur,
1658 4101 1759 4164 quum
1794 4093 1916 4146 statuta
1945 4080 2082 4145 Domini
2115 4091 2207 4146 reeta

207 4169 293 4243 tiliis,
324 4169 466 4232 vicissim
488 4172 529 4234 ab
554 4173 634 4254 ipsis
657 4173 753 4238 fidem
777 4186 809 4238 et
832 4172 1051 4238 obedientiam
1074 4172 1180 4256 etipu·
1231 4184 1341 4237 vocat:
1382 4169 1502 4252 siquis
1542 4181 1651 4232 tamen
1681 4167 1871 4231 antithesim
1901 4167 2084 4232 consideret
2115 4170 2207 4233 inter

208 4255 306 4318 latiur.
351 4253 413 4316 Est
444 4255 544 4335 igitur
574 4272 688 4323 mutua
716 4258 804 4322 inter
825 4257 934 4322 Deum
964 4271 997 4323 et
1022 4258 1178 4340 qiopulum
1231 4255 1461 4323 rectitudinem
1502 4254 1584 4337 legis
1624 4264 1658 4317 et
1694 4253 1857 4317 flexuosas
1897 4254 1968 4316 vias
2008 4251 2127 4335 quibus
2166 4274 2203 4319 ee

208 4341 322 4424 pactio.
368 4349 504 4447 Dtmpp
532 4362 615 4423 quae
644 4364 705 4425 ego
735 4344 815 4407 alios
854 4357 1009 4424 sequutus
1046 4344 1180 4408 Statuta
1231 4343 1408 4408 involvunt
1438 4342 1585 4405 homiues
1613 4338 1691 4403 dum
1715 4359 1847 4404 sensum
1871 4339 2037 4419 proprium
2060 4359 2205 4421 sequun-

208 4427 452 4506 verti,qu1dam
472 4428 511 4490 ud
531 4428 751 4492 caeremoniae
773 4429 986 4511 restringunt,
1005 4451 1070 4492 non
1094 4441 1179 4493 reete
1231 4443 1295 4507 tur,
1318 4429 1378 4494 hoe
1400 4427 1543 4509 elogium
1568 4447 1633 4488 nou
1653 4425 1747 4507 parvi
1766 4446 1837 4489 csse
1855 4426 2012 4488 momenti
2030 4424 2204 4508 intelliget.

207 4509 437 4601 (meoiudicio)
460 4515 513 4594 qui
536 4534 593 4594 pro
616 4514 729 4579 edictis
751 4515 786 4579 in
807 4535 927 4597 genero
946 4516 1064 4596 passim
1084 4513 1179 4578 video
1231 4512 1363 4580 Scimus
1396 4525 1595 4594 quantopere
1627 4512 1687 4575 sibi
1722 4511 1858 4591 quisquae
1890 4511 2038 4576 addictus
2077 4512 2132 4591 sit,
2171 4520 2206 4575 et

207 4600 320 4680 accipi.
365 4596 481 4679 Itaque
504 4612 601 4681 mm
630 4600 714 4681 qiud
743 4601 895 4683 proxime
923 4601 1079 4683 sequitur,
1112 4602 1178 4665 fere
1231 4621 1330 4682 quom
1364 4597 1497 4661 diftioile
1533 4597 1576 4660 sit
1609 4595 1709 4660 falsae
1746 4595 1940 4678 prudentiae
1969 4593 2204 4661 confidentiam

208 4704 429 4769 synonymum
469 4701 528 4749 est.
583 4689 633 4749 lle
672 4686 744 4750 aliis
786 4684 966 4749 videbimus
1005 4708 1063 4750 sui>
1099 4684 1178 4751 loeti.
1231 4707 1271 4749 ex
1296 4684 1415 4748 animis
1439 4683 1557 4747 nostris
1580 4682 1749 4746 revellere.
1786 4682 1981 4762 Emphatica
2003 4685 2105 4764 igitur
2126 4681 2204 4747 doo-

209 4773 323 4837 Prima
345 4770 425 4851 legis
447 4771 683 4836 commendatio
706 4783 764 4844 cst,
795 4770 880 4853 ‹pttod
909 4772 952 4833 sit
978 4772 1105 4853 integra
1129 4774 1178 4834 vol
1232 4772 1318 4833 trina
1357 4780 1416 4846 est,
1457 4768 1517 4831 rite
1558 4768 1654 4832 aliter
1693 4789 1758 4830 non
1800 4788 1891 4849 posse
1930 4768 2058 4831 institui
2099 4766 2203 4832 vitam

213 4859 373 4943 perfecta:
397 4858 569 4938 quoverbo
592 4857 755 4941 significat
780 4855 896 4929 lluvid,
919 4856 1032 4937 siquis
1053 4860 1085 4920 in
1111 4856 1181 4938 logo
1233 4856 1384 4924 hominis,
1418 4873 1513 4934 quarn
1545 4855 1571 4919 ei
1604 4854 1761 4917 formetur
1790 4853 1829 4916 ad
1858 4850 1921 4915 Dei
1958 4853 2073 4936 legem,
2106 4868 2204 4917 extra

209 4945 271 5009 Dei
303 4942 364 5006 rite
393 4944 435 5007 sit
462 4944 604 5015 edoctus,
641 4943 670 5007 ei
707 4941 747 5006 ad
780 4942 953 5023 perfactam
983 4944 1178 5023 stapiontiorn
1231 4962 1327 5021 quarn
1352 4958 1481 5021 seraper
1498 4941 1530 5003 in
1556 4941 1708 5002 tortuosis
1727 4939 1918 5020 ambagibus
1935 4954 2076 5002 erratur.
2098 4937 2204 5003 Addit

211 5029 292 5094 nihil
326 5027 445 5094 delore.
490 5029 647 5110 Quamvis
677 5028 765 5091 enirn
796 5028 941 5107 prol'anis
970 5030 1100 5109 scriptis
1124 5027 1179 5089 od·
1232 5024 1387 5102 antitodo,
1425 5031 1541 5089 stolato
1575 5024 1638 5090 Dei
1670 5023 1852 5089 exhilarare
1884 5044 1952 5088 eor:
1997 5025 2072 5106 quia
2112 5023 2205 5088 nulla
2297 5086 2306 5091 .

208 5134 323 5197 sporsa
356 5115 422 5177 sint
463 5136 560 5179 verae
593 5125 626 5178 et
664 5114 760 5178 utiles
789 5114 980 5183 seiritontiao,
1022 5127 1054 5176 ct
1091 5112 1180 5175 lleus
1231 5111 1368 5173 aliaest
1391 5108 1452 5173 ruisi
1476 5112 1578 5175 bonne
1601 5108 1945 5175 eonscientruesolida
1968 5110 2108 5174 laetitia:
2139 5130 2205 5191 qua

210 5203 352 5281 aliquam
372 5198 517 5264 iustitiae
536 5200 685 5265 :lotitiam
706 5197 1180 5273 indideritluruiiuuuiariirnis,
1232 5207 1311 5259 tune
1344 5193 1474 5259 <lonium
1507 5195 1660 5269 fruimur,
1698 5196 1751 5258 ubi
1787 5211 1876 5260 certo
1908 5216 2023 5259 sumus
2056 5197 2204 5277 persuasi

209 5289 289 5354 facit
308 5299 416 5349 tamen
435 5299 573 5351 naturae
589 5287 772 5369 corruptela
791 5304 832 5349 ne
851 5304 915 5367 :prta
934 5284 1180 5347 intorhominoe
1204 5280 1208 5331 ¹
1233 5280 1334 5346 vitatu
1370 5295 1513 5345 nostram
1544 5280 1616 5344 Deo
1646 5278 1781 5362 plaeere.
1835 5278 1922 5345 Vere
1952 5280 2085 5364 quidem
2114 5281 2205 5365 pacis
