4658 5856
239 342 302 410 571

241 528 359 595 factiva
381 525 541 609 loquutio:
564 546 602 591 aa
622 525 651 590 si
673 524 792 590 diecret
813 523 922 590 David
947 547 1011 590 non
1035 546 1115 609 opus
1138 545 1209 591 esse

174 687 178 694 ¹
242 615 338 698 longo
353 612 513 688 examine,
528 611 605 693 quia
620 610 726 694 palam
742 630 777 673 se
791 611 906 693 prodat
923 632 1036 678 eornm
1052 612 1207 694 iniquitas

241 703 275 764 in
298 700 430 783 linguae
452 698 624 781 protervia.
668 696 854 780 Peeoatum,
888 698 1004 779 inquit,
1028 698 1151 762 eminet
1172 697 1207 760 in

240 806 353 850 eorum
376 805 447 850 ore:
473 784 551 866 quia
572 780 677 866 plenis
700 783 809 847 buccis
832 783 1017 865 snperbiam
1039 795 1070 847 et
1092 781 1206 847 erude-

241 872 367 936 litatem
397 889 490 934 suam
513 880 677 934 evomunt.
722 869 832 951 Atque
862 869 950 934 huno
974 889 1109 934 sensum
1131 887 1206 933 oon·

240 959 350 1021 firmat
372 955 456 1038 quod
479 954 631 1021 continuo
653 961 727 1036 post
753 956 909 1036 sequitur,
939 954 1207 1038 deprebetdoutur

240 1044 276 1107 io
297 1041 446 1124 superbio
466 1062 537 1106 suc.
578 1039 662 1103 Nam
686 1039 809 1103 fontem
833 1040 1025 1105 insolentiae
1048 1040 1206 1123 designat,

240 1126 328 1210 quod
357 1141 424 1191 tam
454 1126 638 1209 petulanter
661 1136 694 1188 et
715 1127 786 1189 sine
808 1126 932 1210 pudore
959 1147 1020 1191 sus
1048 1125 1207 1209 magnilo-

241 1213 374 1297 quentia
399 1212 622 1294 opprimerent
644 1211 824 1275 innoxium.
870 1211 1064 1296 Specialiter
1090 1209 1207 1275 deinde

241 1298 382 1384 explicat
410 1296 571 1380 quomodo
598 1295 721 1362 seelera
749 1317 809 1361 sua
837 1317 894 1362 ore
924 1298 1122 1382 proferrent,
1152 1317 1206 1360 eos

241 1384 352 1450 dicens
373 1384 466 1448 corbo
484 1383 588 1464 sorec
604 1383 641 1446 de
658 1384 867 1449 eceeootiouo
883 1389 911 1448 et
926 1382 1097 1449 mendam
1131 1382 1207 1463 Quo

239 1470 341 1535 verbo
368 1469 546 1554 significat,
578 1468 659 1532 nihil
688 1480 818 1551 praeter
846 1468 933 1535 diras
962 1468 1207 1535 maledictiones

240 1575 382 1640 crepare,
405 1565 552 1637 totosque
574 1574 645 1619 esse
667 1551 813 1620 addictos
840 1555 1008 1621 fraudibus
1030 1565 1064 1618 et
1085 1554 1207 1619 calum·

239 1641 313 1706 niis.
354 1639 420 1722 Qui
438 1641 566 1723 passive
589 1639 753 1721 accipiunt
773 1639 912 1705 verbum
933 1657 1023 1726 550,
1046 1660 1083 1705 ac
1105 1642 1207 1704 inter·

238 1740 419 1810 protantur,
449 1725 489 1790 In
510 1724 696 1807 exemplum
727 1726 796 1791 lore
816 1726 981 1793 vindictae
1002 1725 1067 1790 Dei
1090 1726 1208 1808 impios

239 1814 358 1895 quibus
380 1824 486 1879 certas
508 1822 540 1875 et
558 1811 786 1877 memorabiles
808 1812 878 1878 eius
900 1822 996 1878 notas
1017 1811 1206 1897 insculpsit:

238 1898 370 1983 longius
391 1897 547 1962 videntur
568 1894 721 1962 recedere
743 1919 762 1962 a
783 1908 894 1964 ments
916 1898 1064 1965 Davidis.

326 2068 377 2132 14.
411 2066 573 2147 donatote,
600 2068 635 2131 io
661 2067 773 2149 furore
798 2087 949 2147 masam,
978 2073 1013 2133 ut
1039 2089 1102 2133 nort
1128 2067 1208 2133 siat:

240 2160 474 2238 deopttoroont
494 2154 576 2236 qaod
596 2151 686 2219 Dm
707 2153 886 2220 dominator
905 2154 948 2219 et't
968 2155 1005 2220 iu
1027 2153 1129 2234 Ioeob,
1156 2173 1209 2219 aa

239 2260 299 2324 que
326 2240 369 2304 od
394 2238 475 2320 fines
495 2247 605 2304 terroe.
650 2238 752 2305 Selebi.
806 2239 856 2305 15.
884 2239 928 2304 Et
949 2245 1137 2306 revertentur
1164 2240 1209 2305 od

1071 334 1285 403 PSALMUS
1311 336 1403 401 LIX.

2166 334 2229 400 572

1260 544 1360 607 aeque
1377 524 1421 589 od
1434 524 1559 590 ultimos
1574 525 1654 606 fiaes
1671 529 1772 589 terroe
1786 523 1889 588 Deum
1906 524 1942 589 itt
1953 521 2046 587 Iacob
2060 520 2228 586 dominari.

1260 610 1347 675 Nam
1370 611 1456 692 quod
1479 610 1535 674 alii
1557 609 1673 695 copula
1692 610 1885 693 interposita
1906 617 2084 692 exponunt,
2107 606 2155 672 Ut
2176 625 2227 670 eo·

1261 706 1423 780 gnosoant
1444 695 1553 760 Deum
1576 697 1611 760 in
1632 695 1731 762 Iacob
1759 710 1792 759 et
1817 694 1951 777 reliquis
1980 692 2095 757 mundi
2125 691 2228 775 plagis

1261 781 1438 846 dominari:
1472 781 1555 846 mihi
1585 802 1650 845 non
1681 783 1800 866 placet,
1831 802 1868 846 ao
1896 800 2030 846 sensum
2060 778 2226 860 pervertit

1261 868 1375 932 Potius
1393 867 1480 933 enim
1499 867 1697 949 exquisitum
1716 866 1866 950 supplicii
1883 886 1988 949 genus
2005 875 2097 929 notat
2107 861 2228 939 David,

1260 953 1352 1018 ouius
1370 955 1458 1018 lama
1475 953 1515 1017 ad
1528 952 1760 1017 remotissimas
1776 972 1903 1035 quoqne
1921 961 2034 1035 gentes
2048 950 2227 1033 perveniat,

1261 1049 1295 1104 et
1316 1040 1419 1105 caeeis
1447 1039 1528 1121 ipsis
1557 1058 1594 1103 ao
1618 1039 1763 1121 profanis
1793 1038 1978 1104 hominibus
2006 1037 2144 1100 incutiat
2165 1035 2228 1099 Dei

1262 1136 1394 1189 metum.
1449 1124 1650 1189 Nominatim
1684 1145 1763 1189 vero
1795 1125 1966 1207 imperium
2001 1121 2063 1185 Dei
2097 1119 2228 1204 agnosci

1261 1211 1332 1274 vult
1348 1212 1383 1274 in
1402 1210 1557 1276 ecclesiae
1575 1209 1823 1294 gubernatione:
1848 1209 1923 1291 quia
1937 1207 2032 1273 valde
2049 1205 2227 1273 absurdum

1259 1295 1366 1360 videri
1396 1305 1531 1379 poterat,
1561 1316 1614 1360 res
1635 1295 1704 1361 illio
1726 1306 1792 1360 tam
1824 1295 1974 1360 confusas
1996 1314 2065 1359 esse
2089 1292 2146 1357 ubi
2167 1292 2227 1356 sibi

1259 1382 1352 1446 Deus
1383 1393 1532 1447 erexerat
1561 1381 1689 1464 regium
1719 1382 1854 1461 solium,
1884 1390 1920 1444 ut
1949 1381 2128 1445 sacrarium
2159 1379 2228 1442 eius

1260 1467 1344 1531 nihil
1368 1487 1388 1530 a
1406 1487 1547 1533 caverna
1569 1467 1736 1531 latronum
1758 1466 1914 1532 differret.

1348 1553 1397 1618 15.
1431 1552 1488 1637 (Et
1513 1552 1722 1638 revertentur.)
1773 1552 1845 1617 Non
1875 1553 1921 1615 ita
1954 1549 2094 1615 multum
2129 1550 2228 1612 refert

1260 1640 1330 1704 sivo
1359 1641 1393 1702 in
1422 1639 1533 1703 futuro
1562 1648 1708 1721 tempore
1739 1640 1885 1722 legamus
1915 1636 1996 1701 haeo
2018 1637 2131 1711 verba,
2161 1635 2230 1698 sive

1260 1725 1464 1790 resolvamus
1493 1725 1525 1787 in
1556 1730 1686 1807 tempus
1716 1725 1913 1808 optativum,
1943 1733 1981 1810 pt
2009 1721 2229 1802 precationem

1261 1832 1355 1876 suam
1376 1809 1544 1874 continuet
1566 1809 1684 1874 David.
1721 1809 1916 1891 Quanquam
1940 1807 2078 1872 libenter
2099 1809 2134 1869 in
2157 1824 2230 1870 eam

1261 1895 1460 1962 sententiam
1477 1895 1610 1969 inclino,
1632 1907 1803 1978 postquam
1820 1893 1929 1958 David
1944 1893 2027 1958 votis
2045 1891 2112 1956 suis
2130 1893 2230 1957 finem

1260 1981 1433 2067 imposuit,
1472 2002 1560 2047 nuno
1598 2003 1688 2062 spem
1722 1982 1893 2064 concipere
1926 1980 2028 2044 felicis
2060 1996 2230 2042 successus

1260 2088 1357 2151 quem
1379 2076 1556 2152 optaverat.
1602 2068 1663 2132 list
1684 2080 1792 2132 autem
1814 2067 1974 2131 concinna
1995 2063 2111 2129 allusio
2134 2062 2175 2127 ad
2197 2062 2230 2126 id

1261 2153 1347 2239 quod
1371 2154 1461 2235 prius
1482 2152 1611 2216 dixerat
1633 2152 1672 2217 de
1695 2153 1824 2218 rabiosa
1846 2172 1957 2217 eorum
1979 2151 2073 2215 ieme
2117 2148 2229 2230 Neque

1260 2243 1347 2305 enim
1378 2259 1466 2304 nuno
1498 2237 1611 2303 eodem
1645 2259 1743 2303 sensu
1772 2236 1871 2302 verba
1901 2237 2017 2321 quibus
2048 2247 2124 2298 ante
2153 2255 2230 2298 usus

238 2345 418 2409 vesperam:
450 2324 606 2390 brtroburt
633 2330 669 2389 at
695 2325 800 2409 maia,
833 2332 861 2390 et
888 2325 1061 2392 cboubbuat
1089 2325 1206 2391 orbern.
1259 2329 1368 2392 fuerat
1395 2325 1522 2406 repetit,
1553 2323 1609 2389 sed
1632 2325 1755 2388 ironice
1777 2325 1856 2390 dioit
1877 2324 1940 2388 alio
1962 2320 2057 2389 modo
2086 2318 2158 2384 fore
2182 2321 2228 2384 ia·

241 2413 290 2477 16.
314 2410 387 2493 lpei
403 2410 599 2495 vocobuotur
615 2411 659 2475 od
675 2412 906 2478 comedotdarm
925 2413 957 2478 ai
973 2432 1035 2477 coo
1050 2410 1207 2496 fuerim)
1261 2411 1402 2485 melicos,
1432 2420 1465 2473 at
1487 2410 1583 2474 aliter
1604 2431 1703 2492 quam
1732 2420 1919 2493 sperassent
1943 2408 2023 2491 ipsis
2052 2426 2227 2472 cessurum.

239 2497 386 2573 rotardi,
416 2498 508 2562 etiem
532 2497 761 2578 pernoctabant.
806 2498 856 2562 17.
886 2495 956 2582 qu
983 2517 1054 2562 uero
1080 2498 1208 2562 canobo
1260 2497 1358 2563 Prius
1380 2506 1575 2578 conquestus
1597 2504 1656 2574 est,
1685 2497 1787 2561 instar
1808 2516 1927 2561 canum
1951 2494 2082 2570 latrare,
2112 2512 2228 2575 nempe

237 2582 453 2666 fortitudinem
481 2587 581 2655 mom,
612 2582 747 2647 bradobo
775 2603 866 2648 moue
891 2582 1079 2648 domentiam
1107 2588 1209 2647 tuom:
1261 2583 1337 2666 qnia
1364 2603 1419 2646 eos
1446 2580 1564 2664 agebat
1598 2582 1803 2663 inexplebilis
1828 2581 1974 2647 'nocendi
2007 2577 2169 2662 cupiditas
2198 2590 2229 2642 et

238 2670 316 2750 quio
335 2669 432 2750 fuisti
453 2687 513 2732 oro
534 2665 623 2744 mibi,
643 2672 670 2732 et
690 2667 848 2752 refeqium
870 2668 906 2732 iu
927 2669 977 2733 die
998 2667 1209 2733 tribulationis
1261 2672 1368 2734 furor:
1397 2687 1486 2731 nuno
1507 2687 1585 2731 vero
1606 2666 1770 2751 improbos
1791 2688 1904 2733 eorum
1925 2678 2063 2733 conatus
2092 2664 2228 2729 subsan-

238 2774 335 2820 meoe.
384 2752 431 2818 18.
455 2751 619 2816 Fortitudo
638 2772 709 2817 meo
729 2753 773 2817 od
793 2758 831 2833 te,
848 2753 1007 2834 psaltem:
1027 2754 1105 2835 qat'o
1119 2754 1210 2819 Deus
1262 2775 1354 2831 nans,
1383 2753 1472 2832 dicit,
1501 2752 1557 2819 ubi
1579 2752 1759 2836 satagendo
1787 2775 1821 2818 se
1843 2763 1913 2819 toto
1935 2753 1987 2818 die
2009 2751 2227 2833 fatigaverint,

240 2859 303 2904 arx
323 2859 401 2915 meo,
424 2836 514 2903 Deos
533 2837 710 2904 demerem
729 2858 823 2904 mooe.
1261 2842 1455 2905 frustratum
1484 2839 1526 2902 iri
1554 2839 1623 2903 suis
1652 2841 1745 2904 votis.
1789 2839 1903 2923 Itaque
1932 2836 2093 2922 superiori
2122 2836 2227 2916 queri·

1261 2927 1391 2990 moniae
1412 2925 1588 3006 opponitur
1610 2924 1690 2990 haec
1712 2925 1888 3007 gratulatio
1910 2924 1950 2990 de
1972 2926 2067 2990 irrita
2088 2936 2122 2986 et
2141 2924 2227 2987 inani

330 3008 379 3073 14.
413 3006 604 3093 (Gooaomc.)
653 3007 796 3074 Videtur
828 3009 891 3075 sibi
923 3013 1106 3076 contrarius
1139 3031 1209 3076 esse
1261 3032 1373 3077 eorum
1417 3009 1597 3094 diligentia.
1636 3010 1676 3074 In
1699 3012 1764 3076 fine
1782 3031 1895 3076 versus
1908 3013 1958 3090 16,
1977 3009 2109 3093 quidam
2129 3011 2227 3092 parti·

241 3094 368 3174 David,
401 3093 480 3157 dum
510 3114 598 3160 nuno
628 3094 779 3160 ultimum
808 3097 977 3161 interitum
1011 3097 1210 3179 imprecatur
1262 3097 1368 3163 culam
1387 3075 1440 3183 qu)
1460 3109 1516 3181 02<
1546 3095 1607 3161 hoc
1632 3108 1692 3174 eat,
1721 3097 1850 3176 sinon,
1880 3098 1995 3161 volunt
2017 3097 2228 3160 iurisiurandi

241 3181 412 3262 hostibus,
451 3199 533 3260 quos
570 3180 660 3263 prius
696 3182 827 3246 nolebat
863 3192 930 3246 tem
963 3183 1027 3248 cito
1058 3184 1208 3249 interfici.
1261 3204 1332 3249 esse
1353 3184 1538 3248 formulam.
1572 3179 1637 3248 Sed
1656 3182 1733 3266 quia
1751 3182 1848 3249 nimis
1870 3182 2032 3248 subtiliter
2053 3180 2228 3247 deflectunt

241 3265 408 3348 Quorsum
438 3265 525 3328 enim
554 3268 759 3348 consumptio
787 3269 822 3331 in
846 3269 971 3346 furore,
1001 3269 1065 3333 nisi
1093 3279 1129 3333 ut
1158 3289 1209 3333 re·
1262 3269 1441 3352 prophetae
1469 3267 1580 3346 verba,
1610 3288 1722 3332 eorum
1752 3281 1935 3334 commento
1964 3287 2030 3334 non
2060 3270 2228 3333 assentior.

241 3361 338 3435 pente
360 3351 454 3413 tollat
476 3372 494 3413 e
516 3350 622 3416 medio
645 3351 735 3415 Deus
764 3354 819 3435 qui
841 3351 997 3436 perdendi
1027 3368 1113 3432 sunt,
1143 3376 1208 3419 non
1262 3354 1329 3420 Alii
1352 3354 1467 3419 volunt
1496 3353 1545 3418 bis
1571 3354 1673 3436 repeti
1701 3354 1925 3437 negationem,
1957 3353 2082 3420 Sinon
2108 3356 2229 3421 fuerint

242 3447 350 3501 antem
373 3435 552 3501 mediocres
574 3436 628 3501 vel
649 3436 761 3503 tardas
783 3437 823 3502 de
844 3438 912 3503 illis
933 3460 1054 3522 poenas
1076 3439 1207 3505 sumat?
1261 3440 1417 3517 saturati,
1459 3458 1564 3522 neque
1602 3439 1851 3522 pernoctabunt
1906 3439 1973 3506 Sed
2005 3437 2069 3504 hoo
2102 3462 2228 3525 quoque

243 3520 310 3588 Sed
334 3542 398 3585 non
422 3519 556 3585 dubium
579 3531 629 3587 est
649 3522 728 3604 quin
754 3522 920 3589 diversum
950 3535 1079 3608 tempus
1109 3534 1208 3604 notet,
1262 3527 1392 3591 videtur
1421 3539 1583 3589 remotum
1610 3546 1690 3591 esse.
1736 3523 1886 3609 Simplex
1908 3547 1987 3591 voro
2010 3537 2044 3589 et
2066 3530 2228 3610 genuinus

243 3619 341 3690 atque
362 3608 410 3670 ita
431 3606 526 3672 facile
548 3606 676 3672 tollitur
705 3606 889 3692 dissidium,
921 3609 1006 3692 quod
1033 3611 1068 3674 in
1098 3631 1209 3676 exem·
1262 3633 1378 3677 sensus
1400 3623 1516 3694 sponte
1539 3612 1688 3688 occurrit,
1719 3609 1880 3690 Quamvis
1901 3632 1967 3677 non
1989 3612 2114 3677 inerint
2141 3630 2227 3681 satu·

241 3694 333 3776 plum
357 3692 412 3756 diu
431 3692 624 3775 propositos,
647 3693 780 3759 tandem
802 3694 915 3759 ultimo
938 3695 1039 3761 exitio
1061 3695 1209 3774 devovet,
1263 3698 1335 3774 rati,
1364 3706 1523 3780 cogentur
1551 3709 1660 3762 tomen
1689 3697 1736 3760 ire
1762 3698 1922 3776 cubitum,
1951 3709 2049 3780 atque
2080 3699 2144 3765 hae
2171 3701 2230 3765 cir·

242 3780 298 3844 ubi
330 3777 454 3843 scilieet
486 3788 652 3843 maturum
687 3777 858 3844 advenerit
890 3790 1028 3866 tempus.
1081 3781 1210 3848 Scimus
1263 3782 1460 3848 eumstantia
1498 3783 1602 3867 magis
1640 3795 1780 3866 augetur
1813 3783 1940 3848 inediae
1979 3798 2014 3848 et
2043 3785 2142 3849 famis
2179 3787 2227 3849 in·

240 3863 494 3946 imperatoribus
526 3864 685 3929 Romanis
718 3865 852 3931 solenne
884 3867 1000 3947 luisse,
1037 3879 1209 3951 postquam
1262 3868 1491 3944 commoditas,
1524 3868 1608 3950 quod
1641 3867 1697 3933 ubi
1731 3871 1801 3933 sine
1833 3871 1977 3950 prosectu
2010 3882 2114 3934 totum
2145 3871 2227 3937 diem

242 3950 388 4032 captivos
409 3948 451 4014 ad
472 3948 558 4014 diom
580 3949 740 4032 triumphi
762 3960 911 4018 servatos
932 3974 989 4036 por
1010 3953 1125 4018 urbem
1147 3954 1210 4019 eir·
1262 3951 1477 4020 mendicando
1499 3954 1771 4036 consumpserint,
1796 3956 1872 4019 lessi
1895 3965 2006 4019 tamen
2028 3955 2174 4022 ieiunum
2197 3968 2229 4022 et

242 4032 491 4112 oumduxerant,
519 4034 575 4099 ubi
596 4035 632 4099 in
656 4034 855 4120 Capitolium
877 4049 1010 4103 ventum
1034 4046 1114 4115 erat,
1136 4039 1210 4104 illos
1263 4059 1403 4107 vacuum
1428 4054 1574 4104 ventrem
1599 4041 1774 4103 inlectam
1798 4041 1947 4105 afferant.

243 4117 371 4209 tradere
393 4121 427 4184 in
450 4138 567 4185 manus
590 4118 751 4205 lictorum,
778 4125 947 4189 utstatim
971 4124 1208 4207 iugularentur.
1349 4125 1399 4190 17.
1431 4123 1518 4207 (qu
1546 4145 1617 4190 cero
1645 4124 1800 4210 coctobo.)
1847 4126 1921 4191 Non
1951 4126 2045 4191 modo
2074 4127 2230 4212 intelligit

245 4205 301 4272 Sic
325 4226 411 4270 nuno
432 4214 586 4289 precatur
603 4205 725 4285 David,
746 4207 801 4272 ubi
820 4209 911 4274 Deus
932 4210 1049 4293 impios
1070 4209 1111 4275 ad
1129 4221 1211 4276 tem-
1262 4210 1314 4276 his
1337 4210 1445 4275 verbis
1473 4209 1535 4275 sibi
1565 4210 1634 4274 lore
1655 4211 1792 4274 canendi
1816 4213 1997 4289 materiam,
2027 4212 2085 4278 sod
2107 4214 2173 4277 iam
2196 4235 2230 4279 se

243 4312 305 4375 pus
324 4290 515 4373 superstites
543 4292 728 4375 reliquerit,
760 4294 860 4359 donee
885 4294 1044 4361 celebrem
1067 4295 1211 4379 deipsis
1262 4297 1303 4361 ad
1327 4299 1506 4380 gratiarum
1537 4296 1696 4360 actionem
1720 4297 1870 4382 accingit.
1914 4302 1964 4363 Ao
1986 4298 2091 4381 primo
2112 4299 2229 4365 libere·

243 4376 448 4459 triumphnm
477 4385 598 4461 ageret,
626 4378 759 4443 tandem
781 4380 814 4443 in
839 4380 975 4444 exitium
999 4381 1093 4446 tradi.
1138 4381 1209 4447 Iam
1264 4383 1384 4447 tionem
1415 4402 1507 4446 suam
1537 4383 1659 4445 latetur
1680 4383 1892 4464 magnifieum
1922 4384 1990 4449 iore
2012 4383 2145 4450 virtutis
2167 4384 2230 4450 Dei

244 4462 324 4528 haee
353 4460 418 4527 duo
448 4462 534 4526 inter
557 4482 592 4526 so
614 4464 736 4545 optime
765 4465 974 4541 conveniunt,
1005 4466 1124 4531 iudicia
1146 4467 1209 4533 Dei
1263 4488 1355 4550 opus,
1377 4464 1494 4531 deinde
1516 4470 1696 4551 gratuitum
1719 4468 1919 4534 beneficium.
1952 4469 2077 4535 Verum
2099 4470 2229 4553 quidem

244 4548 337 4614 nobis
365 4547 468 4612 statui
497 4554 574 4611 ante
595 4548 705 4614 oculos
733 4550 832 4634 longo
865 4551 1020 4634 temporis
1049 4574 1211 4633 successu,
1265 4564 1326 4632 est,
1355 4551 1520 4616 Davidem
1548 4553 1620 4618 sine
1649 4555 1786 4637 strepitu
1814 4554 1927 4619 furtim
1956 4555 2069 4620 uxoris
2097 4556 2230 4622 solertia

243 4656 285 4700 ne
314 4632 442 4698 excidet
469 4653 583 4699 eornm
617 4633 812 4700 recordatio:
845 4647 878 4700 et
905 4648 1014 4702 tamen
1047 4638 1100 4702 ubi
1132 4639 1212 4704 satis
1264 4654 1343 4704 tunc
1372 4638 1517 4718 elapsum
1544 4658 1615 4703 esse
1636 4659 1677 4703 ex
1699 4637 1842 4704 hostium
1871 4640 2039 4707 manibus:
2068 4640 2126 4707 sed
2155 4643 2230 4724 qnia

244 4718 378 4784 edoctus
400 4720 500 4783 luerit
521 4719 673 4797 mundus,
696 4720 824 4785 infenso
842 4731 874 4786 et
889 4721 1110 4789 adversoDeo
1129 4723 1212 4789 nihil
1236 4768 1239 4785 .
1264 4723 1326 4790 hoc
1355 4731 1587 4805 stratagemate
1615 4724 1713 4788 elusit
1735 4726 1824 4791 Deus
1853 4737 2044 4808 apparatum
2067 4738 2101 4791 et
2123 4729 2230 4811 copiae

244 4805 391 4887 reprobis
420 4825 589 4886 superesse
617 4818 747 4887 praeter
777 4807 899 4871 lentam
927 4809 1051 4887 tabem,
1085 4818 1212 4874 mature
1236 4794 1240 4907 l
1266 4808 1385 4890 Saulis,
1404 4809 1521 4871 merito
1540 4809 1657 4875 dicitur
1675 4812 1856 4877 exseruisse
1875 4814 1974 4877 robur
1988 4833 2094 4877 suum.
2117 4812 2231 4895 Quan-

243 4899 324 4955 tuno
347 4889 388 4954 ad
407 4911 502 4955 suum
524 4891 663 4956 exitium
685 4890 812 4973 deduci,
834 4913 899 4975 quo
920 4893 1037 4959 melius
1059 4915 1213 4978 expergs-
1265 4916 1364 4979 quam
1385 4892 1494 4957 David
1522 4895 1671 4978 exemplo
1695 4917 1759 4959 uno
1781 4897 1978 4976 admonitus,
2007 4897 2138 4964 videtur
2160 4901 2230 4964 lon·

243 4977 341 5041 iaciat
364 4975 428 5040 tale
450 4977 668 5059 spectaculum
690 4978 801 5062 pigras
820 4989 944 5043 mentes
963 4979 1016 5043 vel
1036 4980 1213 5047 levioribus
1264 4981 1338 5065 gius
1371 4978 1568 5060 respexisse,
1607 4995 1703 5063 atque
1734 4981 1781 5045 ita
1811 4983 2000 5067 complexus
2037 5005 2109 5051 esee
2140 4986 2231 5051 varic

243 5061 358 5143 poenis
381 5060 489 5127 minus
512 5072 666 5129 attentas.
711 5063 788 5129 Ideo
811 5064 950 5142 subiicit,
979 5070 1014 5129 ut
1035 5071 1214 5149 rogabam
1238 5095 1241 5105 ·
1265 5063 1388 5131 auxilia
1410 5084 1491 5145 quae
1513 5064 1651 5130 subinde
1673 5075 1828 5149 expertus
1849 5079 1908 5134 est.

1352 5149 1402 5213 18.
1424 5147 1603 5233 (Fortitudo
1624 5173 1692 5217 mec
1709 5153 1752 5218 od
1772 5153 1823 5239 te.)
1865 5154 1997 5220 Clarius
2019 5155 2177 5238 exprimit
2196 5178 2230 5221 se

332 5249 361 5317 ·)
377 5248 432 5303 s’ils
451 5264 484 5304 ne
503 5257 574 5312 sont,
591 5264 744 5321 rampe.-
762 5267 796 5306 on
814 5250 937 5306 cambion
956 5250 1035 5319 qn'ils
1053 5268 1087 5307 ne
1104 5258 1211 5321 covent.
1266 5246 1432 5316 acceptum
1456 5234 1528 5302 Deo
1550 5237 1634 5303 ferre
1656 5238 1742 5321 quod
1764 5240 1957 5308 salvasset
1992 5241 2077 5307 Nam
2099 5242 2231 5309 virtutis
