4658 5856
124 329 187 393 401
912 322 993 390 Pss
1001 325 1127 392 LMUS
1144 326 1311 392 XXXIX.
2047 323 2110 388 402

124 514 243 581 melius
265 523 400 598 apparet
424 512 509 596 quod
538 515 628 597 prius
657 513 826 597 admonui,
856 514 1026 578 Psalmum
1048 533 1092 577 ex
1141 534 1175 580 se
1197 513 1349 596 obiurgat
1360 512 1480 592 David,
1501 514 1586 600 qnod
1598 536 1662 580 non
1675 514 1819 579 tenuerit
1841 513 2006 578 silentium
2018 511 2109 591 illud,

125 599 277 684 precibus
297 610 384 665 recte
404 599 563 664 ordinatis
586 612 618 664 et
640 621 680 665 ex
691 598 940 665 inconsideratis
952 598 1091 681 querelis
1115 551 1119 655 i
1141 598 1227 682 quod
1249 611 1325 664 ante
1347 598 1488 666 vidimus
1513 601 1632 667 doloris
1644 599 1852 666 vehementia
1873 599 1972 664 fuisse
1995 598 2110 681 abrup-

125 707 196 752 esse
218 687 442 768 compositum.
487 685 566 749 Dixi
590 696 697 750 autem
721 684 883 750 Davidem
913 685 966 750 bio
987 685 1091 750 lacere
1115 658 1119 711 ι
1143 695 1222 750 tum.
1267 685 1356 768 Ergo
1377 684 1461 767 quod
1484 708 1518 753 se
1545 686 1745 752 obmutuisse
1767 684 1863 762 dicit,
1894 704 1959 749 non
1990 704 2109 767 aequa-

125 773 253 837 initium
277 771 340 836 rite
362 769 524 854 precandi.
558 769 650 836 Idem
669 770 835 835 interdum
854 771 1002 835 sentiunt
1018 789 1092 852 pro·
1143 768 1216 835 bilis
1249 778 1282 834 st
1314 781 1489 853 perpetuae
1521 772 1750 837 moderationis
1783 770 1923 852 elogium
1957 777 2023 845 est,
2053 768 2109 834 sed

125 856 353 922 lanibomines
375 855 459 939 quod
472 858 541 939 ipse
564 856 730 923 confessus
752 866 816 920 est:
840 855 975 922 sednon
998 874 1091 919 eous·
1143 856 1216 920 vitii
1238 857 1410 934 correctio,
1442 878 1479 924 ac
1507 860 1534 922 si
1556 857 1790 940 impatientiam
1821 875 1914 920 suam
1936 855 2108 939 castigans,

126 964 191 1024 que
211 962 266 1007 eos
287 940 418 1008 adducit
439 943 590 1025 propriae
613 942 766 1008 vanitatis
796 941 927 1019 notitia,
958 948 994 1005 ut
1015 938 1091 1003 soli·
1144 942 1188 1006 ita
1202 961 1311 1006 secum
1327 941 1589 1023 loquutusforet:
1610 942 1698 1023 Quid
1721 940 1822 1006 facis?
1847 960 1922 1004 nam
1944 940 2109 1004 silentium

125 1028 202 1093 dam
224 1027 380 1095 fulturam
401 1026 519 1092 inDeo
541 1036 713 1110 quaerant:
730 1028 795 1092 imo
815 1047 850 1092 se
867 1027 956 1109 ipsos
978 1034 1092 1107 sponte
1144 1027 1203 1091 tibi
1235 1026 1440 1093 iniunxeras:
1473 1050 1560 1094 nunc
1595 1038 1703 1092 autem
1736 1027 1963 1092 obmurmurss
1992 1034 2025 1089 et
2054 1024 2109 1089 ob-

126 1112 354 1196 stupefaciant,
387 1122 424 1177 nt
445 1113 588 1178 suaviter
614 1111 776 1177 dormiant
798 1113 832 1176 in
854 1133 916 1177 sua
936 1112 1090 1176 vanitate.
1144 1113 1260 1194 strepis
1282 1112 1362 1190 Deo,
1384 1113 1460 1196 quid
1484 1124 1593 1179 autem
1617 1113 1679 1178 hae
1701 1120 1757 1176 tua
1780 1110 1915 1176 audacia
1936 1108 2108 1192 proficies?

127 1199 300 1265 Caeterum
323 1196 485 1264 discamus
507 1218 548 1263 ex
570 1198 631 1264 hoc
653 1197 731 1273 leco,
759 1198 921 1263 neminem
944 1197 1028 1262 serio
1051 1194 1092 1261 ad
1144 1197 1299 1263 Continet
1327 1207 1436 1264 autem
1468 1201 1520 1265 hie
1548 1200 1638 1265 locus
1660 1196 1754 1263 valde
1778 1197 1891 1261 utilem
1914 1193 2109 1261 doctrinam:

126 1283 236 1349 Deum
260 1284 428 1366 respicere,
451 1292 489 1346 ut
510 1284 550 1350 ab
572 1284 642 1366 ipso
661 1282 800 1365 pendeat
817 1283 870 1346 vel
889 1303 979 1364 spem
1001 1282 1035 1346 in
1055 1301 1092 1347 eo
1144 1283 1221 1365 quia
1242 1282 1325 1347 nihil
1347 1284 1387 1348 ad
1410 1283 1658 1368 compescendos
1688 1283 1807 1348 doloris
1835 1282 1978 1364 impetus
2003 1281 2109 1363 aptius

128 1369 267 1453 defigat,
306 1368 407 1433 donec
446 1388 524 1433 suae
562 1369 750 1453 fragilitatis
782 1368 951 1434 convictus
983 1367 1091 1445 fuerit,
1144 1376 1194 1433 est
1215 1387 1311 1450 quam
1334 1370 1390 1435 ubi
1413 1371 1506 1436 nobis
1527 1371 1561 1434 in
1584 1378 1726 1434 mentem
1744 1367 1845 1444 venit,
1869 1388 1935 1430 non
1957 1387 2031 1432 cum
2054 1365 2111 1430 ho·
2229 1368 2238 1391 '

127 1454 271 1537 adeoque
293 1455 329 1518 in
352 1452 493 1518 nihilum
516 1454 676 1520 redactus.
715 1453 849 1518 Pondus
872 1453 958 1518 enim
982 1454 1093 1518 subest
1143 1454 1231 1519 mine
1248 1455 1387 1533 mortali,
1410 1456 1466 1521 sed
1484 1477 1558 1523 eum
1575 1455 1647 1520 Deo
1667 1452 1926 1535 essenegotium‚
1949 1453 2003 1534 qui
2026 1471 2109 1516 sem·

127 1542 161 1605 in
183 1539 337 1606 adverbio
358 1558 456 1617 nuuc,
484 1540 571 1604 acsi
594 1539 744 1618 dixisset,
773 1561 814 1604 ex
836 1537 1002 1603 blanditiis
1023 1537 1091 1620 qui·
1144 1558 1201 1621 per
1222 1539 1379 1604 iustitiam
1401 1561 1494 1606 suam
1516 1549 1629 1608 contra
1650 1558 1762 1604 omnes
1780 1541 1984 1619 obstreperos
2006 1536 2109 1601 homi·

127 1625 187 1692 bus
220 1627 345 1708 sopitae
377 1623 549 1689 hominum
588 1635 715 1690 mentes
747 1632 917 1704 tenentur,
959 1644 994 1689 se
1026 1623 1091 1686 iam
1144 1645 1222 1689 num
1245 1646 1403 1706 susurros,
1424 1627 1490 1692 imo
1511 1634 1623 1692 contm
1644 1626 1776 1690 insanos
1799 1623 1955 1689 clamores
1976 1632 2108 1687 asseret.

127 1711 400 1795 expergefactum.
433 1709 500 1775 Sed
522 1709 610 1774 ultra
624 1710 685 1776 hoc
706 1708 928 1775 rudimentum
939 1706 1093 1792 progredi
1143 1709 1240 1775 Unde
1273 1711 1359 1776 enim
1398 1714 1437 1777 fit
1468 1723 1504 1776 ut
1535 1713 1570 1776 in
1610 1719 1734 1776 tantam
1768 1709 2003 1791 impatientiam
2037 1716 2111 1770 ruat

128 1815 259 1862 neeesse
288 1807 354 1860 est:
388 1794 465 1878 qnia
497 1815 562 1860 non
596 1796 676 1860 satis
705 1804 755 1860 est
785 1793 909 1877 trepide
938 1813 1092 1877 quaerere
1145 1796 1247 1860 maior
1268 1796 1542 1880 parsbominum,
1565 1797 1627 1862 nisi
1651 1798 1811 1880 quianon
1834 1802 1962 1876 reputat
1984 1812 2111 1856 secum

128 1882 204 1964 qnid
225 1882 320 1948 nobis
341 1879 504 1963 agendum
534 1881 593 1957 sit,
623 1881 686 1945 nisi
715 1890 862 1945 occurrat
887 1881 980 1953 nobis
1002 1881 1093 1944 Deus
1145 1882 1217 1945 Deo
1238 1880 1362 1946 rixari?
1400 1883 1489 1967 Ergo
1514 1882 1591 1948 dum
1621 1881 1674 1945 alii
1702 1883 1737 1945 in
1764 1881 1927 1946 fortunam
1952 1877 2111 1954 reficiunt,

127 1969 162 2032 in
183 1987 282 2049 quem
312 1966 481 2031 recumbat
512 1976 623 2032 nostra
652 1966 861 2049 exspectatio.
905 1965 992 2046 Quia
1016 1983 1093 2046 ergo
1145 1966 1201 2031 alii
1222 1967 1257 2030 in
1280 1967 1429 2034 homines
1449 1966 1606 2051 quidquid
1627 1967 1706 2032 mali
1727 1965 1895 2043 acciderit,
1928 1963 1983 2029 alii
2004 1962 2111 2027 varias

110 2053 270 2135 ,prolenis
291 2050 478 2116 hominibus
507 2050 590 2116 nihil
612 2051 745 2135 prodest
771 2051 811 2115 de
840 2070 899 2116 suo
918 2050 1019 2115 nihilo
1049 2052 1094 2113 ita
1146 2071 1258 2116 causas
1280 2052 1342 2118 sibi
1364 2054 1510 2137 fingunt,
1540 2055 1599 2118 vix
1622 2061 1730 2117 autem
1758 2050 1954 2117 centesimus
1976 2048 2112 2130 quisque

127 2137 296 2213 convinci,
326 2147 362 2201 ut
384 2137 550 2201 tamenin
579 2157 616 2201 eo
638 2136 830 2201 subsistant:
862 2135 1024 2202 discamus
1053 2134 1094 2199 ad
1146 2137 1293 2214 agnoscit
1314 2136 1378 2203 Dei
1400 2158 1548 2205 manum:
1572 2138 1672 2203 libere
1695 2136 1755 2204 sibi
1777 2138 1812 2201 in
1834 2134 2045 2218 querimoniis
2064 2133 2112 2196 in-

127 2223 316 2288 ulteriorem
338 2241 548 2306 progressum
570 2222 660 2300 eniti,
684 2222 824 2287 utDeus
846 2242 905 2286 nos
927 2222 1095 2285 exanimes
1147 2221 1291 2306 dulgent.
1324 2223 1448 2290 Contra
1459 2222 1580 2306 David,
1603 2232 1639 2288 nt
1660 2242 1778 2306 pravos
1800 2241 1912 2286 omnes
1934 2228 1967 2284 st
1979 2219 2112 2284 vitiosos

129 2310 281 2386 vivificet,
304 2309 398 2375 sicuti
419 2307 586 2389 proprium
609 2327 728 2372 monus
750 2309 819 2373 cius
842 2315 906 2385 est,
929 2327 970 2370 ex
992 2306 1094 2371 nihilo
1146 2327 1299 2374 excessus
1321 2309 1485 2389 cohibeat,
1512 2331 1547 2375 se
1569 2308 1610 2374 ad
1633 2307 1741 2372 Deum
1764 2306 1940 2374 convertit:
1975 2311 2009 2369 et
2037 2303 2112 2386 quia

129 2395 240 2458 omnia
261 2413 389 2460 creare:
412 2393 489 2474 quia
511 2403 588 2459 tunc
606 2392 702 2458 bomo
724 2393 851 2457 vanitas
874 2412 944 2457 esse
966 2391 1094 2469 desinit,
1148 2393 1187 2457 ab
1210 2412 1248 2457 eo
1270 2393 1451 2476 profectum
1472 2396 1516 2461 sit
1537 2394 1622 2477 quod
1644 2395 1779 2477 patitur,
1804 2391 1866 2457 sibi
1887 2390 2111 2455 obmutescen-

129 2495 161 2544 et
179 2499 259 2544 vere
280 2478 397 2562 incipit
418 2477 539 2560 aliquid
559 2498 638 2557 esse,
662 2478 717 2544 ubi
734 2477 798 2543 Dei
820 2497 919 2542 manu
942 2485 1095 2560 exceptus
1148 2478 1225 2542 dum
1248 2498 1319 2545 esse
1342 2480 1468 2544 statuit.
1501 2481 1572 2546 Iam
1595 2501 1695 2562 quum
1710 2477 1820 2542 David
1840 2476 1995 2541 extremis
2017 2474 2112 2538 malis

129 2585 260 2630 sursum
282 2562 435 2647 adspirat.
1148 2563 1295 2643 afflictus,
1318 2565 1393 2646 quia
1405 2566 1512 2631 Deum
1523 2566 1671 2650 agnoscit
1682 2584 1793 2629 eorum
1812 2571 1986 2638 auctorem,
2007 2559 2112 2643 legem

214 2650 245 2715 9.
268 2649 335 2734 (Ea
367 2647 508 2714 comibus
534 2649 693 2730 peccatis.)
738 2649 853 2733 Pergit
878 2649 912 2713 in
941 2656 1096 2712 contextu
1148 2648 1276 2714 tacendi
1304 2649 1366 2714 sibi
1392 2650 1553 2736 imponat:
1581 2650 1641 2715 hoc
1671 2651 1811 2716 sciamus
1840 2666 1941 2712 unum
1972 2665 2042 2710 esse
2071 2663 2111 2707 ex

128 2735 201 2818 piae
222 2746 416 2817 sanctaeque
438 2734 643 2816 precationis.
678 2734 793 2817 Neque
815 2735 903 2799 onim
926 2733 991 2797 iam
1013 2733 1097 2816 rapi·
1147 2735 1330 2816 praecipuis
1363 2737 1525 2803 exercitiis
1556 2735 1632 2802 fidei
1666 2746 1812 2810 nostrae,
1853 2730 2020 2797 humiliari
2052 2730 2113 2795 sub

129 2835 184 2885 tur
213 2819 333 2886 doloris
363 2822 503 2901 impetu,
537 2833 572 2884 ut
604 2840 678 2884 cum
710 2820 782 2885 Deo
813 2818 1006 2902 expostulet,
1039 2818 1095 2883 sed
1147 2820 1222 2885 forti
1252 2819 1316 2885 Dei
1344 2841 1460 2906 manu,
1496 2833 1529 2888 et
1557 2843 1631 2887 oum
1660 2821 1789 2887 silentio
1812 2819 2015 2901 acquiescere
2044 2815 2113 2881 eius

129 2926 221 2971 reum
245 2927 280 2970 se
302 2925 408 2971 eoram
422 2906 492 2969 Deo
514 2905 705 2990 suppliciter
727 2915 883 2987 statuens,
906 2905 946 2969 ad
969 2903 1095 2968 miseri·
1148 2903 1282 2971 iudiciis
1330 2905 1505 2973 (laetarum
1528 2907 1706 2972 notandum
1730 2915 1796 2983 est,
1826 2914 1905 2969 tunc
1926 2901 2053 2986 placide
2080 2909 2114 2966 et

131 2990 275 3057 cordiam
304 2991 374 3055 eins
403 2991 565 3075 confugit:
601 2992 676 3074 quia
705 2989 782 3055 dum
812 3012 847 3056 se
873 3010 893 3054 a
921 2990 1096 3055 sceleribus
1148 2990 1269 3056 sedatis
1291 2992 1409 3057 animis
1431 2993 1579 3058 homines
1601 3013 1636 3056 se
1660 2991 1730 3057 Deo
1752 2989 1925 3066 subiicere,
1956 2987 2010 3052 ubi
2041 3007 2113 3069 per·

130 3076 214 3160 eripi
247 3075 405 3159 postulat,
446 3075 518 3141 Deo
557 3076 702 3141 iustitiae
736 3075 867 3141 laudem
900 3074 1095 3146 adscribens.
1148 3076 1235 3140 suasi
1257 3085 1344 3153 sunt,
1368 3099 1432 3142 non
1455 3078 1558 3143 solum
1581 3075 2002 3159 absolutapotentialacere
2020 3071 2113 3154 quid·

130 3162 281 3227 miseriae
302 3181 398 3244 quam
414 3163 555 3226 sustinet
576 3160 706 3242 colpam
717 3162 752 3225 in
772 3182 807 3226 se
818 3161 969 3242 suscipit:
992 3181 1096 3241 neque
1147 3159 1225 3242 quid
1253 3161 1403 3244 libuerit,
1436 3163 1492 3228 scd
1520 3164 1642 3227 iustum
1671 3182 1741 3227 essa
1763 3159 1920 3226 iudicem:
1954 3178 2029 3222 nam
2052 3157 2114 3221 etsi

130 3249 229 3313 unius
251 3257 380 3311 tantum
402 3248 523 3328 peccati
544 3268 579 3311 se
601 3259 744 3321 accusat,
767 3246 824 3312 sed
845 3247 965 3310 fatetur
987 3245 1096 3309 multi·
1146 3247 1240 3328 impii
1262 3267 1297 3310 se
1330 3247 1400 3311 eius
1431 3269 1533 3312 manu
1555 3249 1679 3329 percuti
1702 3247 1864 3325 sentiunt,
1895 3245 1971 3326 quia
2004 3252 2114 3306 tamen

131 3333 208 3416 plici
230 3343 323 3396 reatu
344 3352 379 3396 se
401 3353 472 3398 esse
492 3330 692 3397 obstrictum.
736 3334 847 3412 Atque
875 3332 954 3396 haec
982 3329 1097 3413 regula
1148 3351 1223 3396 eum
1234 3333 1428 3396 insimulant
1438 3333 1593 3398 saevitiae
1615 3342 1647 3396 et
1658 3330 1849 3414 tyrannidis,
1872 3351 1938 3394 non
1960 3327 2115 3393 desinunt

131 3417 224 3483 nobis
246 3417 387 3482 tenenda
417 3429 482 3494 est,
512 3417 540 3480 si
567 3417 762 3481 levationem
791 3419 826 3480 in
855 3418 949 3481 malis
976 3416 1097 3480 nostris
1149 3416 1328 3483 horrendas
1349 3418 1384 3481 in
1407 3420 1515 3502 ipsum
1537 3418 1754 3502 blasphemias
1783 3436 1940 3480 evomere.
1985 3414 2116 3478 Interea

131 3503 337 3587 quaerimus:
366 3504 441 3586 quia
463 3502 564 3567 donec
593 3502 666 3567 fons
694 3502 764 3584 ipse
785 3501 966 3568 exhaustus
987 3500 1095 3578 fuerit,
1148 3504 1194 3569 sic
1216 3502 1325 3568 David
1347 3505 1473 3569 occulta
1495 3505 1558 3569 Dei
1579 3504 1697 3569 iudicia
1719 3510 1905 3566 reverenter
1926 3501 2062 3581 suspicit
2083 3507 2117 3562 et

131 3608 300 3672 nunquam
333 3588 421 3652 mala
452 3609 493 3653 ex
526 3587 621 3652 malis
654 3589 756 3652 fluere
790 3586 946 3653 desinent.
998 3586 1096 3652 Oerte
1148 3590 1272 3668 adorat,
1295 3596 1333 3654 ut
1353 3589 1422 3654 sola
1443 3592 1513 3655 eius
1536 3591 1701 3655 voluntate
1724 3596 1909 3663 contentus,
1932 3586 2023 3650 nefas
2045 3604 2115 3648 esse

129 3674 365 3759 mitigationem
388 3694 521 3738 suorum
546 3673 704 3737 malorum
734 3673 862 3755 petebat
889 3671 1012 3738 David:
1040 3671 1095 3736 sed
1148 3673 1246 3740 ducat
1268 3676 1405 3741 verbum
1428 3686 1542 3740 contra
1563 3678 1679 3742 lacere.

130 3760 207 3843 quia
224 3758 384 3842 sperabat,
405 3759 503 3824 simul
523 3779 560 3823 ac
574 3757 799 3824 reconciliatus
811 3759 986 3837 essetDeo,
1007 3757 1096 3823 iutu-

130 3866 205 3910 rum
227 3864 354 3927 quoque
383 3855 419 3909 ut
448 3845 607 3910 scelerum
628 3863 752 3926 poenae
772 3845 872 3908 finem
898 3843 1095 3926 acciperent:

131 3939 260 3996 tantum
291 3929 374 4014 petit
402 3928 463 3994 sibi
492 3929 615 3994 remitti
641 3941 782 4013 peccata.
834 3929 1008 3994 Monemur
1039 3949 1096 3993 au·
1149 3970 1220 4032 luae

131 4026 199 4082 tem
228 4015 378 4098 exemplo
406 4014 565 4095 Davidis,
597 4034 665 4079 non
696 4023 824 4080 tentum
859 4013 899 4079 ab
931 4013 1096 4079 aerumnis

131 4121 215 4184 quae
236 4100 330 4166 nobis
352 4100 508 4165 molestae
530 4108 615 4175 sunt,
656 4099 849 4165 levationem
879 4109 1007 4183 petere,
1040 4099 1096 4164 sed

130 4187 274 4269 incipere
296 4187 337 4252 ab
359 4187 431 4269 ipsa
451 4205 564 4265 causa,
587 4195 625 4249 ut
645 4184 736 4252 Deus
758 4194 889 4268 peecata
918 4185 1010 4251 nobis
1029 4203 1096 4248 non

131 4276 279 4354 imputet,
295 4271 352 4336 sed
364 4271 492 4336 aboleat
507 4278 654 4335 nostrum
673 4279 809 4338 reatum.
843 4270 938 4352 Quod
950 4270 1097 4352 sequitur

132 4359 173 4424 de
195 4356 359 4439 opprobrie
379 4357 478 4436 stulti,
500 4366 569 4420 tam
585 4358 689 4421 active
710 4377 805 4439 quam
827 4358 955 4441 passive
977 4357 1095 4438 exponi
1235 4358 1284 4423 ll.
1307 4355 1424 4443 (Aufer
1444 4379 1466 4424 c
1481 4379 1529 4425 me
1541 4357 1694 4441 plepem.)
1724 4357 1905 4424 Confirmat
1927 4379 2017 4425 suam
2041 4381 2114 4443 pre·

132 4451 248 4527 potest,
272 4443 332 4507 hoo
353 4452 402 4508 est
423 4463 465 4506 ne
486 4441 578 4507 Deus
602 4442 707 4523 ipsum
730 4444 901 4524 prostituat
922 4442 1096 4525 impiorum
1148 4445 1311 4510 cationem
1345 4442 1473 4525 David,
1521 4457 1558 4508 ut
1599 4442 1727 4509 veniam
1760 4442 1896 4527 adeptus
1940 4445 2115 4510 elementer

133 4527 299 4610 ludibriis,
322 4527 375 4593 vel
404 4549 446 4592 ne
475 4525 587 4592 eodem
621 4527 755 4609 probro,
787 4528 840 4593 eui
868 4526 987 4593 addicti
1019 4535 1098 4592 sunt
1149 4536 1314 4596 tractetur.
1352 4529 1465 4612 Neque
1487 4538 1598 4595 tamen
1615 4529 1696 4593 haec
1716 4528 1818 4594 oratio
1836 4530 2001 4595 silentium
2023 4530 2114 4608 illud,

132 4614 240 4695 impii,
273 4613 379 4696 ipsum
408 4613 563 4678 involvat.
607 4610 693 4693 Quia
720 4623 859 4696 uterque
889 4633 1004 4679 sensus
1032 4633 1097 4676 non
1149 4615 1241 4680 euius
1264 4634 1369 4696 nuper
1390 4615 1556 4695 meminit,
1586 4613 1772 4699 perturbat,
1802 4618 1881 4696 quia
1902 4625 1980 4680 vota
2002 4624 2115 4680 nostra

132 4699 220 4764 male
249 4700 435 4775 conveniet,
471 4698 574 4764 libera
605 4699 650 4762 sit
671 4697 844 4764 lectoribus
867 4700 962 4781 optio.
1008 4696 1098 4762 Adde
1149 4701 1177 4765 si
1199 4700 1239 4764 ad
1263 4699 1325 4764 Dei
1348 4702 1583 4784 praescriptum
1613 4702 1813 4778 formentur,
1844 4701 1978 4765 minime
2000 4700 2114 4765 turbu·

132 4783 220 4868 quod
241 4761 322 4868 53),
346 4805 410 4849 non
433 4784 528 4849 modo
549 4783 695 4862 stultum,
716 4784 773 4848 sed
796 4785 893 4849 etiam
905 4782 1098 4867 contempti·
1148 4785 1240 4850 lenta
1260 4795 1348 4864 sunt,
1371 4794 1408 4849 ut
1429 4786 1511 4850 iram
1535 4786 1598 4851 Dei
1620 4797 1811 4869 provocent,
1841 4786 1897 4850 sed
1920 4807 1961 4850 ex
1983 4786 2059 4850 fidei
2081 4796 2114 4851 et

134 4870 232 4937 bilem
256 4891 293 4935 ac
316 4869 409 4933 nihili
432 4869 485 4934 vel
506 4888 644 4952 nequam
668 4869 837 4952 significat.
873 4870 1006 4936 Certum
1029 4870 1098 4952 qui·
1148 4871 1325 4955 patientiae
1347 4870 1475 4936 silentio
1498 4884 1640 4937 manant.
1679 4872 1801 4936 Verum
1825 4870 1956 4952 quidem
1977 4880 2036 4947 est,
2059 4873 2113 4938 ubi

134 4957 207 5021 dem
237 4965 304 5033 est,
334 4955 487 5039 reprobos
514 4976 627 5020 omnes
659 4954 797 5038 intelligi
827 4976 907 5037 quos
937 4957 1098 5038 scriptura
1148 4955 1222 5039 quis
1242 4955 1394 5021 ardenter
1412 4957 1518 5020 Deum
1541 4957 1722 5039 compellat,
1744 4956 1814 5020 lieri
1833 4976 1897 5020 non
1920 4975 2014 5038 posse
2035 4958 2114 5040 quin

133 5039 291 5107 stultitiae
324 5039 472 5106 damnat:
504 5041 581 5123 quia
608 5051 697 5105 recta
733 5039 947 5124 intelligentia
979 5040 1097 5124 privati
1150 5041 1344 5125 permisceat
1366 5061 1442 5106 suos
1465 5043 1609 5121 affectus,
1633 5041 1853 5125 querimonias
1876 5041 2059 5124 profundat,
2082 5054 2115 5108 et

135 5127 255 5192 furiose
276 5127 312 5191 in
334 5126 398 5189 Dei
419 5135 640 5210 contemptum
663 5126 822 5189 feruntur.
1149 5137 1261 5211 egerat
1279 5126 1486 5193 immodicum
1497 5127 1655 5192 ardorem.
1685 5124 1750 5192 Sed
1764 5126 1921 5205 videmus,
1944 5127 2115 5210 Davidem,

223 5211 273 5277 10.
297 5210 464 5293 (obmutui,
487 5231 545 5276 nou
566 5212 709 5292 operiens
729 5230 763 5275 os
780 5212 903 5291 meum.)
948 5211 1013 5276 Hie
1032 5212 1098 5277 iam
1151 5211 1206 5296 qui
1240 5212 1437 5279 tumultuose
1470 5234 1576 5296 nuper
1607 5212 1694 5277 mala
1732 5233 1791 5277 sua
1832 5212 1986 5292 deflebat,
2027 5235 2114 5282 nunc

236 5311 346 5368 Oeloiui
361 5328 454 5382 opera.
475 5312 534 5369 Vol.
551 5312 668 5367 XXXI.
1877 5314 1911 5368 26

1236 3881 1285 3944 11.
1308 3879 1450 3960 Auferet
1471 3900 1518 3944 me
1533 3880 1664 3964 plepem
1686 3886 1789 3943 tuom:
1814 3900 1835 3943 c
1857 3878 1980 3943 eunuc
2001 3898 2115 3944 mansue

1241 3986 1293 4049 epo
1309 3965 1416 4044 defeci.
1460 3965 1509 4029 12.
1533 3965 1576 4029 Iu
1592 3963 1834 4047 correptionibus
1848 3968 1979 4045 propter
1999 3965 2115 4046 iniqui-

1148 4055 1240 4116 totem
1260 4052 1398 4132 comique
1418 4051 1537 4128 virum,
1567 4054 1595 4116 et
1621 4049 1769 4115 tabescere
1795 4049 1880 4130 focis
1910 4051 2003 4130 quusi
2030 4053 2114 4116 tinec

1143 4137 1375 4219 praestantiam
1397 4136 1480 4202 eius:
1500 4139 1577 4202 certe
1598 4135 1731 4214 uanius,
1753 4136 1854 4200 omnis
1875 4133 1972 4201 leonto.
2010 4134 2113 4203 Selcb.
