4658 5856
193 326 256 394 11
985 300 1396 399 1111111111·
2124 335 2188 402 111

195 539 294 603 seque
316 524 507 585 exercuerat
536 518 571 581 11
593 517 745 583 omnibns
766 518 896 602 pietatis
916 517 1041 585 officiis.
1084 519 1165 584 Post
1216 518 1268 583 cui
1291 516 1437 608 obrepsit
1460 518 1568 584 dolosa
1592 519 1750 585 secentas
1767 518 1809 585 ad
1825 519 2100 587 obtenebrandam
2118 524 2188 591 eius

194 608 276 672 istos
296 624 489 689 progressus
511 604 557 667 ita
578 624 653 669 eum
675 605 823 669 exercuit
844 604 945 684 Dens,
974 612 1012 668 ut
1032 624 1164 688 proram
1216 613 1370 681 mentem,
1393 623 1434 668 ue
1457 603 1499 669 ad
1522 603 1620 670 huius
1642 604 1805 670 felicitatis
1826 606 1969 672 studium
1991 619 2184 693 emergeret.

195 699 228 757 st
249 690 385 774 puppim
407 687 524 754 salutis
545 708 622 754 snae
643 688 678 753 11
700 690 843 774 gratuita
864 710 937 756 cum
959 688 1032 754 Deo
1050 709 1163 759 recca·
1215 687 1288 754 Hoc
1310 689 1424 754 eodem
1446 689 1560 756 morbo
1581 689 1729 755 laborant
1751 711 1848 774 saepe
1866 693 1981 758 sancti.
2024 692 2186 775 Quamsi

194 775 358 844 edictione
385 774 516 840 locaret.
573 775 642 840 Nec
669 794 748 842 vero
775 775 898 840 frustra
924 775 1100 841 Zacharias
1129 775 1164 839 11
1216 773 1278 840 hac
1301 773 1457 840 felicitate
1485 794 1582 858 qnam
1605 774 1698 840 nobis
1719 776 1873 859 proponit
1893 775 2013 858 David,
2040 779 2106 844 frui
2127 801 2184 846 cn·

195 881 254 929 sno
271 860 408 937 cantico,
430 860 510 924 Luc
529 859 559 937 l,
577 859 618 924 17
637 859 722 926 hanc
739 859 855 926 salutis
872 861 1040 927 scientiam
1058 866 1163 938 vocat,
1215 859 1333 941 pimus,
1373 857 1487 925 sedulo
1525 860 1707 926 curandum
1746 871 1798 927 cst
1836 882 1878 928 ue
1910 861 2013 928 Satan
2045 863 2185 932 fallaciis

195 955 307 1014 tenera
327 945 550 1011 remissionem
579 955 795 1029 peccatorum.
839 946 930 1030 Ergo
963 953 1000 1011 ut
1029 947 1164 1029 quisque
1216 943 1315 1010 corda
1347 954 1459 1010 nostra
1490 964 1664 1029 occupans,
1703 946 1855 1013 miseriae
1887 956 2019 1014 nostrae
2052 971 2183 1017 sensum

195 1032 367 1098 sanctitate
388 1031 533 1096 maxime
555 1029 693 1111 excellit,
715 1051 750 1096 sc
767 1051 787 1097 a
804 1031 949 1098 institiae
966 1031 1164 1114 perfectione
1216 1028 1310 1095 uobis
1333 1028 1471 1096 adimat:
1495 1031 1528 1094 in
1551 1049 1616 1113 qua
1638 1031 1803 1098 tabescere
1824 1053 1957 1100 necasse
1978 1042 2028 1100 est
2050 1036 2185 1120 quicun-

194 1116 301 1183 adhuc
323 1115 420 1200 louge
446 1114 558 1181 abesse
579 1116 707 1195 sentiet,
739 1136 781 1181 ne
802 1115 880 1182 alibi
900 1115 1044 1183 confidat
1066 1135 1163 1200 quam
1215 1135 1278 1197 qne
1300 1115 1502 1200 subterfugia
1523 1115 1717 1199 quaeritant.

194 1203 231 1268 in
262 1221 354 1267 mera
384 1200 449 1266 Dei
481 1201 712 1267 misericordia.
772 1201 869 1267 Unde
900 1210 1037 1285 apparet
1066 1201 1164 1267 nimis

196 1306 303 1354 crasse
335 1286 538 1353 hallucinare
570 1286 626 1369 qni
666 1287 701 1350 in
733 1295 937 1370 peccatorum
971 1287 1163 1353 remissione
1299 1284 1330 1351 3.
1355 1285 1487 1367 911111
1504 1287 1598 1370 tacui,
1620 1286 1837 1353 1111111111
1846 1307 1918 1354 osso
1938 1309 2017 1367 mco,
2040 1295 2183 1372 dquam

198 1392 262 1438 non
285 1372 348 1437 nisi
371 1371 502 1436 initium
523 1371 669 1437 institiae
691 1392 761 1437 esse
784 1381 909 1454 putant.
954 1372 1038 1437 Nam
1061 1392 1163 1455 quum
1214 1369 1367 1436 citiorem
1391 1375 1453 1436 fota
1481 1373 1541 1437 die.
1583 1372 1613 1437 4.
1639 1372 1722 1454 Quia
1751 1373 1890 1439 interdiu
1911 1379 1939 1439 et
1960 1380 2050 1441 acciu
2070 1376 2182 1460 inpro-

194 1478 231 1524 se
252 1457 398 1540 quotidie
418 1457 531 1522 multis
553 1455 681 1523 delictis
702 1457 908 1541 obstringant
928 1456 1050 1533 fideles,
1080 1456 1163 1522 nihil
1212 1455 1350 1522 enatat
1371 1476 1467 1537 super
1487 1477 1536 1522 ma
1556 1476 1670 1523 manua
1691 1463 1757 1538 tao,
1780 1478 1890 1524 versos
1911 1464 1954 1525 eat
1976 1461 2011 1525 11
2031 1463 2183 1530 1111111111

194 1542 339 1627 proderit
367 1543 454 1607 11111
483 1542 585 1606 semel
614 1541 748 1625 adeptos
775 1563 855 1621 esse,
884 1543 949 1608 nisi
972 1541 1084 1608 eadem
1107 1562 1162 1608 ecs
1213 1542 1341 1608 11111111
1361 1543 1449 1608 viror
1468 1562 1564 1610 meus.
1608 1541 1712 1610 scat.

253 1629 300 1692 tia
321 1647 424 1710 usqne
452 1625 493 1692 ad
515 1625 665 1693 ultimam
687 1628 775 1693 vitae
795 1641 916 1693 metam
939 1636 1161 1711 prosequatur.

220 1712 329 1797 iqnis
350 1711 490 1790 obiiciat,
519 1712 630 1779 beatos
651 1713 728 1778 alibi
751 1713 857 1780 vocari
880 1715 934 1795 qui
956 1714 1073 1779 timent
1095 1713 1162 1778 Do·
1298 1712 1328 1777 3.
1355 1712 1504 1798 (011111
1532 1711 1640 1798 totto.)
1691 1712 1897 1780 Sententiam
1925 1736 2023 1799 quam
2059 1720 2179 1801 posuit,

193 1800 330 1876 minum,
354 1797 411 1883 qui
432 1797 603 1865 ambulant
624 1799 659 1862 11
682 1799 745 1864 viis
766 1799 844 1877 eius,
868 1799 923 1882 qni
945 1798 1067 1882 integri
1085 1807 1163 1864 sunt
1213 1798 1345 1881 propria
1373 1799 1574 1880 experientia
1600 1800 1780 1880 confirmat,
1811 1800 1895 1882 quod
1926 1802 2050 1869 scilicet
2072 1802 2181 1870 humi·

193 1882 298 1963 corde,
328 1891 387 1950 etc.
417 1883 521 1950 facilia
549 1883 717 1966 responsio
739 1892 805 1949 est:
858 1884 912 1948 nia
934 1884 1049 1950 nullibi
1070 1904 1163 1967 repe·
1214 1882 1312 1948 lictus
1333 1882 1397 1948 Dei
1420 1902 1531 1963 manu,
1552 1885 1690 1950 senserit
1712 1885 1795 1949 nihil
1818 1906 1889 1951 esse
1909 1890 2061 1954 miserius
2082 1910 2180 1972 qnam

192 1971 297 2034 rietur
317 1968 484 2053 perfectus
505 1969 569 2033 Dei
591 1969 697 2048 timor,
719 1968 802 2053 legis
823 1905 1016 2047 1111111111,
1037 1976 1070 2034 11
1092 1989 1163 2035 cor·
1214 1967 1254 2032 ab
1277 1969 1346 2034 eius
1368 1969 1475 2053 gratia
1493 1969 1644 2035 alienari:
1666 1970 1784 2052 quibua
1805 1970 1913 2037 verbis
1930 1974 2095 2058 significat
2111 1996 2179 2042 non

193 2054 244 2120 dis
264 2055 446 2139 integritas,
478 2051 634 2137 quidquid
664 2054 785 2138 ubique
813 2054 976 2146 scriptura
998 2053 1038 2118 de
1060 2055 1163 2120 beati·
1213 2074 1308 2137 posse
1330 2052 1510 2119 doctrinam
1533 2053 1617 2121 hanc
1639 2054 1701 2120 rite
1723 2056 1854 2139 percipi,
1884 2056 1985 2124 donec
2012 2059 2080 2125 irae
2101 2081 2179 2127 snae

194 2139 307 2205 tudine
334 2139 509 2224 praedicat,
540 2139 574 2204 in
603 2140 746 2223 gratuito
776 2139 840 2204 Dei
868 2141 988 2219 favme,
1018 2158 1082 2222 quo
1103 2160 1162 2206 nos
1213 2159 1312 2205 sensu
1334 2160 1393 2204 nos
1426 2140 1516 2205 Deus
1537 2142 1729 2206 exercuerit.
1773 2141 1842 2208 Nec
1864 2163 1940 2208 vero
1963 2144 2003 2209 de
2024 2143 2177 2212 mediocri

193 2224 254 2291 sibi
274 2225 472 2303 reconciliat,
494 2244 565 2291 esse
586 2223 767 2291 fundatum.
1213 2233 1345 2289 tantum
1366 2225 1515 2290 examine
1548 2225 1697 2309 loquitur,
1734 2226 1791 2292 sed
1824 2236 1971 2294 extremo
2003 2230 2110 2314 rigore
2142 2252 2179 2297 sc

278 2311 309 2376 2.
331 2308 389 2397 (Ia
410 2311 502 2376 caiae
524 2310 642 2391 spirits
663 2329 725 2375 eoa
745 2309 922 2396 caldelas.)
966 2310 1039 2375 Hac
1060 2311 1161 2393 parti·
1212 2310 1343 2392 ponitus
1364 2310 1533 2375 subactum
1562 2310 1662 2377 fuisse
1688 2312 1798 2377 refert.
1842 2313 1886 2378 Et
1915 2323 2004 2379 certo
2026 2317 2109 2381 mira
2131 2325 2180 2382 ast

194 2395 266 2462 cula
295 2395 408 2462 fideles
440 2394 595 2462 disseruit
626 2404 692 2460 tam
725 2394 766 2461 ab
798 2395 978 2481 hypocritis
1011 2416 1108 2478 quam
1142 2417 1161 2461 a
1212 2396 1248 2460 in
1270 2394 1331 2460 hac
1353 2404 1444 2478 parts
1466 2395 1573 2460 carnis
1594 2407 1724 2463 1111111
1746 2416 1814 2462 111
1835 2397 1930 2463 modo
1951 2401 2093 2484 pigritia,
2122 2400 2179 2468 sed

194 2480 334 2566 stupidis
355 2481 633 2564 contemptoribus
654 2501 791 2564 quorum
813 2483 960 2564 utrisque
982 2500 1043 2546 nec
1063 2501 1161 2546 curae
1213 2480 1312 2545 etiam
1342 2480 1485 2547 durities.
1530 2480 1582 2546 Ita
1605 2503 1645 2547 ue
1674 2483 1737 2547 1111
1767 2483 1917 2548 violentis
1946 2486 2049 2551 modis
2071 2489 2178 2568 tracti,

194 2575 244 2632 est
264 2567 329 2632 ista
349 2566 497 2642 felicitas,
533 2586 593 2631 neo
621 2566 692 2632 eins
713 2566 888 2650 potiundae
907 2567 990 2631 ratio
1011 2576 1160 2633 constare
1213 2586 1379 2649 nunqnam
1402 2565 1442 2632 ad
1465 2567 1587 2633 reconc'
1606 2567 1757 2632 'ationem
1776 2588 1852 2635 cnm
1869 2569 1941 2635 Deo
1958 2572 2175 2654 quaerendam

194 2660 309 2735 potest.
352 2651 442 2718 Male
464 2652 526 2718 sibi
548 2651 668 2718 conscii
690 2660 769 2716 suut
790 2652 947 2736 scelerati,
969 2651 1031 2717 sibi
1049 2662 1158 2717 tamen
1211 2652 1298 2716 iusto
1315 2652 1441 2717 fervore
1459 2651 1711 2736 properabimus.
1746 2652 1785 2717 In
1802 2674 1938 2733 summa,
1957 2677 2014 2721 suo
2028 2656 2177 2739 exemplo

193 2737 227 2801 in
249 2757 309 2803 suo
329 2738 454 2802 foetore
504 2739 628 2803 lacent:
661 2736 827 2803 obstinant
853 2758 888 2803 se
917 2737 958 2802 ad
986 2736 1159 2820 impuden·
1211 2736 1370 2819 propheta
1391 2736 1495 2816 docet,
1518 2745 1596 2803 tnnc
1617 2738 1748 2804 demum
1770 2760 1830 2805 nos
1851 2760 1967 2824 capere
1988 2750 2112 2824 quanta
2133 2743 2177 2808 sit

194 2821 281 2902 11111,
310 2824 417 2889 minas
444 2759 585 2888 11111111
614 2821 745 2901 habeut,
779 2822 831 2889 vel
854 2822 969 2889 saltem
991 2822 1159 2889 fallacibus
1211 2823 1357 2902 felicitas,
1401 2822 1510 2888 Deum
1542 2822 1662 2889 habere
1697 2825 1882 2908 propitium,
1924 2824 1981 2891 nbi
2019 2827 2177 2911 gravibus

193 2907 358 2974 blanditiis
386 2928 421 2975 se
448 2907 630 2987 involvunt,
666 2928 707 2973 nc
739 2917 898 3008 cogantur
925 2909 961 2973 in
989 2907 1053 2974 Dei
1081 2928 1158 2974 con·
1211 2909 1427 2973 tentationum
1455 2907 1551 2975 luctis
1572 2909 1662 2973 intus
1684 2910 1863 2988 exercitati,
1894 2911 1994 2995 probe
2015 2912 2176 2979 sensimus

192 3001 339 3077 spectum
372 2992 510 3077 prodire,
546 3014 624 3077 ergo
657 3013 807 3077 quamvis
839 3002 978 3059 urantur
1010 2994 1159 3059 miseriae
1210 3013 1307 3075 quam
1338 2991 1548 3059 formidabilis
1574 2995 1617 3057 sit
1646 2995 1696 3059 ira
1723 2994 1798 3059 Dei.
1841 2995 1930 3060 Dicit
1956 3004 2075 3078 autem,
2105 3000 2176 3064 sive

193 3098 271 3144 suae
289 3099 398 3157 seusu,
421 3078 474 3144 vel
496 3079 600 3146 caecis
622 3080 792 3145 tormentis
809 3087 983 3159 vexentur,
1005 3099 1160 3163 perversa
1211 3088 1340 3156 taceret,
1373 3078 1442 3143 sive
1471 3079 1611 3143 clamore
1640 3099 1677 3145 ac
1699 3081 1811 3163 rugitu
1832 3101 2012 3147 exonerare
2033 3090 2176 3148 tentaret

194 3174 302 3230 tamen
324 3162 487 3229 oblivione
511 3173 634 3229 metum
655 3184 784 3229 omnem
802 3164 866 3229 Dei
885 3166 1053 3229 suffocant.
1083 3163 1157 3248 Hy·
1210 3184 1306 3228 snum
1339 3162 1494 3237 dolorem,
1528 3182 1656 3245 semper
1688 3183 1760 3230 ossa
1792 3184 1852 3229 sna
1884 3167 2046 3232 senuisse:
2080 3188 2117 3234 ac
2147 3169 2175 3234 si

191 3250 344 3333 pocritae,
366 3248 541 3333 siquando
563 3268 618 3314 eos
636 3249 764 3315 mordet
780 3249 984 3325 conscientia,
1006 3249 1159 3314 inanibus
1210 3245 1332 3314 diceret
1353 3255 1458 3312 totum
1481 3247 1580 3312 robur
1597 3267 1690 3313 sunm
1710 3248 1810 3315 fnisse
1828 3251 2035 3316 emarcidum.
2079 3250 2176 3318 Unde

191 3334 375 3417 pharmacis
396 3334 524 3399 leniunt
546 3333 705 3399 dolorem:
727 3336 754 3399 si
772 3354 827 3400 eos
845 3334 936 3400 Dens
953 3332 994 3399 ad
1013 3333 1158 3399 tribunal
1209 3333 1363 3414 sequitur,
1385 3352 1575 3416 quocunque
1595 3354 1631 3398 se
1653 3341 1761 3400 vertat
1781 3344 1939 3418 peccator,
1960 3344 1995 3401 ct
2015 3357 2175 3419 quoscun-

191 3440 287 3486 suum
307 3419 398 3505 citat,
417 3418 529 3485 larvas
550 3420 658 3485 nescio
679 3439 760 3501 quas
781 3439 840 3503 pro
858 3419 1044 3485 defensione
1062 3439 1159 3502 oppo-
1210 3438 1273 3500 quo
1294 3417 1409 3483 induat
1420 3418 1564 3497 affectus,
1587 3439 1653 3483 non
1671 3427 1782 3485 tamen
1799 3425 1907 3487 levare
1925 3441 2021 3486 sunm
2040 3423 2175 3502 malum,

192 3513 292 3571 nunt:
337 3526 397 3572 nec
430 3525 574 3588 unquam
606 3505 841 3586 integumentis
873 3516 994 3582 carent,
1040 3503 1159 3586 quibus
1210 3504 1466 3587 necquidquam
1490 3505 1656 3588 proficere,
1679 3504 1780 3571 donec
1803 3525 1877 3571 cum
1900 3505 1972 3572 Deo
1990 3506 2122 3574 redierit
2140 3510 2174 3574 in

191 3589 298 3658 lucam
320 3610 340 3657 e
361 3590 512 3658 cordibus
534 3590 603 3656 suis
621 3601 760 3657 arceant.
804 3590 876 3655 Hos
893 3611 1005 3656 omnes
1023 3590 1159 3672 impedit
1208 3590 1359 3671 gratiam.
1403 3589 1509 3672 Saepe
1527 3590 1613 3655 onim
1635 3590 1805 3675 contingit,
1828 3593 2024 3674 gravissima
2042 3594 2176 3659 tristitia

191 3676 328 3743 interior
348 3675 450 3754 dolus,
480 3697 521 3741 ne
550 3675 738 3742 felicitatem
767 3685 928 3759 quaerant
959 3677 993 3741 in
1022 3685 1158 3759 paterno
1208 3675 1388 3759 constringi
1409 3677 1465 3759 qni
1486 3673 1636 3741 fraenum
1654 3674 1821 3756 arrodunt,
1843 3677 1994 3760 intusque
2016 3678 2176 3744 devorant

191 3761 393 3828 Deiamcre.
416 3760 624 3843 Quinetiam
643 3761 738 3827 molti
756 3782 865 3827 eornm
884 3761 937 3826 vel
949 3761 1158 3845 proterviunt
1209 3778 1246 3826 ac
1267 3761 1486 3843 comprimunt
1507 3782 1603 3826 suum
1626 3760 1785 3826 dolorem:
1819 3771 1930 3846 postea
1952 3763 2045 3845 qnasi
2068 3763 2174 3830 subito

191 3867 301 3914 coram
324 3847 406 3931 Deo,
438 3847 488 3912 vel
511 3847 651 3930 superba
673 3847 870 3913 confidentia
890 3855 1034 3931 turgent,
1062 3854 1101 3911 nt
1122 3868 1158 3913 se
1208 3843 1320 3910 furore
1352 3845 1466 3929 abripi,
1505 3854 1537 3911 et
1569 3846 1635 3911 vim
1672 3845 1794 3912 doloris
1826 3868 1862 3911 eo
1895 3848 2016 3913 maiore
2048 3849 2173 3930 impetu

189 3931 301 3999 beatos
322 3933 487 3999 somnient
518 3933 666 4015 quamvis
695 3931 830 3999 adverso
860 3931 942 3998 Deo.
987 3930 1159 4017 Significat
1209 3951 1387 4013 erumpere,
1427 3952 1490 4014 qno
1528 3951 1563 3996 se
1598 3929 1720 3996 diutius
1758 3932 1984 3997 cohibuerunt.
2041 3932 2175 3998 Silentii

189 4039 267 4104 ergo
300 4017 420 4099 David,
463 4024 628 4082 nemiuem
666 4026 744 4084 ante
774 4027 907 4103 gustare
940 4017 1017 4101 quid
1051 4017 1159 4083 valeat
1210 4018 1341 4081 nomine
1382 4037 1448 4082 uon
1481 4014 1693 4081 indolentiam
1730 4015 1785 4082 vel
1817 4025 1981 4101 stuporem
2015 4016 2173 4103 designat,

188 4110 395 4189 peccatorum
417 4103 574 4182 remissio,
604 4123 701 4186 qnam
724 4125 764 4169 ex
787 4106 856 4170 eius
877 4103 973 4169 corda
994 4104 1158 4168 abstersus
1208 4100 1266 4166 sed
1287 4102 1437 4167 affectum
1471 4101 1526 4184 qui
1559 4100 1683 4166 medios
1717 4112 1766 4167 est
1797 4102 1883 4167 inter
1911 4101 2117 4169 tolerantiam
2140 4114 2175 4171 et

189 4189 291 4256 fuerit
312 4187 415 4255 dolus.
458 4189 564 4254 Porro
586 4188 663 4271 quid
684 4189 848 4274 intelligat
870 4210 928 4272 per
949 4189 1011 4255 hoo
1028 4209 1157 4267 nomeu,
1208 4187 1455 4267 contumaciam,
1487 4187 1568 4252 vitio
1596 4195 1630 4251 et
1651 4187 1764 4252 virtuti
1787 4187 1904 4253 affinis.
1948 4187 2064 4271 Neque
2085 4191 2172 4255 euim

189 4296 232 4341 ex
252 4274 307 4340 his
328 4294 412 4358 quae
433 4273 503 4339 dixi
530 4273 602 4340 colli
627 4295 682 4338 ero
708 4274 793 4341 licet.
837 4273 993 4357 Quisquis
1023 4294 1100 4358 ergo
1122 4293 1157 4338 se
1209 4292 1283 4336 ossa
1311 4273 1381 4338 eins
1402 4272 1495 4356 qnasi
1525 4273 1615 4338 senio
1638 4282 1830 4355 cousumpta
1851 4284 1969 4354 essent,
2002 4276 2173 4340 nisiinter

190 4380 258 4426 non
279 4361 446 4425 examinat
463 4378 571 4425 coram
625 4379 673 4438 eo,
695 4360 776 4444 quin
792 4361 902 4444 potius
920 4361 983 4425 Dei
1000 4360 1156 4426 indicium
1209 4356 1295 4422 diros
1317 4359 1416 4422 animi
1439 4358 1615 4423 cruciatus:
1638 4367 1796 4423 ettamen
1815 4360 1885 4440 spei
1901 4358 1953 4426 vel
1972 4358 2173 4426 obedientiae

190 4447 343 4532 fugitans,
369 4445 421 4511 vel
444 4466 479 4510 se
500 4444 590 4511 abdit
610 4445 645 4509 in
663 4445 824 4526 tenebras,
846 4444 897 4511 vel
915 4446 999 4510 foliis
1018 4444 1156 4529 obtegit:
1208 4464 1273 4509 non
1296 4444 1358 4508 fnit
1380 4444 1557 4521 silentium,
1580 4442 1664 4526 quod
1687 4444 1806 4509 misero
1824 4444 1906 4509 nihil
1924 4445 2032 4510 solatii
2050 4443 2169 4510 attulit.

190 4551 301 4600 mcum
324 4529 434 4597 dolose
456 4530 533 4615 agit,
561 4539 690 4595 etcum
718 4533 787 4614 ipso
809 4532 888 4597 Deo.
933 4530 1073 4596 Itanon
1095 4530 1155 4595 mi·
1292 4526 1443 4614 4.(111
1471 4527 1630 4614 11111111.)
1672 4529 1745 4596 Hoc
1767 4549 1865 4594 versu
1887 4530 2007 4596 clarius
2030 4529 2172 4613 explicat

189 4638 264 4683 rum
297 4625 357 4694 cst,
396 4616 425 4681 si
455 4616 577 4680 malum
610 4636 673 4681 non
705 4618 847 4682 sentiens
881 4615 1076 4682 medicinam
1105 4636 1155 4680 re·
1208 4612 1293 4681 nndc
1311 4616 1423 4679 tantus
1440 4634 1578 4691 moeror,
1601 4614 1677 4697 quia
1698 4614 1820 4681 scilicet
1837 4614 1900 4680 Dei
1918 4635 2050 4679 manum
2069 4615 2171 4679 sensit

189 4703 286 4787 spuit.
332 4702 443 4768 Huius
476 4700 541 4765 doli
572 4701 733 4766 notandae
765 4711 842 4766 sunt
869 4702 951 4768 duae
972 4701 1048 4767 illae
1077 4721 1157 4784 quas
1207 4700 1359 4766 infestam
1399 4700 1460 4767 sibi
1497 4721 1577 4765 esse.
1621 4699 1685 4765 Hic
1718 4703 1804 4765 enim
1834 4701 1993 4765 malorum
2024 4699 2169 4764 omnium

190 4788 285 4874 attigi
307 4789 439 4873 species.
483 4785 679 4870 Quanquam
712 4795 827 4851 autem·
842 4809 908 4853 uon
929 4789 976 4851 ita
996 4786 1155 4853 obdurne-
1207 4785 1356 4852 cumulus
1378 4794 1436 4865 est,
1465 4786 1574 4870 urgeri
1596 4786 1659 4851 Dei
1681 4807 1792 4865 manu,
1823 4797 1859 4849 ut
1880 4785 2000 4850 sentiat
2022 4792 2171 4867 peccator

189 4883 268 4940 rant
290 4872 395 4951 multi,
419 4872 495 4954 quin
520 4881 698 4957 tangantur
719 4871 826 4954 aliquo
846 4874 961 4938 timore
981 4884 1015 4938 et
1032 4872 1156 4958 gratiae
1207 4871 1269 4936 sibi
1290 4893 1363 4938 cum
1386 4892 1423 4937 cc
1440 4871 1547 4937 indice
1565 4874 1731 4956 negotium
1750 4891 1830 4949 esse,
1851 4872 1942 4935 cuius
1959 4871 2009 4933 ira
2026 4882 2059 4934 et
2077 4891 2169 4936 seve·

190 4958 366 5027 desiderio:
398 4957 460 5023 sibi
483 4969 591 5021 tamen
612 4959 737 5023 interea
757 4957 848 5022 11111
874 4967 940 5034 111,
963 4958 1015 5023 vel
1039 4958 1156 5041 frigide
1208 4958 1286 5023 ritas
1315 4965 1442 5040 praeter
1471 4966 1635 5022 aeternam
1664 4965 1800 5039 mortem
1828 4956 2019 5019 innumeras
2046 4965 2169 5022 mortes

189 5051 362 5111 moventur
384 5042 423 5108 ad
449 5043 577 5108 veniam
596 5041 823 5125 quaerendam.
852 4980 945 5109 {inc
963 5045 1001 5109 fit
1017 5053 1055 5108 nt
1075 5064 1155 5108 non·
1206 5044 1240 5108 in
1272 5065 1307 5109 se
1328 5042 1481 5108 continet.
1525 5041 1613 5106 Hinc
1645 5042 1853 5122 conqueritur
1890 5040 1999 5105 David
2035 5062 2167 5107 succum

190 5130 267 5195 dum
285 5130 416 5215 capiant
433 5149 531 5211 qnam
550 5127 797 5194 inaestimabilis
815 5129 858 5193 sit
877 5128 1025 5213 felicitas,
1048 5128 1155 5195 Deum
1207 5148 1301 5195 suum
1330 5128 1505 5207 exaruisse,
1536 5149 1600 5191 non
1632 5126 1726 5191 modo
1748 5126 1835 5209 quod
1857 5125 2049 5209 simpliciter
2070 5147 2166 5209 repu-

189 5215 310 5282 habere
342 5214 527 5298 propitium.
581 5213 671 5280 Talis
703 5213 767 5279 fuit
798 5213 838 5278 ad
872 5222 1003 5296 tempus
1035 5214 1155 5293 David,
1207 5222 1293 5279 taret
1313 5233 1373 5278 sua
1395 5213 1490 5293 mala,
1518 5212 1573 5278 sad
1601 5231 1732 5278 causam
1761 5219 1795 5276 et
1823 5210 1944 5276 fontem
1967 5220 2167 5296 agnosceret.
