4658 5856
160 304 225 371 ‘185
943 304 1158 374 Parenos
1180 305 1358 373 LXXXV.
2081 311 2145 377 tac

160 492 278 560 solatio
297 493 407 573 fretus,
425 493 489 559 Dei
503 494 641 577 gratiam
659 494 772 577 procul
789 493 928 559 intuitus
939 494 991 559 sit.
1019 494 1128 577 Atque
1264 494 1294 560 3.
1317 491 1500 580 (abstulisti
1518 495 1712 576 iniquitaten
1727 495 1843 577 populi
1863 495 1934 582 lui.)
1967 494 2055 575 Quia
2076 517 2145 561 me-

162 578 226 646 hoe
249 578 435 662 exemplum
458 590 570 645 notatu
593 578 727 664 dignum
762 589 821 658 est,
853 578 1008 662 quamdin
1040 581 1127 644 enim
1180 590 1248 645 tum
1282 589 1315 644 et
1347 581 1545 645 anxietatem
1580 589 1729 662 poterant
1761 581 1878 646 afferre
1909 580 2061 646 fidelibus
2083 603 2144 646 sua

161 665 333 749 privamur
354 664 419 729 Dei
450 664 625 814 beneficiis(³
656 665 734 749 angi
769 665 899 748 quidem
934 667 1066 730 tristitia
1096 674 1129 729 et
1180 675 1321 749 peccata,
1353 665 1437 731 hanc
1465 686 1590 748 quoque
1612 665 1846 731 dubitationem
1870 666 1954 730 tollit
1976 666 2142 749 propheta,

162 771 294 834 gemere
317 770 447 816 necessa
469 761 536 815 est:
569 771 604 815 se
648 771 690 814 ne
712 749 831 816 doloris
853 771 970 816 sensus
993 772 1050 816 nos
1072 751 1128 816 ab·
1180 750 1331 834 quoniam
1344 751 1506 817 Dominus
1528 751 1684 834 populum
1700 772 1794 816 suum
1813 750 1999 817 redimendo
2015 752 2145 836 insigne

132 834 302 913 'sorbeat
334 848 477 901 statuere
507 836 660 901 convenit
681 837 768 901 inter
789 838 876 920 ipses
899 837 1045 902 miserias
1068 855 1128 901 nos
1180 836 1342 920 gratuitae
1362 836 1478 901 veniae
1510 839 1674 919 specimen
1697 837 1844 901 ediderit.
1888 837 2028 902 Fontem
2052 841 2144 921 prius

162 921 228 988 tide
249 930 283 986 et
304 921 462 1004 patientia
484 921 593 988 beatos
614 942 693 988 esse.
1180 921 1367 986 ostenderat
1389 921 1567 1005 gratuitum
1591 923 1654 987 Dei
1688 922 1938 1003 beneplacitum:
1972 923 2027 987 sed
2061 939 2146 1006 post-

1180 1028 1277 1089 quam
1299 1007 1545 1072 intervenerant
1566 1009 1716 1086 offensae,
1749 1008 1865 1089 quibus
1888 1007 2089 1073 alienaverat
2110 1032 2145 1076 se

1181 1093 1319 1175 populus
1341 1112 1361 1157 a
1382 1093 1463 1170 Dec,
1493 1093 1671 1158 remedium
1700 1093 1761 1158 hoc
1782 1096 2145 1176 succurrereloportuit.

1181 1178 1265 1328 lNam
1289 1176 1429 1243 ablatam
1453 1178 1552 1326 lusisse
1574 1179 1777 1261 iniquitatem
1800 1178 1919 1259 dicens,
1953 1200 2017 1243 non
2050 1182 2146 1245 intel·

1195 1263 1256 1327 i't
1287 1272 1445 1328 correctos
1493 1263 1586 1340 uisse,
1620 1275 1693 1328 eta
1721 1265 1789 1329 suis
1844 1266 1959 1329 secatis
2014 1287 2053 1330 ur
2097 1274 2147 1332 tos

446 1327 653 1399 Pfflfflls
675 1328 850 1397 mxl·
1182 1285 1303 1426 filleles,
1332 1348 1427 1414 sicuti
1451 1348 1543 1414 Deus
1569 1350 1684 1432 spiritu
1705 1285 1958 1430 regenelationis
1979 1285 2033 1414 ebs
2054 1287 2146 1417 {illno-

1181 1434 1310 1500 tifioans
1345 1441 1477 1515 peccata
1509 1455 1587 1499 vere
1620 1434 1722 1499 tollit:
1768 1436 1823 1499 sed
1857 1435 1970 1500 statim
2004 1437 2147 1519 explicat

163 1517 251 1574 ABG.
270 1517 338 1584 Quia
354 1516 449 1570 fidelos
465 1517 500 1570 tl)
512 1517 607 1570 mllio
624 1516 785 1586 babylonii„
802 1531 926 1569 ΥΘΥΘΙῚΟΙ
943 1515 1131 1568 novlfllllwm·
1182 1519 1259 1601 quid
1290 1518 1437 1584 voluerit·
1483 1517 1621 1585 Summa
1653 1533 1712 1602 031,
1746 1518 1854 1585 Deum
1886 1519 2016 1586 Iudaeig
2048 1522 2148 1587 fuisso

269 1583 1133 1722 ffillglgniqffigffiofflllgenffis‘lffisslrsffl‘loelgffi
1184 1603 1435 1688 reconciliatum,
1458 1615 1588 1686 peccata
1610 1627 1675 1670 non
1698 1604 1899 1686 imputando.
1934 1606 2046 1689 Tagara
2059 1608 2147 1671 enim

270 1723 464 1792 imperfectum.
489 1723 590 1776 Deinde
609 1728 759 1792 queruntur
775 1721 810 1775 de
828 1723 907 1787 longo
923 1721 1054 1774 malornm
1072 1736 1133 1773 suo·
1177 1694 1306 1790 mla
1338 1688 1461 1789 dieitur,
1480 1691 1582 1790 Diffi,
1603 1711 1686 1790 (luae,
1715 1690 1838 1773 ⁸⁰P⁰lllr
1872 1711 1914 1755 ¹¹⁰
1935 1691 1970 1755 ln
1992 1691 2148 1758 lUdlsslllffl

271 1809 331 1846 rum
348 1797 445 1844 tracta
480 1791 582 1860 Tertio,
599 1806 648 1859 spe
665 1798 694 1844 et
710 1790 808 1844 flenda
825 1790 922 1858 erecti,
946 1789 980 1842 de
1001 1790 1134 1859 promissa
1184 1785 1334 1840 venrant:
1367 1786 1464 1840 sicuti
1496 1776 1624 1859 plenius
1656 1775 1778 1840 drotum
1812 1785 1862 1841 est
1889 1776 2021 1842 Psalmo
2043 1778 2095 1855 32,
2120 1780 2148 1846 1.

270 1861 323 1914 sibi
348 1859 479 1913 fenerate
504 1860 673 1942 gtcrisntrr:
702 1859 765 1928 quie
791 1859 928 1912 muruco
953 1859 982 1911 in
1008 1858 1132 1927 petriam,
1184 1861 1273 1944 Ergo
1307 1880 1406 1942 quum
1440 1862 1550 1943 populi
1579 1862 1630 1926 sui
1658 1862 1780 1929 scelera
1806 1862 1919 1927 exsilio
1948 1864 2149 1947 castigasset,

270 1927 671 2052 ffiffoffilffifgggfftlllaffinffl
688 1933 756 1993 Μ’
774 1927 846 1981 ”⁰⁶⁰
863 1927 1009 1996 ’ΨΜ
1026 1942 1134 1981 ⁰m¹¹⁰¹¹¹
1186 1946 1355 2011 restituere
1377 1965 1431 2010 eos
1452 1946 1487 2044 in
1510 1947 1650 2029 patriam
1675 1948 1795 2026 volens,
1829 1946 1948 2047 abolito
1977 1960 2071 2046 reatu
2093 1949 2149 2014 cb·

1185 2031 1346 2097 staculum
1369 2032 1509 2096 sustulit
1552 2032 1637 2097 Nam
1659 2053 1701 2098 ex
1723 2032 1836 2115 culpae
1858 2054 2049 2099 remissrcne
2070 2055 2149 2117 pen·

257 2182 285 2241 1.
308 2175 466 2256 stra
495 2175 635 2256 ιι...
659 2174 755 2242 ο...
777 2174 936 2241 ιιι...
978 2173 1008 2238 2.
1031 2172 1132 2239 a,
1186 2116 1368 2284 {altars
1382 2118 1752 2287 pertulerat·
1780 2117 1890 2286 aaa
1904 2118 2067 2287 tatu

165 2260 1134 2362 ”Olmlussll13l090,l⁴3'fw,lmrl⁸d“xl³ll⁶,“1²llvll⁰lili
1186 2289 1344 2365 iactitant,
1382 2286 1515 2352 retineri
1551 2308 1573 2352 a
1605 2289 1675 2353 Deo
1715 2309 1869 2372 poenam,
1909 2288 1985 2354 licet
2021 2290 2152 2374 culpam

166 2347 279 2448 Ml?
300 2347 331 2412 3·
354 2345 519 2412 Aesim
540 2352 736 2430 mmmmm
750 2346 866 2428 ΜΨ
894 2350 951 2444 ια’]
980 2350 1135 2443 „wem”
1187 2375 1348 2456 ignoscat:
1371 2392 1471 2455 quurn
1492 2373 1612 2456 ubique
1633 2374 1806 2457 praedicet,
1829 2374 1863 2437 in
1886 2373 1975 2439 hunc
1995 2377 2094 2440 finem
2116 2396 2152 2440 se

166 2455 274 2500 mma
300 2437 427 2514 9⁶⁰⁶⁰l⁰
457 2452 573 2497 eorum.
618 2431 719 2498 selah·
770 2432 801 2497 4·
834 2431 986 2497 ΛΜΨ*
1019 2449 1136 2496 ‘mem
1187 2459 1362 2542 ignoscere,
1385 2466 1422 2522 ut
1443 2457 1589 2540 placatus
1611 2479 1732 2540 poenas
1753 2459 1852 2524 simul
1880 2460 2021 2543 mitiget:
2054 2459 2152 2542 idque

166 2522 255 2586 &am
275 2523 371 2597 luam,
392 2519 540 2584 '‘W-ill
561 2517 600 2584 “ll
621 2517 870 2618 ‘mimmii‘
888 2516 1134 2615 stimulum·
1187 2564 1317 2610 rursum
1339 2544 1510 2609 confirmat
1530 2543 1687 2626 propheta
1709 2546 1855 2629 proximo
1877 2565 1983 2624 versu,
2005 2544 2061 2610 ubi
2075 2545 2153 2610 dicit

168 2605 200 2671 5·
224 2604 367 2671 (merle
388 2624 445 2670 ⁹¹⁰8
464 2602 554 2670 Dm
575 2604 688 2671 Salui&
707 2607 840 2686 mimi
866 2607 893 2667 el
913 2605 1031 2666 'emm‘
1052 2620 1136 2666 ’mm
1187 2627 1384 2694 exorabilem
1407 2628 1506 2694 luisse
1517 2629 1626 2694 Deum
1647 2631 1765 2713 populo
1782 2651 1849 2708 suo,
1867 2640 1904 2694 ut
1916 2650 2049 2696 manum
2060 2651 2151 2696 suam

166 2696 256 2757 lm
277 2710 351 2774 079⁰
369 2709 436 2754 ⁹¹0⁸·
1188 2714 1229 2779 ab
1250 2734 1288 2779 ec
1309 2712 1498 2796 castigando
1520 2714 1711 2780 retraheret.
1754 2713 1841 2796 Quid
1869 2713 1925 2781 hic
1955 2716 2155 2799 obgannient

1188 2800 1361 2882 sophistae.
1394 2799 1449 2880 qui
1471 2799 1581 2865 Deum
1613 2801 1680 2866 fore
1712 2802 1833 2864 iustum
1865 2809 1995 2883 negant,
2018 2802 2081 2866 nisi
2102 2823 2154 2866 rc·

255 2885 286 2951 2.
302 2882 614 3032 (Benevolasfuariffl
636 2881 702 2964 Qui
720 2884 820 2950 verba
837 2883 919 2949 hacc
935 2883 971 2948 in
989 2883 1134 2948 laturum
1189 2886 1288 2950 missa
1308 2883 1413 2965 culpa,
1436 2904 1494 2966 pro
1516 2905 1574 2949 sua
1591 2887 1763 2950 severitate
1782 2885 2045 2968 poenasexigat?
2069 2886 2154 2951 Nam

168 2982 301 3054 tempus
322 2981 529 3046 convertunt,
551 2969 586 3033 vi
610 2981 706 3035 entur
720 2969 803 3034 mihi
817 2969 1137 3052 prophet-aesansum
1188 2970 1302 3052 culpae
1334 2968 1464 3033 veniam
1496 2971 1704 3051 consequitur
1740 2970 1794 3036 bic
1831 2970 1983 3049 effectus,
2016 2980 2053 3034 ut
2096 2992 2156 3037 sua

169 3076 388 3138 eorrumpere.
432 3053 605 3120 Probabile
637 3066 695 3132 est,
729 3054 847 3137 populo
879 3053 950 3118 dira
981 3052 1138 3119 Antiochi
1189 3053 1410 3120 benedictione
1442 3061 1581 3119 testetur
1612 3054 1706 3118 Deus
1733 3076 1768 3121 se
1801 3056 1865 3119 iam
1898 3076 1963 3120 non
1992 3076 2080 3121 essse
2107 3055 2155 3121 of·

169 3141 345 3227 tyrannide
362 3139 663 3206 efflictoPsalmum
685 3139 785 3205 fuisse
807 3138 981 3205 dictatum:
1002 3137 1138 3220 ideoque
1189 3140 1328 3207 feneum.

169 3249 212 3294 ex
234 3225 455 3308 redemptione
488 3245 562 3307 spes
585 3245 687 3290 novae
708 3234 742 3290 et
763 3225 935 3292 continuae
957 3223 1081 3307 gratiae
1102 3223 1137 3287 in
1274 3224 1306 3291 5.
1326 3225 1488 3310 (Converte
1507 3244 1564 3290 reos
1584 3226 1674 3292 Deus
1694 3226 1811 3292 saluta
1830 3225 1979 3310 marae.)
2023 3225 2095 3289 Iam
2113 3224 2155 3289 ad

194 3324 339 3379 osterum
361 3312 566 3395 suggeritur:
588 3311 664 3393 quia
685 3310 747 3375 hoo
768 3310 863 3375 modo
885 3313 1140 3376 testatusfuerat
1190 3324 1395 3395 praesentem
1418 3331 1512 3375 usum
1540 3310 1785 3377 accommodant
1812 3310 1925 3377 fideles
1951 3310 2037 3393 quod
2060 3320 2157 3376 antea

170 3335 264 3465 lleus
296 3396 395 3463 nullis
428 3397 567 3480 peccatis
597 3395 763 3479 exstingui
794 3415 889 3479 possa
916 3394 1055 3459 foedaris
1087 3394 1140 3459 sui
1191 3397 1371 3461 retulerant
1392 3394 1432 3460 de
1450 3404 1585 3478 paterna
1602 3397 1672 3464 eius
1688 3397 1892 3481 indulgentia
1909 3396 2155 3481 ergapopulum

170 3482 373 3566 memoriam,
395 3482 473 3565 quin
496 3480 669 3547 exorabilis
686 3489 770 3547 esset
787 3501 865 3565 erga
881 3480 966 3546 filios
977 3479 1139 3544 Abrahae.
1190 3480 1403 3564 redemptum.
1446 3481 1551 3547 Deum
1571 3493 1679 3547 eutem
1697 3482 1812 3548 salatia
1832 3491 1958 3561 vocant,
1981 3502 2080 3563 aquo
2101 3501 2156 3564 pe·

169 3568 244 3634 Nisi
267 3568 355 3633 enirn
378 3576 503 3632 tantam
526 3565 591 3632 Dei
613 3566 787 3632 bonitatem
822 3566 912 3650 prius
946 3577 1054 3630 assent
1082 3585 1139 3629 ex·
1192 3578 1267 3632 tunt
1288 3568 1425 3645 restitui,
1458 3580 1494 3632 ut
1526 3568 1561 3632 in
1593 3568 1690 3633 rebus
1722 3568 1908 3651 deploratis,
1941 3588 1979 3633 ac
2011 3566 2156 3651 perditis,

170 3653 269 3739 perti,
291 3653 376 3718 mole
398 3653 619 3730 afflictionum,
653 3653 845 3736 praesertim
879 3661 946 3716 tam
975 3650 1138 3729 diuturna,
1191 3675 1206 3717 s
1250 3674 1282 3716 m
1304 3662 1413 3718 tamen
1435 3654 1519 3718 banc
1535 3653 1674 3736 foveant,
1693 3674 1729 3717 se
1739 3653 1803 3718 Dei
1822 3654 1941 3718 virtute
1958 3653 2065 3718 salros
2077 3653 2155 3717 iore.

172 3737 269 3805 obrui
292 3759 422 3805 neeesse
448 3736 520 3802 luit.
563 3738 666 3803 Porro
699 3738 783 3819 quod
817 3736 975 3819 redempti
1007 3735 1139 3814 luerint,
1224 3760 1277 3803 am
1299 3740 1360 3803 etsi
1383 3739 1543 3803 visibilem
1574 3740 1655 3803 bene
1687 3737 1840 3821 sperandi
1863 3739 2031 3802 materiam
2053 3737 2156 3803 oeulis

171 3844 305 3890 cauam
329 3832 479 3889 statuunt
499 3823 533 3887 in
553 3825 696 3907 gratuito
707 3824 770 3888 Dei
792 3842 911 3899 amore,
934 3843 996 3903 quc
1019 3831 1139 3885 terram
1191 3824 1311 3889 nostris
1333 3845 1396 3889 non
1419 3825 1543 3900 offerat,
1562 3833 1705 3889 statuere
1718 3825 1999 3900 tamenoonvenit,
2017 3824 2154 3888 salutem

172 3931 267 3976 suam
290 3916 507 3992 prosequutus
529 3918 589 3988 cst,
622 3910 698 3992 quia
719 3909 825 3992 ipsam
846 3906 999 3991 elegerat.
1043 3906 1139 3972 Unde
1192 3910 1225 3974 in
1258 3931 1359 3974 manu
1391 3911 1462 3974 cius
1505 3929 1575 3974 esse
1609 3908 1845 3985 absconditam,
1886 3916 1919 3972 et
1951 3909 2021 3974 eius
2055 3909 2157 3972 mani·

171 3994 322 4077 sequitur
343 3995 532 4058 continuum
553 3994 654 4059 fuisse
673 3995 770 4059 buius
782 3993 974 4076 beneplaciti
992 4009 1139 4057 cursum:
1185 3994 1369 4074 sectandae,
1390 3994 1514 4077 quoties
1534 3995 1701 4076 placuerit,
1721 4003 1905 4078 promptum
1924 4003 1957 4058 et
1968 3993 2156 4075 expeditum

171 4085 261 4146 unda
282 4081 381 4146 etiam
404 4078 558 4161 precandi
575 4078 726 4145 fiduciam
741 4078 802 4145 sibi
820 4077 1140 4167 comparantfideles,
1191 4101 1261 4144 esse
1282 4080 1423 4145 modum.
1457 4077 1545 4160 Quia
1562 4101 1639 4145 vero
1657 4080 1880 4145 calamitatum
1902 4079 2046 4144 omnium
2060 4099 2158 4145 eausa

171 4167 251 4249 quia
271 4164 371 4241 Deus,
395 4164 561 4230 electionis
583 4183 661 4231 suae
683 4186 815 4247 memor,
838 4176 943 4230 terrae
965 4184 1043 4228 suae
1065 4183 1139 4246 pro·
1192 4175 1224 4228 et
1245 4166 1335 4248 origo
1357 4175 1408 4230 ast
1429 4166 1478 4229 ira
1501 4165 1572 4242 Dei,
1595 4187 1667 4229 eam
1689 4187 1777 4230 nunc
1798 4185 1924 4246 quoque
1942 4163 2157 4247 deprecantur

170 4251 273 4335 pitius
295 4252 402 4316 luerit.
445 4249 601 4315 Diximus
634 4261 742 4316 autem
776 4251 862 4328 alibi,
896 4249 987 4314 nulla
1019 4269 1054 4312 re
1082 4270 1140 4313 nos
1191 4249 1311 4315 fideles.
1357 4253 1465 4333 Atque
1488 4250 1541 4316 blo
1563 4249 1642 4315 ordo
1665 4250 1777 4315 scdulo
1801 4249 1963 4315 notandus
1984 4260 2041 4327 cst,
2072 4251 2156 4331 quia,

170 4337 293 4402 melius
314 4336 451 4400 animari
469 4334 510 4400 ad
530 4336 736 4416 precandum,
756 4357 854 4418 quam
868 4333 922 4400 ubi
935 4333 1140 4399 recordamur
1192 4346 1229 4400 ut
1251 4336 1353 4400 teneri
1375 4356 1488 4401 sumus
1510 4356 1548 4400 ac
1566 4336 1680 4401 molles
1698 4336 1738 4400 ad
1757 4335 1892 4401 feranda
1910 4335 2004 4414 mala,
2022 4335 2157 4401 simulac

172 4422 358 4505 superiores
380 4422 442 4486 Dei
464 4421 603 4505 gratias:
636 4423 711 4504 quia
742 4422 840 4487 rebus
862 4420 1008 4485 adversis
1029 4421 1139 4484 statim
1191 4422 1326 4486 minimo
1359 4421 1461 4503 digito
1492 4420 1588 4485 ferire
1625 4442 1683 4485 nos
1718 4424 1858 4503 coeperit
1884 4419 1985 4498 Dens,
2007 4420 2158 4484 flebiliter

172 4507 399 4574 succumberet
418 4505 498 4571 fidos
520 4516 640 4586 nostra,
663 4523 697 4572 et
717 4505 814 4572 eorda
836 4516 947 4572 nostra
968 4505 1141 4578 suffocarat
1192 4507 1320 4588 quidem
1343 4508 1483 4588 patimus
1506 4515 1542 4570 ut
1564 4507 1657 4571 nobis
1679 4516 1807 4588 parcat:
1841 4504 1898 4571 sed
1930 4505 2013 4587 quod
2037 4506 2157 4587 praeci·

172 4594 336 4669 anxietas,
367 4593 429 4657 nisi
462 4592 579 4674 prioris
611 4594 766 4674 temporis
799 4591 999 4674 experientia
1032 4590 1140 4654 Deum
1192 4613 1292 4673 puum
1313 4604 1362 4655 est
1383 4593 1573 4668 omittimus,
1595 4600 1632 4655 ut
1653 4614 1714 4656 nos
1735 4612 1755 4655 a
1776 4599 1867 4655 reatu
1891 4588 2056 4654 absolvat:
2078 4592 2156 4673 quia

173 4678 282 4743 servis
304 4678 372 4742 suis
393 4677 589 4743 exorabilem
613 4698 693 4755 esse,
716 4688 749 4742 et
770 4698 898 4760 semper
920 4676 975 4741 ubi
997 4675 1141 4758 postulat
1192 4697 1255 4741 non
1279 4677 1417 4741 libenter
1437 4677 1479 4741 ad
1501 4697 1560 4741 nos
1582 4676 1814 4741 examinandos
1836 4674 2071 4740 descendimus.

172 4763 352 4829 necessitas
386 4761 538 4845 opitulari
562 4761 704 4828 doceret:
738 4763 927 4846 praesertim
950 4762 1003 4825 ubi
1027 4759 1139 4824 eadem

171 4857 287 4913 manet
308 4847 543 4912 continuandae
566 4850 689 4932 gratiae
710 4849 804 4914 ratio.
835 4847 888 4912 Ita
903 4845 1079 4929 prudenter
1100 4843 1139 4908 ad
1276 4847 1305 4912 6.
1330 4847 1382 4911 An
1407 4854 1556 4929 perpetuo
1589 4849 1736 4913 irasceris
1768 4867 1840 4929 erpa
1872 4846 1954 4912 aaa?
1989 4846 2157 4927 protrahas

173 4931 288 4998 fideles
327 4934 378 4999 sui
417 4935 572 5014 temporis
611 4933 831 5000 accommodat
869 4932 1027 5015 propheta
1058 4950 1140 5013 quac
1192 4931 1275 4995 iram
1296 4937 1382 4996 taam
1404 4935 1438 4997 ia
1457 4933 1616 4998 camelam
1644 4938 1671 4997 et
1697 4931 1881 4998 saeculum?
1928 4933 1957 4994 7.
1986 4933 2101 4996 Ancon
2122 4937 2157 4997 tu

172 5019 252 5084 olim
286 5017 377 5084 Deus
410 5017 566 5085 beneficia
593 5021 737 5103 ipsorum
770 5017 916 5103 patribus
945 5015 1140 5081 contulerat:
1192 5036 1355 5082 convasat
1375 5017 1548 5096 vivificabis
1569 5038 1633 5093 noe,
1666 5024 1695 5081 et
1718 5017 1857 5098 popalus
1885 5023 1958 5080 luas
1990 5017 2155 5081 laetabitur

173 5105 253 5186 qnia
282 5104 410 5186 utrique
439 5104 473 5167 in
501 5124 591 5186 spem
622 5105 766 5172 eiusdem
800 5101 1008 5169 haereditatis
1038 5101 1141 5167 vocati
1192 5102 1228 5166 ic
1249 5101 1301 5165 te?
1331 5103 1359 5167 8.
1387 5102 1516 5168 Ostende
1537 5104 1623 5169 nobis
1645 5102 1760 5168 lebeta
1786 5103 2033 5168 misericordiam
2061 5109 2155 5179 tuam,

173 5197 280 5256 erant
1193 5185 1369 5252 decimam
1391 5193 1477 5252 tuom
1497 5190 1539 5254 dc
1560 5188 1656 5254 nota.
1701 5188 1730 5252 9.
1754 5188 1895 5253 Audiam
1916 5189 1993 5269 quid
2014 5189 2158 5270 loquatur

246 5290 355 5345 dalaia
373 5306 468 5361 opera.
502 5291 617 5347 XXXI.
1919 5290 1955 5344 5⁰
