4658 5856
259 349 321 412 451
1085 335 1301 405 Putemus
1323 335 1432 402 XLV.
2184 330 2248 396 452

259 536 319 601 sibi
349 532 525 616 acquirere.
578 530 667 598 Dicit
697 529 829 597 Solomo
862 532 932 613 ipse
964 527 999 591 in
1028 527 1226 602 Proverbiis,
1279 525 1323 589 sit
1345 524 1526 606 iniqnitatis
1549 522 1669 589 vindex
1696 544 1792 605 qnam
1816 535 1957 588 assertor
1979 523 2132 589 iustitiae.
2178 521 2249 589 Sci·

260 621 359 685 Prov.
383 619 435 692 20,
458 619 518 682 28:
561 618 692 681 Iustitia
721 630 753 680 et
773 617 948 680 clementia
975 612 1114 678 stabiliri
1144 613 1228 693 regis
1250 564 1256 653 l
1280 630 1354 673 mus
1384 609 1473 674 enim
1503 618 1642 692 quantas
1671 608 1898 692 dissipationes
1927 610 2040 693 gignat
2069 609 2249 691 impunitas

261 707 426 770 thronum.
472 704 573 785 Atqui
603 701 678 765 dum
703 703 818 766 volunt
839 700 969 784 profani
991 719 1085 780 reges
1113 705 1227 780 poten·
1280 703 1314 760 ct
1336 695 1478 770 licentia,
1500 695 1553 760 ubi
1573 716 1666 778 reges
1688 697 1721 758 in
1743 692 1916 777 puniendis
1937 695 2112 761 sceleribus
2135 693 2249 761 molles

260 793 340 856 tiam
363 811 456 854 suam
486 789 601 853 efferre
628 799 660 851 et
681 788 820 863 munire,
850 788 923 868 equi
953 805 1064 849 eorum
1095 795 1127 848 et
1149 804 1227 867 qua·
1280 789 1359 846 sunt
1379 791 1413 844 et
1434 783 1579 846 remissi:
1609 781 1695 845 unde
1718 780 1799 845 illud
1822 792 1915 846 votus
1936 780 2119 858 dicterium,
2147 780 2247 845 Dete·

261 877 372 960 drigae
394 883 471 939 sunt
494 874 635 949 ambitio,
664 872 775 950 fastus,
804 871 932 949 ferocia,
959 870 1145 945 crudelitas,
1172 890 1228 933 ex·
1280 866 1349 930 rius
1371 887 1441 930 esse
1459 869 1571 930 vivere
1593 869 1652 930 θιὼ
1676 869 1819 950 principe
1842 867 1985 949 subque
2007 867 2248 945 lieentomnia‚

262 967 415 1033 actiones,
447 962 588 1041 rapinae,
618 958 794 1023 violentia:
824 959 932 1040 itaque
963 978 1027 1020 non
1056 956 1176 1019 mirum
1201 954 1230 1017 si
1281 972 1378 1034 quam
1399 950 1459 1016 snb
1482 973 1544 1034 quo
1569 952 1650 1016 nihil
1673 953 1756 1018 licet.
1801 952 1888 1018 Note
1910 962 1959 1016 est
1980 953 2076 1017 etiam
2101 952 2249 1017 Solomo-

262 1048 353 1111 Deus
375 1067 472 1126 saepe
495 1067 535 1108 cx
559 1045 703 1108 ventosis
725 1043 778 1107 vel
800 1044 940 1126 putridis
968 1042 1059 1107 soliis
1089 1060 1144 1105 eos
1174 1038 1229 1102 de·
1283 1039 1332 1101 nia
1354 1039 1528 1117 sententia,
1551 1039 1649 1102 Prov.
1674 1039 1723 1111 17,
1747 1038 1807 1103 15:
1844 1039 1909 1119 Qui
1932 1040 2089 1105 iustificat
2111 1040 2248 1120 impium

263 1134 379 1196 turbet.
425 1131 533 1211 Quare
564 1130 640 1194 baec
670 1151 750 1194 vera
777 1140 827 1194 est
854 1149 892 1195 ae
922 1128 1025 1193 solida
1054 1144 1230 1210 regnorum
1282 1135 1315 1186 et
1336 1123 1541 1187 comdemnat
1563 1124 1694 1197 iustum,
1718 1135 1857 1206 uterque
1879 1125 2075 1190 abominatio
2098 1135 2150 1191 est
2169 1127 2249 1190 Deo.

263 1217 436 1294 stabilitas,
465 1214 562 1278 fidem
594 1227 627 1278 et
656 1215 813 1279 iustitiam
844 1215 963 1292 colere,
996 1224 1029 1277 et
1058 1210 1231 1277 clementia

263 1301 425 1367 moderari
447 1321 543 1364 suurn
561 1300 744 1382 imperium.
783 1301 952 1364 Posterius
974 1300 1155 1364 membrum
1174 1295 1230 1359 ad·

262 1399 382 1463 monet,
405 1386 542 1450 feliciter
560 1406 726 1449 cessurum
749 1385 906 1468 quidquid
925 1384 1058 1450 Solomo
1081 1381 1231 1458 tentabit,

263 1475 292 1538 si
315 1479 605 1553 temperamentum
637 1471 779 1534 iustitiae
807 1483 841 1534 et
870 1469 1129 1535 mansuetudinis
1164 1466 1231 1532 bel·

263 1558 344 1624 licae
365 1555 550 1620 fortitudini
574 1556 739 1639 adiungat,
771 1577 844 1620 nam
868 1560 923 1637 qui
945 1576 1040 1621 caeco
1062 1567 1096 1619 ot
1118 1552 1230 1618 turbu·

263 1643 350 1708 lento
379 1645 503 1723 impetu
533 1642 684 1705 feruntur
714 1663 823 1726 reges,
861 1644 987 1706 etiamsi
1015 1640 1056 1705 ad
1085 1660 1230 1704 momen-

263 1741 332 1794 tum
356 1737 447 1791 metu
477 1738 511 1790 et
533 1746 653 1807 pavore
682 1728 791 1791 omnia
820 1728 977 1810 repleant,
1007 1727 1092 1790 mole
1120 1725 1230 1790 statim

264 1836 324 1880 sua
341 1811 525 1879 concidunt.
555 1813 649 1876 Facit
666 1811 767 1895 igitur
785 1816 871 1877 iusta
885 1822 918 1877 et
933 1812 1109 1895 aequabilis
1125 1810 1233 1874 mode-

265 1901 348 1965 ratio
371 1908 410 1962 ut
430 1916 549 1963 manus
578 1897 710 1962 fortium
741 1898 929 1963 tremendae
959 1901 1033 1962 sint.
1078 1896 1232 1961 Proximo

263 1994 365 2049 ‘versu
387 1981 472 2047 redit
494 1980 535 2045 ab
558 1981 705 2048 bellicam
727 1985 917 2065 potentiam,
948 2005 1047 2066 quum
1075 1983 1153 2047 dicit
1180 2000 1232 2045 sa·

264 2073 360 2155 gitta:
387 2070 472 2150 repis
499 2073 608 2133 atowe
638 2067 715 2145 fore,
746 2080 783 2133 ut
813 2079 986 2152 penetrent
1007 2070 1042 2133 in
1063 2068 1159 2133 corda
1180 2065 1234 2130 ho·

267 2159 379 2221 stium:
407 2153 525 2235 quibus
548 2153 656 2218 verbis
685 2155 846 2237 significat
876 2155 939 2218 tela
968 2156 1002 2218 in
1026 2175 1124 2218 manu
1152 2172 1233 2231 esse,

268 2244 386 2323 quibus
412 2237 525 2320 procul
546 2239 641 2304 feriat
662 2238 771 2305 hostes
799 2241 983 2322 quicunque
1006 2241 1075 2304 eius
1097 2238 1234 2321 imperio

268 2324 531 2408 repugnaverint,
553 2345 616 2408 quo
637 2325 736 2389 etiam
758 2346 855 2390 sensu
873 2325 1008 2406 poprttos
1025 2323 1085 2388 sub
1104 2343 1142 2387 eo
1159 2328 1235 2389 sar-

268 2411 385 2477 acenatos
406 2409 474 2472 fore
492 2408 587 2476 dicit:
610 2432 647 2475 ac
662 2410 690 2474 si
709 2409 838 2488 diceret,
863 2411 1058 2492 Quicunque
1076 2410 1147 2474 ausi
1164 2410 1234 2472 fue·

268 2500 334 2561 rint
355 2496 395 2558 ad
417 2492 675 2561 labefactandum
703 2498 795 2579 regni
817 2496 888 2561 eius
909 2507 1031 2561 statum
1053 2496 1235 2579 insurgere,

268 2586 384 2646 misere
406 2579 587 2662 perituros:
610 2581 687 2662 quia
706 2580 746 2645 ad
766 2583 977 2664 frangendam
996 2581 1142 2646 omnium
1161 2600 1236 2647 con·

270 2666 447 2732 tumaoiam
469 2667 547 2731 setis
571 2665 632 2730 erit
654 2665 809 2748 praesidii
831 2667 864 2730 in
888 2669 973 2750 regis
995 2687 1104 2731 manu.

357 2839 386 2899 7.
411 2835 533 2903 Sotium
550 2841 636 2900 tarum
651 2834 741 2901 Deus
757 2837 792 2900 ia
805 2837 963 2902 saccutum
980 2841 1007 2902 et
1024 2858 1137 2919 aeque:
1157 2855 1239 2918 soep-

272 2930 355 2988 trunt
387 2922 598 3001 rectitudinis,
631 2927 782 3004 saeptam
813 2923 902 3006 repat
933 2923 989 2987 tui.
1051 2924 1080 2988 8.
1114 2921 1239 3005 Diligis

271 3008 433 3084 iustitiam,
458 3008 570 3073 nodio
586 3006 680 3071 babeo
698 3009 903 3090 impietatem:
917 3013 1083 3089 propterea
1103 3010 1194 3073 anxit
1212 3014 1240 3073 te

272 3093 361 3158 Deus
378 3093 468 3159 Deus
489 3098 561 3156 tua:
578 3093 639 3158 oleo
655 3092 795 3157 laetitae
811 3113 893 3175 prae
914 3095 1101 3160 camertibus
1123 3094 1195 3158 tuis.

358 3266 387 3329 7.
410 3262 544 3348 (Solium
565 3262 676 3347 tuum.)
720 3263 812 3327 Alias
834 3264 941 3347 regias
964 3265 1104 3330 virtutes
1125 3265 1160 3329 in
1179 3264 1239 3331 So·

272 3351 400 3415 lamone
421 3346 634 3424 commendat,
655 3349 737 3431 quod
763 3349 879 3413 solium
902 3350 973 3414 eius
990 3360 1159 3416 aeternum
1180 3351 1239 3415 sit:

273 3435 391 3499 deinde
412 3434 496 3516 quod
520 3435 607 3497 iusta
628 3443 780 3515 rectaque
802 3434 1005 3517 gubernandi
1028 3437 1120 3502 ratio.
1154 3436 1240 3501 Nam

273 3520 358 3603 quod
377 3519 490 3584 Iudaei
511 3519 619 3584 locum
637 3519 725 3582 hunc
747 3519 937 3600 depravant,
959 3522 1050 3603 quasi
1072 3520 1113 3586 ad
1132 3522 1240 3587 Deum

273 3609 366 3671 fieret
390 3623 507 3684 sermo,
537 3605 635 3668 nimis
665 3603 813 3686 putidum
835 3614 894 3670 est.
938 3604 1034 3686 Quod
1065 3607 1162 3671 etiam
1185 3608 1241 3670 olii

273 3668 395 3777 0³be
422 3690 457 3754 in
487 3689 631 3773 genitivo
659 3708 736 3755 casn
764 3688 888 3774 legunt,
919 3692 1045 3756 ratione
1070 3704 1173 3768 caret,
1202 3711 1240 3756 ao

274 3778 383 3861 prodit
408 3795 521 3840 eorum
550 3772 803 3856 impudentiam,
839 3776 916 3840 dum
946 3778 1141 3860 scripturam
1172 3786 1240 3841 tur·

274 3863 360 3944 piter
380 3861 524 3927 lacerare
546 3881 610 3924 non
629 3858 790 3938 dubitant,
814 3881 855 3925 ne
872 3862 1014 3927 Messiae
1035 3863 1241 3928 divinitatem

275 3957 434 4031 cogantur
451 3947 554 4011 fateri.
591 3943 740 4029 Simplex
762 3957 869 4011 antem
892 3957 925 4012 st
940 3949 1105 4031 genuinus
1127 3968 1242 4015 sensus

276 4043 334 4109 est,
359 4030 564 4098 Solomonem
587 4052 655 4097 nan
676 4032 846 4115 tyrannice
869 4032 1037 4111 dominari,
1062 4044 1099 4098 ut
1121 4034 1241 4120 pleros-

277 4139 339 4201 que
359 4137 463 4199 reges,
486 4117 542 4181 sed
565 4116 661 4183 rectis
682 4127 717 4181 et
739 4118 851 4199 aequis
872 4117 1009 4202 legibus,
1032 4119 1170 4202 ideoque
1192 4140 1242 4186 so·

1283 1208 1387 1274 Recta
1408 1209 1509 1292 igitur
1531 1208 1710 1273 moderatio
1730 1211 1780 1274 his
1798 1210 1923 1276 dnobus
1942 1211 2095 1276 membris
2113 1222 2250 1286 constat,

1283 1293 1395 1376 utqui
1414 1306 1700 1376 praesuntsevere
1722 1308 1893 1361 coerceant
1915 1297 2083 1372 maleficia,
2107 1309 2139 1361 et
2160 1298 2252 1361 iusti·

1284 1381 1362 1444 tiam
1396 1393 1529 1444 strenue
1561 1392 1725 1445 asserant:
1759 1382 1853 1447 sicuti
1883 1403 1902 1445 a
1932 1383 2071 1446 Platone
2104 1383 2186 1448 scite
2219 1392 2252 1446 et

1283 1466 1459 1546 prudenter
1474 1465 1595 1530 dictum
1611 1477 1670 1543 est,
1686 1468 1851 1549 politicum
1871 1467 2017 1533 ordinem
2036 1467 2161 1534 duabus
2180 1487 2251 1549 par-

1283 1551 1372 1615 tibus
1402 1565 1565 1627 constare,
1598 1553 1768 1633 praemiis,
1799 1566 1833 1616 et
1858 1556 1982 1636 poenis.
2035 1552 2131 1635 Quod
2162 1551 2252 1618 addit

1283 1641 1410 1701 anetum
1440 1636 1541 1716 subse
1566 1656 1648 1716 prae
1679 1639 1790 1718 emite,
1830 1661 1895 1704 non
1929 1641 2062 1721 ponitur
2094 1649 2250 1722 tanquam

1284 1722 1417 1788 effeetus
1446 1723 1600 1800 iustitiae,
1628 1723 1684 1787 sed
1714 1726 1822 1807 potins
1852 1746 1950 1791 eausa
1976 1736 2043 1792 est:
2071 1727 2147 1808 quia
2176 1723 2251 1788 inde

1284 1808 1364 1872 recti
1393 1818 1426 1872 et
1453 1809 1547 1890 aequi
1576 1808 1722 1873 studium
1747 1809 1925 1889 Salomoni,
1954 1811 2040 1894 quod
2070 1809 2189 1895 populo
2218 1811 2250 1873 in

1285 1913 1395 1976 regem
1427 1892 1585 1957 divinitus
1615 1895 1797 1976 praefectus
1830 1908 1923 1963 esset.
1975 1897 2061 1963 Nam
2090 1897 2183 1962 Deus
2212 1895 2251 1960 ad

1285 1978 1441 2043 honorem
1468 1989 1501 2043 ct
1522 1981 1697 2063 imperium
1726 1981 1903 2059 destinans,
1933 1984 2030 2047 simul
2061 1981 2252 2048 necessariis

1285 2063 1415 2129 dotibus
1437 2085 1510 2129 eum
1530 2066 1704 2130 iustruxit:
1726 2069 1834 2150 itaque
1856 2069 2016 2150 particula
2037 2047 2156 2177 1559
2185 2089 2252 2132 rnr-

1286 2170 1343 2213 sus
1369 2148 1429 2214 hoo
1452 2150 1521 2214 loco
1545 2151 1630 2216 vaiet
1651 2155 1743 2233 quia:
1777 2156 1862 2219 acsi
1886 2155 2015 2232 diceret,
2047 2175 2113 2218 non
2136 2155 2252 2218 mirum

1286 2255 1357 2299 esse
1377 2234 1461 2316 quod
1481 2234 1613 2301 Solomo
1632 2248 1696 2301 tem
1716 2240 1901 2321 praeclarus
1920 2242 1964 2306 sit-
1982 2240 2124 2305 institiae
2141 2239 2254 2318 cultor,

1286 2320 1546 2404 quandoquidem
1576 2324 1774 2389 electus'est
1797 2347 1837 2390 ex
1860 2326 1999 2390 fratrum
2023 2346 2167 2402 numero,
2198 2327 2253 2406 qui

1287 2426 1380 2471 saera
1401 2408 1552 2472 unctione
1578 2429 1637 2473 rex
1660 2409 1879 2493 adoptaretur.
1923 2410 2008 2475 Nam
2031 2410 2161 2477 coelesti
2182 2430 2254 2474 ora·

1288 2493 1375 2570 culo,
1408 2500 1581 2574 antequam
1616 2506 1813 2574 nasceretur,
1847 2507 2051 2579 nuncupatus
2084 2506 2134 2562 est
2162 2498 2255 2580 regni

1289 2598 1473 2643 successor:
1504 2586 1537 2642 et
1566 2590 1734 2662 postquam
1764 2583 1936 2665 impositus
1959 2592 2010 2648 est
2031 2581 2127 2659 solio,
2158 2584 2256 2666 regiis

1289 2684 1416 2746 quoque
1438 2663 1614 2730 virtutibus
1635 2679 1769 2732 ornatus
1791 2677 1850 2744 est,
1880 2667 1967 2732 unde
1989 2670 2148 2751 sequitur,
2178 2688 2256 2733 uno·

1290 2749 1413 2814 tionem
1437 2748 1550 2813 ordine
1571 2751 1711 2832 priorem
1733 2753 1833 2818 fuisse
1851 2753 1987 2834 iustitia,
2009 2766 2106 2835 atque
2126 2754 2174 2818 ita
2192 2774 2256 2818 non

1291 2855 1384 2917 posse
1406 2834 1476 2899 sius
1498 2855 1628 2900 oausam
1652 2839 1785 2903 censeri.
1833 2838 1942 2905 Oleum
1963 2839 2100 2905 laodice
2121 2848 2258 2906 vocatur

1292 2918 1332 2985 ab
1354 2920 1481 2998 effectu,
1502 2921 1578 3002 qnia
1599 2921 1754 2988 ecclesiae
1776 2924 1913 2991 felicitas
1933 2934 1966 2990 et
1988 2925 2077 2990 salue
2099 2945 2140 2991 ex
2159 2945 2258 3009 reguo

1291 3004 1346 3070 illo
1368 3003 1538 3087 pendebat.

1375 3090 1451 3156 Huc
1484 3113 1585 3174 usque
1619 3092 1778 3160 literalem
1812 3117 1943 3162 sensnm
1977 3097 2133 3179 exposui:
2174 3117 2258 3160 nuno

1292 3173 1478 3242 Solomonia
1506 3198 1580 3242 cum
1612 3177 1744 3246 Christo
1774 3183 1989 3265 comparatio,
2025 3203 2123 3265 quam
2157 3181 2259 3247 obiter

1292 3262 1398 3345 attigi,
1420 3263 1516 3346 paulo
1534 3263 1665 3330 uberius
1687 3266 1779 3333 nobis
1802 3266 1970 3332 tractanda
1991 3283 2050 3345 est,
2072 3286 2259 3351 quanquam

1291 3348 1353 3430 piis
1375 3356 1409 3412 et
1427 3349 1584 3415 modestis
1607 3351 1795 3418 hominibus
1817 3353 1966 3429 sufficiet,
1989 3352 2073 3435 quod
2096 3351 2260 3435 frequenti

1292 3435 1470 3516 scripturae
1493 3455 1554 3499 usu
1577 3446 1692 3502 notum
1710 3447 1768 3502 est.
1796 3438 1910 3503 Veteri
1933 3439 2051 3523 populo
2069 3439 2104 3503 in
2124 3439 2259 3522 posteris

1292 3518 1431 3584 Davidis
1459 3523 1656 3602 propositam
1687 3524 1785 3589 fnisse
1806 3524 1930 3590 Christi
1960 3525 2154 3609 imaginem,
2186 3524 2260 3607 quia

1292 3612 1403 3669 tamen
1433 3603 1546 3669 Iudaei
1580 3616 1612 3672 et
1641 3608 1696 3673 alii
1725 3609 1852 3692 profani
1885 3610 2035 3675 homines
2068 3631 2135 3674 non
2168 3609 2260 3674 facile

1292 3689 1424 3755 ventati
1445 3691 1574 3772 cedunt,
1604 3715 1645 3758 ex
1667 3704 1822 3760 contextu
1852 3696 1922 3779 ipso
1945 3696 2088 3762 breviter
2109 3695 2259 3780 colligere

1292 3777 1570 3858 operaepretium
1594 3788 1653 3862 est,
1680 3800 1745 3845 non
1767 3779 1868 3845 solide
1891 3803 1951 3848 neo
1973 3781 2115 3865 perfecte
2144 3782 2178 3845 in
2201 3780 2258 3846 So

1293 3860 1453 3926 lamonem
1480 3876 1663 3948 competere
1685 3873 1810 3947 partem
1832 3886 1944 3931 eornm
1967 3887 2050 3951 quac
2073 3866 2128 3933 hie
2151 3866 2258 3931 dicun·

1295 3957 1357 4012 tur.
1403 3950 1452 4012 Ao
1481 3947 1546 4011 tale
1576 3968 1664 4026 sane,
1695 3963 1733 4014 ut
1761 3952 1855 4015 initio
1885 3951 2056 4031 admonui,
2086 3953 2259 4036 prophetae

1294 4031 1465 4099 consilium
1488 4032 1560 4110 fnit,
1582 4055 1602 4097 a
1623 4035 1841 4117 trepidatione
1862 4057 2015 4103 revocare
2036 4038 2109 4121 pias
2131 4048 2261 4116 mentes,

1294 4139 1391 4203 quam
1422 4119 1567 4183 incutere
1600 4123 1707 4202 potuit
1736 4124 1838 4188 tristia
1868 4124 2023 4203 mutatio,
2054 4144 2138 4207 quae
2167 4123 2260 4208 paulo

277 4203 360 4267 lium
383 4203 453 4266 cius
474 4202 623 4267 omnibus
644 4203 782 4268 saeculis
804 4202 871 4268 fore
889 4205 1014 4269 stabile.
1048 4204 1243 4288 Quanquam
1295 4215 1366 4288 post
1388 4204 1515 4270 accidit.
1549 4205 1715 4271 Promissa
1733 4207 1840 4273 fuerat
1857 4211 1950 4293 regni
1969 4210 2155 4289 aeternitas,
2179 4208 2260 4291 quod

278 4301 388 4353 autem
410 4285 500 4351 Deus
521 4296 666 4369 vocatur,
697 4289 772 4370 quia
795 4288 926 4372 regibus
949 4291 1092 4373 aliquam
1121 4291 1244 4374 gloriae
1295 4311 1360 4355 uno
1382 4289 1514 4354 homine
1541 4303 1669 4358 mortuo
1697 4293 1874 4376 collapsum
1898 4305 1957 4362 est.
2001 4295 2138 4378 Excipit
2166 4296 2261 4380 igitur

277 4393 356 4440 suae
377 4382 489 4436 notam
512 4371 603 4437 Dens
624 4372 805 4455 insculpsit,
831 4395 896 4440 non
920 4377 1025 4455 potuit
1047 4389 1155 4441 tamen
1178 4377 1242 4442 elo·
1295 4376 1471 4457 propbeta:
1495 4373 1656 4455 Quamvis
1678 4376 1819 4445 abscissa
1835 4400 1955 4464 magna
1973 4389 2066 4464 parte
2086 4381 2211 4465 populi,
2232 4382 2262 4446 in

278 4461 368 4545 giam
391 4458 454 4523 hoo
475 4459 508 4521 in
532 4458 662 4522 homine
685 4459 813 4522 mortali
842 4460 1036 4526 subsistere:
1067 4463 1142 4543 qnia
1165 4482 1243 4527 nus·
1295 4462 1377 4525 fines
1395 4473 1551 4544 angustos
1569 4463 1718 4530 redactus
1736 4465 1833 4529 fuerit
1850 4465 2050 4546 Rehabeam,
2066 4468 2124 4549 qui
2141 4467 2263 4550 primm

278 4565 377 4629 quam
400 4543 540 4627 legimus
562 4543 613 4607 vel
637 4543 802 4608 hominem
825 4545 873 4609 vel
896 4547 1048 4630 angelum
1072 4546 1132 4612 hoo
1150 4548 1244 4613 titulo
1296 4547 1359 4611 fnit
1381 4558 1448 4611 tam
1467 4546 1627 4630 splendidi
1650 4560 1683 4615 et
1705 4550 1849 4632 opulenti
1878 4552 1972 4636 regni
1994 4572 2173 4631 successor,
2204 4574 2262 4619 nou

278 4640 431 4696 ornatum
461 4649 531 4693 esse
557 4631 676 4709 absque
704 4629 773 4693 ulla
793 4628 980 4695 adiectione.
1031 4631 1087 4697 Sic
1113 4633 1244 4715 quidem
1297 4652 1368 4699 esse
1398 4645 1508 4698 tamen
1530 4653 1588 4699 our
1609 4634 1754 4702 labescat
1782 4635 1936 4701 eeclesiae
1964 4636 2063 4703 fides:
2094 4640 2174 4721 quia
2203 4639 2263 4704 illic

280 4717 396 4798 plurali
422 4736 556 4778 numero
579 4726 737 4778 vocantur
767 4723 834 4779 tam
856 4717 963 4800 angeli
987 4738 1084 4799 quam
1114 4717 1245 4797 iudices,
1298 4717 1443 4784 exhibita
1475 4718 1574 4782 fuerit
1609 4721 1715 4805 figura
1748 4724 1871 4786 aeterni
1905 4724 1999 4804 regni
2038 4724 2125 4807 quod
2160 4725 2263 4790 adhoc

281 4803 336 4866 sed
360 4822 455 4864 nemo
477 4822 563 4864 unus
582 4810 713 4864 vocatur
735 4779 858 4886 0³:552<
880 4803 957 4883 quin
980 4802 1119 4868 addatur
1137 4804 1247 4886 aliqua
1298 4805 1494 4887 sperandum
1518 4814 1597 4869 erat.
1641 4811 1690 4872 Ao
1713 4809 1853 4889 primum
1877 4808 2006 4890 quidem
2033 4809 2118 4892 repis
2147 4831 2263 4876 nomen

281 4887 458 4952 restrictio:
490 4886 583 4951 sicuti
612 4885 688 4948 dum
712 4886 822 4950 Moses
849 4889 1058 4952 constituitur
1085 4888 1120 4952 in
1151 4889 1248 4954 deum
1298 4910 1357 4972 per
1375 4890 1600 4956 excellentiam
1618 4891 1786 4958 Salomoni
1804 4894 1967 4973 tribuitur,
1986 4903 2022 4958 nt
2040 4897 2185 4962 sciamus
2204 4917 2261 4962 non

281 4972 478 5036 Pharaonis:
501 4969 605 5036 Erod.
619 4970 690 5054 t,1.
709 4971 794 5035 unde
812 4971 964 5055 colligere
980 4974 1063 5050 licet,
1086 4977 1247 5040 canticum
1299 4975 1339 5039 de
1363 4996 1439 5058 rege
1461 4976 1604 5058 quolibet
1624 4977 1735 5042 haberi
1761 4999 1952 5057 sermonem,
1983 4980 2040 5046 sed
2063 4980 2262 5048 memorabili

283 5056 343 5123 hoo
364 5058 460 5121 altius
483 5078 579 5139 quam
602 5055 642 5119 ad
665 5057 837 5121 umbratile
860 5077 998 5141 regnum
1026 5068 1181 5140 spectare,
1211 5068 1249 5123 ut
1300 5059 1357 5124 illc
1386 5081 1480 5144 rege,
1514 5062 1606 5127 euius
1638 5063 1754 5129 solium
1789 5063 1881 5130 Dens
1913 5072 2076 5131 staturum
2111 5067 2263 5150 promisit,

284 5162 360 5207 mox
377 5141 572 5207 videbimus.
606 5141 760 5206 Proximo
783 5164 880 5207 versu
903 5145 1033 5226 ponitur
1055 5145 1172 5210 clarior
1194 5144 1248 5208 de·
1301 5145 1404 5210 donec
1433 5147 1580 5230 fulgeant
1611 5149 1646 5213 in
1676 5149 1765 5216 coelo
1794 5149 1841 5215 sol
1870 5161 1903 5215 et
1925 5151 2018 5231 luna,
2050 5151 2140 5218 Psal.
2165 5153 2215 5232 72,
2234 5151 2262 5219 5.

284 5227 388 5291 finitio
410 5226 626 5304 rectitudinis,
648 5229 734 5309 quod
757 5229 879 5294 seilicet
901 5249 965 5293 non
986 5229 1095 5294 minus
1116 5250 1249 5296 severus
1301 5230 1410 5296 David
1432 5243 1518 5299 certe
1540 5254 1597 5299 rex
1620 5236 1735 5311 fuerat,
1757 5236 1863 5318 etqui
1886 5235 2003 5302 deinde
2024 5239 2157 5321 sequuti
2179 5246 2263 5305 sunt.
