4658 5856
239 339 278 404 ‘fl
1099 339 1316 407 PSALMUS
1339 340 1381 406 V.
2194 341 2239 404 72

243 549 354 599 mente
376 530 519 612 privatos
542 531 576 592 iu
600 549 741 593 errorem
766 529 930 611 impellat:
961 529 1078 595 deinde
1100 542 1138 594 ut
1160 549 1213 594 eos
1265 529 1437 593 beneficia:
1470 528 1587 611 quibus
1610 537 1751 593 testatur
1773 527 1952 592 bonitatem
1974 547 2066 592 suam
2089 546 2237 595 commu·

244 640 303 684 sua
332 615 468 680 consilia
505 613 715 692 frustrentur,
749 615 837 679 unde
873 616 960 680 enim
988 616 1027 679 fit
1057 624 1093 679 ut
1120 614 1214 698 impii
1263 613 1351 678 niter
1378 614 1442 697 piis
1463 613 1613 678 omnibus
1635 632 1764 695 semper
1786 613 1970 694 expositam
1992 613 2068 690 fore,
2098 614 2239 696 ideoque

240 705 363 769 frustra
386 699 581 775 consulteut,
604 698 843 765 inconsiderate
866 701 964 764 etiam
983 722 1020 766 ac
1038 701 1110 766 sine
1129 699 1213 763 iudi·
1263 699 1394 764 additur
1423 699 1506 765 ratio
1535 698 1687 774 laetitiae,
1720 699 1797 781 quio
1826 698 1990 764 Dominus
2019 717 2070 763 eos
2085 703 2237 781 proteget.

242 790 291 854 cio
311 787 468 862 ferantur,
491 801 522 847 et
545 788 685 866 turpiter
702 784 897 868 impingant,
921 786 985 850 nisi
1002 786 1078 868 quia
1096 784 1212 848 Domi·
1263 784 1349 849 Nam
1371 787 1497 867 quotics
1518 784 1577 848 uni
1599 806 1639 849 ex
1658 783 1809 849 fidelibus
1827 804 1862 850 sc
1882 785 2061 848 beneficum
2080 784 2238 864 ostendit,

243 894 307 938 nus
336 872 371 935 in
406 870 525 935 astutia
547 890 602 933 eos
625 869 862 951 deprehendit?
907 871 1078 954 Intercipit
1100 890 1212 934 eorum
1262 878 1405 934 statuere
1435 870 1553 934 debent
1581 868 1631 955 (ut
1654 868 1809 955 diximus)
1836 867 1975 934 eundem
1998 890 2077 951 erga
2098 888 2134 933 se
2155 869 2236 935 fore.

242 957 416 1033 vafritiem,
446 955 562 1036 spiritu
590 955 714 1037 soporis
737 965 770 1018 et
793 956 964 1039 vertiginis
986 977 1041 1020 eos
1063 953 1211 1031 inebriat,
1262 955 1366 1019 Porro
1395 954 1488 1020 docet
1517 955 1571 1019 hic
1600 955 1700 1034 locus,
1729 974 1796 1019 non
1825 954 1958 1019 aliunde
1987 974 2083 1036 quam
2106 975 2149 1019 ex
2170 954 2238 1020 Dei

242 1055 280 1108 ut
302 1041 465 1123 desipiant
487 1040 521 1102 in
541 1037 635 1103 rebus
655 1040 808 1104 minimis.
854 1043 944 1123 Ergo
962 1042 989 1106 si
1009 1040 1101 1106 nobis
1120 1042 1213 1104 time·
1262 1039 1424 1122 praesidio
1460 1042 1550 1106 nasci
1585 1061 1700 1105 verum
1729 1039 1901 1123 gaudium:
1938 1040 2014 1121 quia
2041 1038 2116 1104 lieet
2144 1039 2239 1104 mille

244 1149 317 1192 mus
340 1129 380 1191 ab
399 1124 526 1189 insidiis
544 1135 578 1186 et
596 1125 764 1189 fraudibus
783 1124 963 1204 hominum,
995 1127 1100 1207 etqui
1120 1125 1212 1189 nobis
1263 1126 1422 1190 mortibus
1444 1126 1547 1190 simus
1569 1125 1717 1209 expositi,
1741 1124 1871 1190 abunde
1893 1123 1986 1189 nobis
2004 1125 2155 1190 sufficere
2172 1124 2239 1190 hoc

242 1234 360 1278 nocere
401 1212 534 1292 cupiunt
568 1208 715 1274 videmus
749 1231 881 1293 sagaces
915 1224 948 1275 et
981 1220 1093 1276 acutos
1126 1232 1210 1276 esse:
1263 1209 1367 1288 debet,
1398 1221 1489 1294 prote
1515 1211 1522 1226 ⁶
1546 1232 1605 1276 nos
1628 1209 1690 1275 Dei
1713 1231 1825 1274 manu.
1870 1207 1937 1274 Sed
1960 1208 2022 1276 hoo
2044 1211 2101 1275 fiet
2121 1211 2150 1276 si
2172 1230 2237 1276 nos

242 1297 355 1363 redeat
381 1296 474 1360 nobis
503 1295 537 1357 in
566 1294 756 1358 memoriam
788 1296 867 1362 hacc
896 1299 1067 1374 sententia,
1097 1317 1210 1379 perpe·
1262 1298 1375 1361 inanes
1403 1297 1519 1360 muni
1548 1296 1683 1361 umbrae
1710 1314 1778 1358 non
1809 1292 1983 1442 decipiant,
2014 1302 2051 1359 ut
2078 1295 2139 1361 snb
2168 1296 2238 1362 illis

243 1394 336 1446 tuum
359 1401 430 1446 esse
452 1379 515 1444 Dei
536 1399 665 1456 munus,
688 1388 818 1462 stupore
840 1388 873 1446 et
894 1382 1037 1447 amentia
1060 1402 1115 1448 eos
1137 1402 1211 1463 per·
1263 1380 1497 1446 delitescamus.
1539 1381 1613 1445 Hoc
1641 1380 1740 1445 etiam
1771 1391 1871 1444 notan
1896 1401 1952 1444 um
1989 1390 2047 1460 est,
2083 1379 2169 1462 quod
2197 1382 2237 1446 in

241 1477 351 1532 cutcre
370 1467 424 1549 qui
442 1465 482 1528 ad
501 1465 701 1547 peccandum
721 1467 862 1547 sapiunt.
908 1467 965 1533 Sic
983 1469 1041 1531 fiet
1060 1477 1098 1531 ut
1117 1466 1209 1531 nobis
1261 1465 1333 1531 Deo
1355 1476 1524 1549 sperantes
1555 1466 1634 1531 dicit
1655 1466 1853 1531 semetrius
1877 1464 2015 1548 (iilum.
2058 1465 2128 1530 Nec
2146 1467 2236 1531 enim

242 1550 476 1616 dormientibus
499 1551 649 1631 quamvis
672 1559 798 1614 astutas
819 1573 929 1617 eorum
953 1552 1210 1618 machinationes
1261 1551 1331 1614 fieri
1362 1559 1468 1634 potest
1497 1551 1575 1634 quin
1605 1552 1718 1616 suavis
1747 1551 1790 1614 sit
1819 1550 1883 1615 Dei
1913 1550 2080 1630 memoris,
2110 1570 2237 1634 nosque

240 1636 403 1702 Dominus
433 1637 513 1699 flatu
543 1656 600 1698 suc
631 1636 773 1717 dissipet,
803 1658 840 1702 ac
869 1638 1001 1702 tandem
1035 1639 1211 1721 prostituet
1261 1635 1363 1700 solide
1385 1637 1538 1702 oblectet:
1562 1638 1627 1701 imo
1649 1637 1754 1717 rapiat
1775 1635 1810 1698 in
1830 1655 1975 1699 amorem
1993 1637 2043 1700 sui
2062 1645 2237 1720 postquam

240 1743 294 1787 eos
316 1721 466 1787 ludibrio.
512 1719 551 1782 In
576 1741 714 1799 summa,
744 1730 835 1802 optat
858 1722 968 1787 David
991 1744 1123 1787 manum
1146 1722 1210 1786 Dei
1262 1721 1330 1801 ipse
1358 1721 1452 1786 nobis
1481 1742 1560 1785 suae
1589 1721 1743 1786 bonitatis
1769 1729 1902 1804 gustum
1926 1720 2086 1803 praebuit.
2129 1720 2237 1788 Sicuti

240 1806 331 1872 iniiei
354 1810 421 1871 suis
445 1806 600 1883 hostibus,
623 1825 659 1870 ac
680 1806 846 1888 prohiberi
869 1828 889 1872 a
910 1810 1019 1890 pravis
1044 1808 1111 1873 suis
1131 1806 1210 1870 deli·
1261 1827 1392 1871 rursum
1411 1826 1523 1872 omnes
1541 1806 1700 1872 increduli
1716 1805 1878 1887 sepultum
1893 1806 2017 1871 vellent
2029 1807 2091 1871 Dei
2104 1828 2235 1887 nomen,

240 1891 474 1956 berationibus.
520 1890 565 1953 Et
592 1900 681 1954 certe
714 1912 844 1957 necesse
875 1903 933 1971 est,
972 1914 1071 1975 quum
1096 1891 1210 1970 Satan,
1261 1890 1395 1974 eiusque
1418 1892 1608 1956 memoriam
1631 1911 1705 1956 cum
1729 1890 1862 1955 horrore
1884 1890 2027 1975 fugiunt.

240 1977 393 2041 fraudum
434 1976 579 2039 omnium
614 1976 741 2053 artifex,
783 1998 896 2042 omnes
930 1978 1066 2043 nocendi
1099 1976 1211 2042 modos
1347 1976 1397 2041 13.
1422 1975 1524 2061 (Quin
1550 1983 1585 2041 ta
1606 1976 1784 2059 beaedhm)
1828 1976 2010 2055 Confirmat
2031 1977 2235 2059 superiorem

239 2063 348 2144 impiis
380 2072 544 2144 suggerat,
576 2081 658 2141 quae
680 2058 796 2125 callide
819 2065 1015 2147 excogitant,
1054 2063 1228 2133 divinitus¹
1261 2063 1469 2141 sententiam,
1503 2061 1588 2144 quod
1611 2061 1735 2127 scilicet
1755 2082 1798 2124 ex
1820 2081 1879 2127 sua
1900 2082 2039 2144 persona
2061 2082 2236 2127 commune

240 2148 274 2210 in
313 2146 451 2210 nihilum
486 2145 598 2228 redigi.
645 2145 771 2211 Cadere
800 2169 819 2212 a
856 2149 1009 2228 consiliis,
1045 2147 1209 2231 intelligit,
1261 2144 1490 2212 documentum
1520 2147 1596 2211 fidei
1625 2148 1788 2228 sumpturi
1817 2148 1883 2211 sint
1912 2167 2025 2212 omnes
2049 2148 2111 2232 Dei
2134 2148 2235 2224 cerri,

240 2252 307 2294 non
337 2231 464 2313 assequi
498 2251 602 2311 neque
631 2232 759 2296 efficere
781 2233 866 2315 quod
889 2245 1081 2299 statuerant.
1128 2233 1211 2297 Poe·
1261 2231 1338 2313 quia
1367 2232 1408 2297 ab
1435 2253 1501 2296 nno
1533 2231 1684 2313 exemplo
1710 2231 1867 2296 iudicium
1896 2230 1936 2296 de
1967 2241 2126 2316 perpetua
2156 2252 2237 2316 erga
2300 2232 2303 2237 ’

241 2337 317 2379 nam
341 2315 457 2380 deinde
475 2316 540 2381 illis
558 2317 755 2398 imprecatur
772 2338 868 2400 quam
887 2320 996 2383 meriti
1015 2330 1111 2385 sunt:
1135 2319 1211 2401 quie
1261 2337 1373 2382 omnes
1394 2318 1465 2400 pios
1487 2319 1593 2400 gratia
1615 2318 1686 2381 fieri
1709 2317 1798 2381 velit.
1844 2316 1954 2398 Atque
1976 2319 2098 2382 iterum
2121 2316 2235 2382 admo·

241 2402 318 2464 dum
350 2402 474 2465 homini
508 2403 640 2465 innoxio
662 2403 770 2484 inique
793 2412 826 2467 et
849 2405 983 2469 sceleste
1007 2407 1138 2468 fuerunt
1160 2404 1211 2465 in·
1262 2412 1319 2465 not
1343 2424 1408 2464 non
1440 2402 1528 2466 aliud
1562 2423 1632 2466 esse
1654 2403 1838 2484 legitimum
1861 2403 2029 2485 gaudium,
2060 2403 2126 2467 nisi
2148 2402 2235 2485 quod

240 2486 324 2563 festi,
365 2485 433 2552 Deo
470 2507 598 2568 quoque
633 2487 756 2551 rebelles
786 2488 925 2566 fueruat.
968 2490 1040 2552 Hoc
1081 2488 1210 2569 quidem
1262 2508 1303 2549 ex
1333 2507 1431 2550 sensu
1464 2498 1620 2567 paternae
1655 2487 1719 2551 Dei
1758 2487 2004 2553 benevolentias
2039 2488 2233 2570 concipitur.

239 2572 375 2635 minime
394 2571 535 2654 cogitant
560 2572 701 2650 superbi,
726 2572 811 2633 tanti
829 2591 900 2634 esse
919 2574 1053 2636 miseros
1072 2572 1210 2635 homun-
1263 2569 1470 2635 Benedicendi
1501 2571 1634 2635 verbum
1663 2572 1824 2637 Hebraeis
1846 2570 1959 2657 (quum
1983 2573 2023 2637 de
2046 2573 2236 2638 hominibus

239 2657 359 2734 cinnes,
379 2666 414 2719 ut
433 2655 580 2717 laedatur
598 2653 689 2718 Deus
711 2656 743 2717 in
763 2656 908 2735 ipsorum
925 2677 1081 2736 persona:
1105 2676 1211 2739 neque
1263 2656 1300 2717 fit
1330 2652 1449 2740 sermo)
1478 2655 1559 2719 hene
1587 2658 1713 2737 precari
1742 2658 1918 2741 significat:
1953 2678 2055 2739 quum
2086 2679 2166 2724 vero
2194 2657 2235 2721 ad

240 2743 327 2804 enim
357 2743 441 2804 ictus
472 2759 549 2801 suos
578 2740 683 2820 magis
712 2740 745 2801 in
775 2740 900 2804 coelum
931 2751 1049 2823 putant
1081 2742 1209 2817 vibrari,
1262 2739 1372 2803 Deum
1395 2741 1545 2817 refertur,
1574 2741 1769 2806 tantundem
1793 2742 1880 2806 valet
1902 2763 1939 2806 ac
1962 2744 2043 2807 bene
2066 2744 2236 2807 fortunare

240 2846 337 2905 quam
371 2824 398 2887 si
433 2823 601 2904 pulverem
636 2832 693 2886 arrt
726 2823 832 2886 lutum
869 2825 1005 2907 pedibus
1039 2828 1209 2892 calcarent.
1263 2822 1313 2908 (ut
1343 2824 1530 2910 loquuntur)
1559 2826 1609 2889 vel
1639 2827 1733 2892 bonis
1755 2827 1905 2891 omnibus
1927 2829 2102 2893 cumulare.
2149 2827 2236 2892 Nam

241 2908 345 2991 Atqui
381 2906 466 2970 hanc
500 2907 772 2972 inaestimabilem
801 2910 982 2975 mercedem
1012 2914 1079 2975 suis
1109 2912 1209 2976 culto·
1263 2911 1338 2990 quia
1360 2912 1476 2976 efficax
1496 2919 1545 2975 est
1563 2912 1658 2974 favor
1675 2911 1750 2989 Dei,
1774 2912 1954 2978 benedictio
1973 2914 2044 2977 eius
2074 2914 2235 2978 bonorum

240 2993 331 3057 ribus
366 2993 455 3056 Deus
489 2991 647 3073 rependit,
682 2993 767 3075 quod
801 2996 835 3057 in
867 3017 901 3060 se
932 2998 1046 3078 recipit
1068 2999 1210 3079 ipsorum
1263 2995 1409 3059 omnium
1440 2997 1640 3060 affluentiam
1670 3017 1711 3061 ex
1733 3018 1769 3060 se
1790 2998 1950 3078 producit.
1994 2998 2123 3062 Nomen
2147 2998 2235 3077 iusti,

241 3098 382 3143 oausam.
435 3076 592 3159 Quisquis
633 3098 711 3160 ergo
745 3077 806 3143 sibi
842 3091 929 3145 recte
959 3082 1107 3146 conscius
1141 3082 1211 3156 erit,
1264 3100 1328 3143 non
1354 3080 1393 3143 ad
1418 3101 1520 3144 unum
1543 3080 1708 3144 hominem
1739 3083 1957 3165 restringitur,
1986 3083 2043 3148 sed
2066 3082 2236 3147 indefinite

239 3185 300 3228 nec
324 3165 363 3228 ab
386 3163 575 3246 integritate
600 3161 776 3241 deflexerit,
810 3166 943 3249 indigne
966 3176 1116 3247 vexatus,
1147 3188 1211 3231 non
1264 3185 1376 3229 omnes
1412 3167 1473 3227 Dei
1511 3165 1653 3230 cultores
1685 3167 1858 3249 signifieat.
1911 3166 2094 3248 Caeterum,
2130 3167 2235 3232 iustos

240 3260 289 3313 est
318 3247 403 3331 quod
435 3247 563 3312 dubitet
586 3247 693 3311 Deum
717 3250 820 3314 instar
842 3252 949 3335 clypei
973 3252 1120 3317 hostibus
1143 3254 1211 3318 suis
1264 3261 1358 3314 vocat
1380 3251 1550 3333 scriptura,
1580 3271 1646 3314 non
1675 3251 1729 3333 qui
1752 3251 1833 3316 tales
1856 3271 1991 3333 operum
2013 3253 2142 3318 meritis
2162 3272 2234 3317 cen-

240 3335 390 3399 obiicero.
1264 3346 1388 3412 santur,
1418 3335 1474 3400 sed
1505 3335 1562 3418 qui
1592 3335 1632 3399 ad
1661 3336 1819 3400 iustitiam
1850 3337 2011 3419 aspirant:
2046 3339 2124 3421 quia
2146 3346 2236 3421 post-

1263 3441 1359 3503 quam
1391 3421 1553 3486 Dominus
1582 3442 1636 3486 eos
1665 3422 1776 3486 favore
1798 3441 1856 3487 suo
1880 3423 2069 3504 complexus
2091 3431 2143 3488 est
2163 3444 2237 3506 pec·

329 3501 380 3565 12.
405 3498 448 3564 Et
471 3501 619 3566 laetentur
641 3521 744 3565 assues
766 3511 925 3584 sperantes
947 3508 980 3568 iu
1002 3513 1038 3585 te,
1062 3508 1095 3570 irs
1117 3512 1214 3572 aeter-
1264 3517 1337 3571 cata
1366 3528 1432 3571 nou
1462 3507 1662 3588 imputando,
1693 3516 1818 3572 rectum
1842 3507 1989 3571 studium
2012 3528 2070 3589 pro
2092 3508 2238 3573 iustitiae

242 3607 317 3650 stum
340 3587 505 3650 exsultent:
528 3593 555 3650 et
571 3593 697 3668 protege
718 3608 777 3665 eos,
799 3593 826 3651 et
847 3589 1027 3654 oblectentur
1044 3593 1078 3655 ia
1096 3597 1123 3655 te
1141 3593 1213 3657 difi-
1264 3592 1462 3673 perfectione
1501 3592 1565 3656 illis
1604 3593 1667 3655 fert
1705 3602 1885 3673 acceptum.
1937 3592 2059 3656 Eodem
2093 3593 2238 3675 pertinet

239 3678 344 3756 pentes
376 3692 485 3736 correers
519 3678 615 3736 testem.
672 3670 721 3734 13.
762 3672 845 3751 Quia
877 3680 911 3738 tu
945 3675 1099 3739 berrediees
1132 3677 1214 3741 iusto
1265 3676 1350 3757 quod
1383 3676 1539 3757 sequitur,
1586 3674 1755 3740 cauata
1788 3697 1838 3741 eos
1868 3679 2007 3760 proicite
2038 3679 2150 3759 {cvm
2183 3678 2236 3744 vel

243 3757 368 3837 lebona,
389 3757 591 3821 betrecoleule‘o
613 3759 707 3838 qrscss'
729 3764 813 3821 screto
835 3760 1041 3825 eireuradabis
1062 3781 1120 3824 eos.
1265 3760 1476 3842 beneplacito,
1509 3766 1657 3840 tauquam
1689 3767 1791 3825 sado:
1826 3762 1983 3845 intelligit
2016 3763 2102 3827 enim
2138 3762 2238 3845 probe

1265 3845 1333 3908 fore
1362 3845 1508 3926 undique
1536 3844 1681 3909 munitos
1710 3845 1836 3910 fideles:
1869 3848 1945 3928 quia
1966 3846 2057 3911 nulla
2080 3869 2122 3911 ex
2144 3858 2238 3929 parte

329 3929 379 3994 12.
403 3928 459 4013 (Et
491 3929 644 3994 laetentur
665 3928 792 4014 omaso.)
838 3928 918 3995 Sive
939 3932 973 3994 in
997 3929 1109 3995 futuro
1131 3941 1213 3993 tem·
1265 3928 1330 3994 illis
1360 3928 1462 3993 deerit
1485 3930 1601 4012 gratia,
1634 3948 1717 4008 quae
1740 3940 1772 3993 et
1794 3932 1954 3996 invictum
1976 3943 2027 3996 est
2050 3953 2238 4016 propugno·

241 4036 329 4098 poro,
367 4015 436 4079 sive
464 4015 497 4076 in
528 4014 624 4078 modo
652 4014 784 4096 optandi
815 4014 965 4097 legantur
995 4014 1075 4081 haee
1104 4014 1212 4090 verba,
1265 4014 1384 4089 culum,
1408 4022 1440 4077 et
1462 4022 1583 4078 certam
1607 4033 1717 4077 secum
1736 4014 1875 4079 salutem
1894 4017 1999 4081 affert.
2037 4015 2239 4098 Quanquam

242 4121 307 4164 uon
337 4100 383 4164 ita
405 4097 546 4163 multum
570 4098 610 4162 ad
634 4119 767 4163 sensum
789 4098 934 4176 interest,
965 4110 1103 4183 utroque
1125 4100 1212 4164 enim
1264 4112 1373 4163 autem
1396 4097 1573 4163 coronandi
1596 4097 1731 4160 verbum
1750 4120 1813 4181 quo
1832 4102 1946 4178 utitur,
1969 4122 2066 4183 saepe
2082 4114 2240 4167 ornatum

241 4184 336 4250 modo
358 4186 461 4249 fixum
485 4183 630 4248 manebit
653 4181 737 4265 quod
761 4182 866 4247 voluit
889 4185 1061 4268 propheta:
1096 4206 1212 4268 nempe
1264 4184 1316 4246 vel
1341 4183 1439 4247 decus
1461 4181 1621 4245 Hebraeis
1643 4192 1750 4245 notat:
1773 4187 1847 4265 quia
1867 4196 1975 4250 tamen
1996 4185 2130 4251 additur
2150 4189 2241 4252 simi·

241 4272 268 4336 si
297 4268 361 4334 Dei
390 4290 491 4333 manu
520 4267 686 4347 liberetur,
717 4268 857 4333 fructum
882 4269 981 4332 huius
1004 4271 1127 4349 gratiae
1150 4271 1212 4353 piis
1264 4267 1369 4331 litudo
1391 4267 1485 4350 scuti,
1508 4286 1575 4329 non
1598 4266 1712 4329 dubito
1735 4269 1814 4349 quin
1836 4271 2058 4352 metaphorica
2080 4291 2141 4353 pro
2163 4293 2239 4337 mn-

239 4356 389 4422 omnibus
411 4353 480 4418 fore
502 4371 724 4418 communem:
747 4354 824 4417 acsi
843 4351 986 4430 dixisset,
1009 4354 1160 4433 Domine,
1183 4354 1210 4418 si
1264 4353 1334 4414 nire
1367 4350 1418 4415 vel
1461 4349 1663 4415 circumdare
1695 4366 1851 4418 sumatur.
1908 4353 2032 4420 Sensus
2066 4375 2145 4439 ergo
2179 4371 2241 4436 est,

240 4441 325 4507 mihi
353 4460 447 4522 opem
477 4437 601 4512 tuleris,
632 4457 697 4499 non
720 4438 751 4499 in
776 4457 828 4500 me
850 4436 919 4500 eolo
942 4438 1095 4502 residebit
1117 4447 1210 4503 tunm
1263 4435 1476 4517 quantumvis
1502 4454 1628 4516 *magne
1660 4443 1694 4498 et
1727 4439 1816 4500 varia
1849 4439 1995 4519 pericula
2024 4441 2129 4506 iustos
2152 4440 2241 4507 ohsi-

241 4526 443 4601 beneficium,
481 4523 538 4587 sed
572 4520 695 4604 patebit
727 4521 767 4583 ad
802 4542 916 4585 omnes
950 4534 1021 4586 tuos
1054 4524 1209 4587 cultores:
1263 4520 1370 4595 deant,
1395 4517 1467 4582 Deo
1490 4531 1599 4582 tamen
1622 4521 1758 4601 propitio
1779 4521 1890 4587 salvos
1913 4525 1990 4589 foro.

242 4613 319 4695 quia
351 4611 396 4676 sic
430 4610 488 4672 fiet
519 4619 556 4671 ut
588 4607 692 4686 magis
732 4607 943 4669 confirmetur
975 4627 1087 4670 corum
1121 4606 1210 4682 fides,

241 4715 426 4778 nomenque
451 4706 542 4756 tuum
564 4690 738 4754 celebrent.
770 4690 859 4770 Ergo
884 4701 921 4752 ut
945 4691 1071 4755 facilius
1092 4690 1209 4755 libera·

243 4784 367 4846 tionem
399 4777 582 4843 aDominc
605 4776 765 4856 impetret,
797 4793 867 4836 eam
892 4794 910 4836 a
933 4776 997 4838 fine
1021 4776 1071 4838 vel
1094 4775 1211 4840 effectu

244 4866 460 4940 commendat,
494 4860 579 4943 quod
610 4860 672 4940 piis
701 4856 852 4921 omnibus
881 4859 1036 4923 maiorem
1059 4858 1211 4923 fiduciam

243 4962 408 5033 suggeret,
437 4967 553 5029 eosque
583 4943 739 5007 animabit
762 4942 802 5004 ad
827 4940 954 5005 laudem
978 4953 1010 5006 et
1032 4944 1211 5026 gratiarum

244 5036 404 5098 actionem
432 5034 503 5097 Dec
526 5027 733 5095 reddendam.
779 5026 884 5089 Docet
906 5034 1015 5089 autem
1040 5029 1092 5090 hio
1114 5027 1212 5105 locus,

244 5140 304 5185 noe
327 5119 399 5182 Deo
419 5120 563 5200 ingratos
582 5135 660 5191 esse,
684 5113 744 5176 nisi
764 5110 1044 5175 accommodamus
1063 5113 1097 5173 in
1116 5131 1212 5174 usum

244 5215 394 5269 nostrum
429 5222 640 5284 quaecunque
669 5200 702 5262 in
732 5195 899 5279 proximos
928 5204 1057 5259 nostros
1086 5196 1214 5258 confert
