4658 5856
115 374 176 441 841
952 367 1167 438 Psennms
1189 368 1262 436 XO.
1375 410 1378 416 -
1741 374 1746 385 '
2028 372 2097 441 842
2154 410 2160 421 ·

113 556 2096 729 ernnwrflenttrenennse1stenessenseresensere

114 731 181 797 Dei
208 730 386 797 bonitatem
418 729 542 817 gloriae
582 729 675 796 titulo
718 730 902 813 speeieliter
933 730 1079 815 insignit.
1104 734 1107 803 Ι
1132 726 1299 795 nobiseum
1321 726 1447 815 egendo
1469 728 1641 814 splendere
1661 731 1742 810 vult,
1771 742 1803 800 et
1832 731 1979 799 deoorem
1999 753 2096 799 suum

114 814 279 897 Quemvis
300 815 547 903 enim310rieru
569 834 664 881 sunm
684 828 818 900 moeret,
850 814 1009 882 mundum
1032 815 1080 879 iu·
1131 813 1240 896 pelam
1271 812 1395 881 feeere:
1429 835 1467 881 no
1495 815 1523 881 si
1552 814 1658 881 forme
1685 817 1756 884 eius
1776 816 1913 883 obseura
1933 826 2019 885 esset
2039 816 2096 885 ubi

114 900 264 982 dionndo,
294 902 371 985 quin
403 910 513 969 temen
543 900 625 967 nihil
653 900 684 966 ei
712 901 817 986 magis
849 900 999 967 neturole
1030 909 1081 965 est
1132 918 1192 964 nos
1231 919 1292 965 sue
1328 898 1540 966 benefieentir
1580 902 1734 984 prosequi
1772 912 1885 970 oessnt.
1939 901 2097 987 Sequitur

114 1006 214 1070 quem
236 985 416 1054 bonefleum
437 1007 472 1054 se
494 995 686 1063 monstrare,
718 985 793 1052 ideo
818 984 924 1072 glorie
955 986 1025 1051 eins
1046 985 1079 1049 in
1133 982 1258 1064 deinde,
1290 1003 1368 1067 optes
1398 1003 1550 1051 manuum
1579 990 1758 1053 sommum
1789 987 1889 1088 diripe
1908 1007 2005 1071 nuper
2023 1007 2097 1055 eor:

115 1070 281 1139 benefieiis
312 1071 471 1139 exeellere
503 1070 631 1138 dieitur.
674 1069 771 1153 Quod
802 1070 844 1137 nd
876 1076 1081 1155 praesentem
1131 1088 1194 1152 qno
1205 1068 1369 1154 signifieat
1379 1068 1500 1149 Moses,
1514 1070 1599 1137 nihii
1674 1092 1709 1137 se
1728 1093 1788 1139 nos
1805 1072 1942 1139 fehoiter
1962 1072 2095 1158 aggredi

114 1155 222 1222 loonm
244 1164 379 1241 spentet,
396 1165 524 1223 tentum
541 1169 691 1240 eoeperit
702 1155 794 1222 Dens
812 1155 967 1240 populum
984 1175 1079 1221 suurn
1132 1154 1184 1220 vel
1207 1161 1343 1239 tentare,
1365 1154 1430 1220 uisi
1454 1154 1531 1222 duur
1553 1176 1589 1223 se
1633 1177 1727 1223 noem
1748 1167 1783 1224 et
1803 1170 1949 1225 sutorem
1964 1158 2097 1243 praebet

115 1240 272 1309 liberere:
293 1242 439 1309 mutet
458 1242 545 1307 enim
567 1249 606 1308 ut
626 1242 811 1308 fruerentur
832 1250 920 1307 terre
936 1240 1080 1307 Orneon.
1132 1240 1234 1319 Dens,
1267 1249 1300 1305 et
1332 1239 1485 1323 auspiciis
1515 1242 1584 1307 suis
1605 1262 1664 1307 uos
1686 1243 1779 1326 regit.
1823 1241 1920 1309 Unde
1941 1243 2095 1327 seqnitur,

115 1326 234 1411 Itaque
256 1325 322 1393 nisi
342 1326 431 1393 ultre
451 1326 616 1393 desertum
659 1327 800 1411 regressi
821 1335 939 1405 essent,
967 1327 1081 1393 obseu-
1131 1346 1208 1393 suos
1240 1325 1384 1408 profanis
1416 1323 1601 1392 homiuibus
1629 1339 1765 1393 eouetus
1794 1334 1828 1392 et
1848 1327 1957 1394 studio
1978 1336 2096 1395 retror-

116 1419 190 1478 rstn
210 1411 327 1479 innuet
346 1410 535 1494 redemptio.
580 1348 674 1479 Artis
696 1412 782 1495 quod
804 1434 849 1478 ex
869 1412 1089 1496 promissione·
1132 1432 1206 1478 sum
1238 1411 1363 1490 endere,
1393 1410 1469 1492 quie
1496 1412 1694 1478 Deum'nou
1772 1412 1878 1481 nendo
1910 1414 2042 1480 ooniuse
2062 1422 2097 1482 st

115 1515 197 1582 opus
216 1496 281 1563 Dei
301 1496 452 1563 sestimnt
473 1496 592 1576 Moses,
624 1496 760 1581 ideoque
792 1498 926 1583 plenum
959 1509 992 1562 et
1013 1496 1082 1563 suis
1131 1496 1315 1563 inordinate
1367 1495 1458 1561 runis
1489 1504 1691 1581 pervertunt.
1767 1519 1804 1565 eo
1825 1516 2025 1582 supervunua
2046 1508 2096 1567 est

117 1581 264 1649 numeris
283 1578 468 1649 absolutum
488 1582 559 1647 iore
579 1598 687 1668 neget,
718 1582 781 1649 nisi
813 1602 907 1648 sunm
941 1582 1080 1666 gretiam
1132 1516 1424 1733 particule-niz?
1446 1602 1522 1647 nem
1544 1581 1606 1648 etsi
1626 1582 1662 1647 iu
1689 1583 1848 1667 optimum
1866 1583 1965 1649 finem
1986 1582 2097 1670 dirigit

115 1665 274 1750 usquein
295 1666 395 1733 tinem
416 1668 594 1734 oontiuuet.
639 1666 737 1750 Quod
759 1668 859 1734 etiem
882 1667 1003 1733 elarius
1025 1688 1081 1733 ex·
1133 1669 1224 1734 Deus
1246 1665 1379 1767 quidqur
1423 1664 1528 1733 Setun
1550 1676 1583 1733 ot
1605 1686 1716 1734 omnes
1748 1669 1876 1753 reprobi
1909 1669 2096 1751 moliuntur,

138 1751 268 1817 rimitur
288 1750 431 1817 seeundo
452 1752 608 1831 membro,
631 1752 687 1819 ubi
703 1773 769 1820 nou
787 1752 882 1820 modo
896 1754 993 1819 neteti
1005 1773 1082 1820 sune
1133 1750 1281 1836 speniulre
1303 1763 1412 1819 tumen
1436 1759 1484 1818 est
1505 1752 1655 1819 eoelesiee
1677 1753 1770 1835 ratio,
1797 1754 1834 1819 in
1862 1773 1926 1839 que
1946 1763 2096 1837 penatum

156 1857 200 1902 ue
220 1847 381 1936 preootnr,
397 1835 470 1937 'sed
490 1838 692 1939 ‚qmntioni
722 1858 805 1922 quse
837 1838 982 1937 nondum
1005 1848 1083 1903 unte
1133 1838 1307 1937 imperium
1327 1837 1420 1904 Dens
1448 1846 1586 1905 exornet
1624 1837 1717 1939 ,iitru
1749 1858 1869 1905 uroene
1900 1859 1959 1905 sue
1987 1840 2095 1925 prori-

118 1930 331 2086 iiff‘nqii
349 1921 554 2074 ‘iffi
579 1922 1082 2087 ἓῇἓηῖῗζΐὲἣὲῗθάῧῖἓῐοῗέἒζ
1133 1922 2095 2108 {¹0⁰3institit„titttttttttffittattttt

117 2091 181 2159 hon
202 2092 351 2175 exemplo
373 2112 554 2175 monemur,
587 2094 619 2158 in
648 2094 796 2177 preoibus
817 2093 940 2161 nostris
961 2092 1082 2160 huben·
1134 2094 1204 2179 prie
1225 2114 1305 2177 opus
1333 2113 1489 2160 munuum
1521 2114 1666 2177 ipsorum
1698 2093 1839 2160 ordinet.
1883 2094 1928 2160 Et
1948 2096 2096 2178 repetitio

117 2176 194 2243 dem
215 2197 286 2244 esse
306 2178 509 2261 posteritatis
528 2198 658 2246 eurnmz
680 2180 872 2262 prnessrtim
894 2180 969 2262 quie
991 2178 1082 2246 nobie
1135 2178 1227 2246 donet
1255 2179 1444 2244 eontinuum
1473 2180 1733 2263 perseverantiae
1752 2189 1898 2246 tenorem
1921 2182 2040 2265 requiri
2061 2180 2096 2245 in

116 2262 280 2347 promisse
310 2271 361 2329 est
392 2262 545 2329 eoelesiee
578 2264 775 2347 perpetuitas
798 2285 899 2349 usque
921 2264 961 2329 ed
983 2266 1081 2331 finem
1135 2265 1198 2330 Dei
1220 2264 1342 2349 gratie:
1363 2263 1439 2347 quie
1467 2284 1533 2330 uon
1555 2265 1718 2331 suffioeret
1739 2264 1780 2331 ed
1801 2263 1972 2331 dimidium
1993 2286 2097 2350 nsque

119 2347 243 2429 mnndi,
262 2347 359 2415 siouti
380 2348 529 2431 proximo
550 2349 682 2415 Psalmo
703 2348 857 2425 vidimus,
878 2350 913 2416 in
934 2350 1083 2416 omnibns
1135 2350 1198 2415 iter
1219 2369 1278 2414 nos
1299 2368 1369 2415 esse
1391 2348 1572 2433 perductos,
1590 2351 1652 2416 nisi
1667 2358 1771 2415 totum
1786 2371 1916 2417 oursnm
1926 2351 2096 2434 eomplent.

121 2435 206 2500 votis
227 2432 343 2516 quibus
363 2433 629 2501 nommendemus
650 2436 719 2500 eius
741 2434 891 2513 sulutem,
915 2434 1084 2519 eompleeti
1137 2435 1203 2501 Alii
1236 2442 1377 2515 vertunt,
1408 2435 1577 2500 eonfirme:
1609 2436 1666 2518 qui
1691 2455 1805 2502 senens
1833 2434 2009 2503 tolerabilis
2036 2444 2096 2504 est

119 2530 269 2602 posteros
289 2524 419 2585 nostros
439 2518 538 2585 etiem
559 2519 615 2604 qui
636 2518 781 2585 nondum
804 2521 872 2584 nati
895 2528 981 2598 sunt,
1007 2540 1083 2586 eon·
1137 2518 1304 2603 Sequutus
1316 2528 1508 2585 tumensum
1524 2520 1610 2604 quod
1628 2519 1670 2586 ed
1690 2529 1877 2586 nontextnm
1893 2521 1998 2604 aptius
2016 2528 2096 2601 erut,

119 2604 225 2754 ἔρυξε.
267 2602 457 2755 Νοιωιᾱιιῗ
479 2614 647 2755 priiioe'm
669 2613 719 2671 est
740 2604 857 2672 decoris
877 2609 905 2670 et
929 2606 1084 2757 pulmo·
1136 2625 1254 2756 rfirempe
1286 2616 1324 2670 ut
1354 2624 1466 2671 omues
1488 2606 1614 2689 piorum
1637 2604 1779 2674 notiones
1801 2606 1891 2673 Deus
1912 2605 2041 2673 ordinet
2060 2606 2093 2672 iu

141 2708 208 2755 enee
228 2708 357 2770 nomen,
379 2710 424 2756 un
447 2711 467 2756 e
488 2708 525 2757 oo
563 2710 672 2775 grurus
698 2709 794 2773 quem
824 2710 1012 2774 rnoompurn
1057 2711 1084 2757 rs
1161 2710 1234 2757 nem
1257 2711 1455 2774 prosperum.
