4658 5856
204 298 243 361 31

205 488 403 563 ministrant,
434 485 489 568 qui
520 484 659 566 denique
687 484 783 566 pleno
810 505 865 549 ore
895 483 1077 568 gloriantur

204 631 239 674 se
261 606 422 691 evangelii
453 626 524 672 esse
554 624 746 688 praecones:
776 625 830 670 eos
861 614 927 669 tam
950 603 1076 669 nefaria

204 730 288 796 bella
316 726 426 792 moliri
456 746 553 809 qnam
582 724 771 791 detestabile
800 723 872 791 est?
906 723 971 789 Hie
999 744 1076 790 vero

202 871 276 916 cum
289 847 418 913 Davide
441 848 595 930 conqueri
616 847 737 930 optimo
759 848 830 911 iure
852 846 944 910 licet:
967 845 1075 910 Homo

202 970 292 1053 pacis
324 989 434 1047 meae,
475 976 508 1032 et
540 969 595 1049 qui
628 988 757 1032 mecum
795 987 914 1048 panem
948 965 1075 1043 edebat,

203 1090 322 1156 extulit
356 1092 472 1153 contra
503 1107 556 1151 me
589 1088 795 1166 calcaneum,
829 1087 917 1152 Psal.
941 1087 999 1165 41,
1025 1086 1073 1151 10.

202 1212 298 1290 Item,
319 1208 472 1286 Psal.5b,
492 1207 548 1271 14:
572 1207 747 1273 Unanimis
769 1228 871 1284 meus,
894 1217 927 1272 et
950 1208 1074 1293 collega

201 1336 257 1414 qui
287 1351 413 1395 mecum
441 1328 483 1393 ad
512 1329 669 1411 templum
700 1328 764 1393 Dei
797 1325 969 1411 pergebat,
999 1351 1073 1395 cum

201 1475 264 1536 que
289 1452 382 1516 dulce
400 1450 679 1516 communicabam
692 1451 873 1528 eonsilium,
896 1472 949 1516 me
972 1451 1073 1516 hosti·

201 1575 274 1639 liter
297 1573 422 1656 probris
444 1570 617 1652 impetivit.

285 1763 354 1827 Alii
384 1762 423 1826 de
453 1762 533 1825 meis
563 1761 733 1839 thesauris,
762 1759 817 1822 alii
847 1759 887 1824 de
915 1761 1075 1825 immensa

201 1884 346 1966 potentia
376 1882 508 1948 frivolos
536 1901 683 1945 rumores
713 1890 890 1964 spargunt:
925 1882 965 1946 ab
1001 1882 1074 1946 aliis

201 2006 365 2070 iactantur
377 2023 467 2066 meae
490 2001 646 2075 lautitiae,
670 2001 794 2067 seilicet
812 2002 868 2083 qui
881 2003 971 2066 tonui
985 2003 1073 2068 victu

200 2133 234 2190 et
263 2123 387 2207 plebeio
415 2123 536 2186 vestitu
568 2131 756 2199 contentus,
794 2142 853 2186 nee
881 2144 900 2186 a
928 2123 1074 2187 minimis

203 2247 303 2309 etiam
325 2244 507 2325 quibusque
524 2242 597 2325 plus
615 2242 814 2325 frugalitatis
830 2244 965 2326 requirit
976 2264 1073 2326 quam

202 2367 236 2430 in
261 2385 299 2428 co
321 2372 495 2445 spectatur,
526 2364 553 2427 is
577 2364 711 2426 nimium
745 2362 854 2426 lautus
877 2361 1072 2426 habebitur?

203 2486 385 2560 Potentiae,
408 2486 459 2550 eni
471 2484 629 2556 invident,
654 2483 780 2546 utinam
803 2482 866 2563 ipsi
878 2492 987 2544 essent
1005 2500 1076 2542 sue·

202 2625 361 2672 cessores:
382 2623 521 2685 regnum
535 2602 623 2663 enirn
640 2620 749 2662 meum
768 2600 853 2662 mole
872 2621 936 2679 qua
954 2600 1076 2663 obruor

203 2726 351 2788 laborum
374 2721 558 2783 aestimant.
597 2719 653 2782 Mc
676 2738 741 2780 non
764 2738 834 2781 6666
856 2722 1077 2799 pecuniosum,

206 2845 235 2907 si
259 2842 353 2906 vivus
376 2837 569 2921 quibusdam
593 2858 657 2900 non
679 2837 869 2917 persuadeo,
898 2861 985 2904 mors
1007 2849 1078 2904 tan-

206 2963 280 3026 dem
310 2958 467 3023 ostendet.
511 2956 567 3019 Me
601 2953 744 3036 quidem,
780 2957 855 3037 61116
888 2957 971 3020 nihil
1005 2959 1078 3040 plus

208 3102 304 3164 quam
328 3078 472 3161 suppetit
494 3082 621 3156 appeto,
651 3072 786 3138 minime
807 3097 984 3157 pauperem
1008 3098 1079 3142 esse

207 3205 321 3267 fatcor.
366 3199 430 3263 His
459 3196 624 3279 figmentis
655 3215 754 3276 quum
778 3196 889 3259 nullus
916 3196 959 3260 sit
981 3199 1078 3278 color,

212 3322 362 3405 plausum
399 3329 507 3379 tamen
542 3314 628 3396 apud
661 3314 781 3377 multos
814 3313 888 3376 ideo
921 3314 1079 3401 obtinent,

208 3442 286 3523 61116
308 3437 413 3502 maior
435 3454 511 3515 pars
533 3432 595 3496 hoo
618 3452 722 3494 unum
746 3431 893 3512 tegendis
905 3433 973 3496 suis
990 3436 1081 3517 flagi-

208 3562 262 3624 tiis
295 3554 474 3621 remedium
506 3572 577 3615 esse
616 3549 765 3626 confidit,
805 3553 832 3614 si
866 3551 948 3615 albis
986 3553 1081 3635 nigra

210 3680 427 3743 misceantur:
465 3686 563 3751 atque
592 3668 654 3733 hec
687 3670 845 3750 optimum
875 3671 1081 3753 impunitatis

211 3814 244 3863 et
264 3796 416 3863 licentiae
438 3788 667 3872 compendium
689 3786 765 3870 fore,
794 3791 822 3854 si
843 3789 992 3855 concidat
1013 3812 1082 3856 ser·

211 3937 326 3986 vorum
349 3912 476 3977 Christi
499 3908 668 3974 autoritas.
701 3907 870 3973 Accedunt
892 3910 990 3973 etiam
1012 3910 1082 3991 pla·

212 4033 349 4103 centarii
373 4050 515 4106 scurrae,
537 4027 577 4090 de
598 4025 715 4107 quibus
736 4027 944 4108 conqueritur
963 4028 1082 4100 David,

211 4156 299 4223 Psal.
316 4153 367 4231 35,
392 4152 442 4215 16.
466 4169 526 4213 666
548 4165 736 4210 mensarum
759 4144 946 4226 liguritores
968 4148 1084 4226 solum,

211 4277 269 4345 sed
299 4275 484 4358 quicunque
513 4276 683 4349 potentum
713 4264 851 4347 gratiam
881 4263 971 4328 falsis
998 4265 1084 4329 dola-

213 4394 357 4463 tionibus
376 4398 546 4457 venantur.

302 4566 355 4633 Ad
377 4565 436 4628 has
459 4558 596 4624 iniurias
615 4551 779 4618 verendas
800 4548 926 4633 pridem
938 4564 1087 4616 assuetus

217 4688 367 4774 quamvis
398 4700 498 4767 prope
527 4671 751 4747 occalluerim,
781 4670 852 4733 fieri
883 4679 991 4731 tamen
1022 4690 1087 4732 non

218 4819 333 4895 potest,
356 4805 413 4872 ubi
430 4797 548 4868 crescit
564 4792 740 4878 protervia,
763 4790 840 4870 quin
853 4786 973 4850 amaris
988 4786 1088 4849 inter·

218 4933 296 4996 dum
334 4919 564 5009 punctionibus
597 4912 705 4977 feriar.
755 4908 823 4972 Nec
857 4905 936 4971 satis
968 4912 1039 4967 erat
1070 4924 1090 4965 a

218 5049 335 5118 vicinis
361 5047 410 5110 ita
437 5034 660 5106 inhumaniter
689 5026 839 5104 tractari,
869 5023 933 5088 nisi
962 5040 981 5083 a
1007 5022 1090 5084 mari

220 5171 320 5238 etiam
331 5161 462 5251 glaciali
475 5158 582 5225 nescio
595 5173 678 5239 quae
695 5143 899 5228 intemperiis
921 5138 1089 5202 hominnm

2163 287 2207 353 32

1233 478 1323 556 tude,
1352 499 1394 544 611
1417 480 1515 543 d'une
1538 479 1716 563 malignite,
1746 480 1824 562 qu’il
1848 485 1905 563 n’y
1926 501 1947 544 a
1975 498 2157 561 mensongs
2179 478 2209 543 si

1233 574 1402 647 estrange,
1437 566 1528 630 voire
1561 586 1683 629 mesme
1716 578 1946 644 monstrueux,
1977 563 2074 647 qu’ils
2104 582 2148 627 ne
2176 563 2208 628 16

1233 663 1413 734 reqeyvont
1436 651 1464 714 si
1494 671 1536 714 on
1560 650 1630 714 leur
1659 671 1699 714 66
1722 651 1822 733 parle.
1864 653 2022 714 D’autres
2052 647 2209 715 taschent

1232 734 1273 800 de
1295 756 1466 801 renvcrser
1496 735 1673 800 l’oternclle
1694 737 1957 801 Predestination
1977 734 2128 814 deDieu,
2146 755 2207 817 par

1231 822 1373 903 laquelle
1395 822 1417 884 il
1442 819 1589 886 discerne
1612 831 1703 886 entre
1724 821 1772 886 les
1791 843 1971 905 reprouvez
1991 835 2024 885 et
2038 821 2086 886 166
2099 822 2207 887 aleus:

1232 907 1279 971 les
1302 917 1412 972 autres
1436 907 1568 971 veulent
1591 908 1768 971 maintenir
1789 908 1820 972 16
1843 908 1955 971 liberal
1978 906 2114 972 arbitra.
2148 907 2207 973 In·

1231 994 1402 1058 continent
1414 1014 1479 1057 aux
1491 992 1651 1057 resvcries
1662 991 1701 1057 de
1713 994 1844 1058 ceux-la
1854 994 2017 1076 plusieurs
2028 1013 2064 1058 66
2077 994 2207 1073 1611661,

1231 1100 1296 1143 666
1320 1101 1379 1161 pas
1402 1087 1473 1142 tant
1495 1099 1555 1161 par
1577 1079 1763 1161 ignorante,
1793 1100 1855 1162 que
1884 1100 1943 1161 par
1965 1100 2030 1142 1166
2052 1080 2208 1144 affection

1230 1165 1261 1228 16
1283 1186 1325 1229 66
1348 1184 1424 1248 scay
1448 1164 1554 1246 6116116
1577 1164 1616 1228 de
1638 1165 1821 1246 complaire.
1844 1164 1890 1249 Et
1911 1165 1938 1230 si
1957 1163 2139 1247 c’estoyent
2159 1163 2208 1230 les

1230 1252 1380 1315 ennemis
1402 1249 1593 1313 manifestes
1622 1251 1676 1331 qui
1706 1271 1758 1313 me
1785 1251 1919 1315 feissent
1940 1270 1994 1316 ces
2016 1250 2207 1333 fescherias,

1229 1335 1262 1400 la
1284 1335 1381 1401 chose
1410 1336 1512 1400 seroit
1538 1346 1759 1400 aucunement
1781 1335 2006 1419 supportablc:
2038 1337 2123 1401 mais
2145 1357 2208 1420 qne

1230 1442 1312 1487 ceux
1334 1420 1389 1503 qui
1412 1442 1446 1485 66
1468 1420 1605 1485 66611661
1627 1432 1776 1486 couverts
1799 1422 1841 1486 du
1865 1423 1941 1485 titre
1965 1421 2005 1485 de
2027 1420 2144 1502 freres,
2174 1432 2208 1486 et

1230 1529 1296 1571 non
1319 1506 1502 1571 seulement
1532 1514 1688 1589 mangent
1717 1507 1747 1570 16
1775 1510 1881 1571 sainct
1909 1508 1984 1590 pain
2016 1506 2057 1573 de
2081 1506 2208 1585 Christ,

1229 1595 1312 1657 mais
1334 1614 1457 1656 mesmc
1479 1591 1734 1656 l’administrent
1755 1614 1822 1657 aux
1845 1602 1969 1657 autres:
1993 1594 2089 1670 brief,
2111 1594 2211 1676 61116

1229 1678 1324 1760 plene
1359 1678 1483 1742 bouchu
1515 1699 1550 1741 sc
1585 1677 1750 1760 glorifient
1784 1679 1904 1743 d’estre
1936 1679 2135 1761 prescheurs
2169 1677 2209 1744 de

1228 1764 1424 1846 l’Evangile,
1448 1783 1500 1825 me
1520 1765 1628 1826 166661
1646 1764 1677 1827 16
1695 1763 2211 1846 666666611661-1161166666616111,

1229 1850 1335 1932 quelle
1358 1850 1497 1913 horreur
1515 1848 1641 1913 estaol
1672 1850 1716 1913 Et
1738 1856 1758 1914 6
1780 1872 1816 1915 66
1838 1870 1958 1934 propos
1981 1850 2011 1914 ie
2035 1853 2110 1932 puis
2133 1851 2209 1916 bien

1231 1942 1251 1999 a
1280 1934 1342 1999 bon
1373 1934 1478 1999 droict
1506 1953 1560 1996 mo
1589 1935 1739 2015 plaindre
1769 1943 1789 1999 a
1819 1934 1990 2018 l'exemple
2014 1935 2055 2000 de
2080 1935 2210 2001 David:

1230 2020 1402 2085 L’homme
1426 2020 1466 2083 de
1488 2040 1543 2082 ma
1564 2020 1649 2101 pair,
1672 2036 1703 2082 et
1722 2023 1777 2103 qui
1795 2023 1962 2105 mangeoit
1980 2021 2010 2085 16
2034 2021 2112 2102 pain
2130 2042 2211 2087 avec

1229 2127 1316 2190 moy,
1340 2126 1359 2169 a
1380 2106 1452 2170 leve
1475 2106 1504 2170 16
1527 2105 1617 2169 talen
1639 2117 1751 2170 contre
1772 2126 1858 2191 moy.
1903 2108 2003 2171 Item:
2036 2108 2118 2172 1166
2143 2107 2212 2172 ami

1229 2192 1370 2256 familicr
1392 2201 1425 2255 ct
1454 2212 1532 2255 mon
1562 2211 1777 2273 compagnon,
1808 2193 1865 2273 qui
1895 2191 2056 2256 marchoit
2080 2215 2157 2258 vers
2179 2193 2210 2257 le

1230 2276 1365 2358 Templo
1383 2276 1423 2340 de
1436 2276 1523 2340 Dieu
1543 2296 1621 2341 avec
1640 2297 1725 2361 moy,
1747 2277 1865 2359 auquel
1883 2280 1913 2343 ie
1933 2299 2081 2363 prenoye
2094 2279 2211 2361 plaisir

1231 2362 1270 2425 de
1281 2364 1527 2459 communiquer
1538 2383 1616 2426 mon
1627 2372 1741 2441 secret,
1765 2366 1829 2428 m’a
1847 2365 2029 2446 peursuyvi
2050 2364 2211 2431 d'iniures

1232 2467 1273 2510 en
1297 2467 1437 2510 ennemr.

1317 2531 1384 2594 Les
1414 2541 1522 2594 autres
1553 2542 1680 2596 semont
1710 2534 1767 2599 des
1800 2536 1904 2600 bruits
1933 2545 1966 2600 61
1994 2537 2067 2600 1661
2098 2537 2212 2602 courir

1232 2636 1349 2698 propos
1380 2616 1511 2680 frivolas
1542 2616 1581 2679 de
1609 2638 1678 2682 mos
1708 2620 1870 2685 thresors:
1901 2620 1948 2686 les
1976 2634 2088 2686 autres
2111 2623 2211 2688 d’une

1233 2716 1306 2782 trop
1325 2700 1448 2782 grande
1460 2701 1625 2765 authorite
1636 2715 1669 2767 61
1680 2708 1853 2785 puissance
1864 2707 1978 2772 infinie
1989 2707 2088 2789 qu'ils
2101 2708 2212 2773 disent

1233 2806 1295 2867 666
1318 2787 1395 2867 i'ay:
1421 2786 1467 2849 les
1486 2798 1596 2852 autres
1615 2789 1743 2870 parlont
1763 2791 1802 2855 da
1820 2812 1890 2856 mes
1902 2792 2021 2858 delices
2033 2804 2066 2857 et
2078 2795 2210 2878 magni·

1233 2874 1365 2933 ficcncc.
1405 2871 1516 2945 Voire,
1540 2873 1621 2937 mais
1644 2877 1751 2955 quand
1775 2899 1820 2941 un
1844 2877 1977 2941 homme
1995 2899 2031 2943 66
2053 2888 2211 2945 66616616

1235 2955 1312 3018 d'un
1336 2957 1417 3036 petit
1438 2956 1602 3021 ordinaire
1632 2969 1664 3022 et
1694 2959 1940 3027 d’habillemens
1961 2985 2147 3042 commune,
2178 2980 2210 3031 et

1234 3061 1277 3103 66
1300 3041 1443 3122 66661661
1472 3042 1562 3122 point
1592 3043 1664 3125 plus
1694 3045 1732 3109 de
1761 3050 1914 3131 frugalite
1939 3049 1996 3115 des
2024 3050 2101 3133 plus
2123 3054 2210 3135 petis

1235 3124 1314 3206 qu'il
1337 3148 1377 3188 66
1401 3138 1546 3190 munstre
1576 3140 1609 3192 et
1639 3134 1801 3213 prattiquc
1829 3134 2044 3217 luy-masma,
2075 3137 2211 3203 dira-on

1234 3212 1334 3291 qu’un
1363 3211 1405 3273 tel
1436 3212 1498 3274 soit
1528 3225 1600 3295 trop
1630 3234 1826 3299 somptuoux
1857 3234 1890 3283 et
1918 3222 1988 3285 face
2011 3221 2056 3285 du
2079 3222 2208 3289 bravo?

1235 3295 1381 3375 Quanta
1397 3296 1430 3359 la
1447 3298 1612 3378 grandcur
1624 3313 1656 3364 61
1677 3304 1850 3384 puissance
1868 3304 1907 3368 de
1926 3305 2067 3388 laquelle
2090 3309 2133 3374 ils
2156 3330 2210 3375 me

1234 3389 1367 3461 portent
1388 3383 1493 3459 envie,
1516 3383 1546 3446 ie
1569 3384 1736 3472 voudroye
1754 3390 1830 3454 bien
1848 3394 1935 3455 m’on
1956 3392 2212 3478 dechargersur

1235 3486 1314 3562 eux:
1338 3488 1394 3530 car
1415 3467 1455 3531 116
1476 3471 1629 3535 6611111661
1650 3493 1694 3535 66
1714 3495 1866 3557 royaume
1884 3476 1916 3540 la
1934 3478 2113 3545 multitude
2126 3480 2210 3545 d’af·

1235 3549 1333 3613 161166
1355 3562 1387 3613 61
1408 3551 1437 3615 16
1459 3567 1575 3633 pesant
1596 3556 1729 3622 fardeau
1753 3559 1793 3623 de
1811 3570 1953 3626 travaux
1972 3564 2051 3645 qu’il
2069 3586 2124 3631 me
2139 3567 2212 3632 faut

1236 3643 1354 3714 porter.
1376 3636 1429 3733 Et·
1444 3638 1493 3700 s‘il
1516 3661 1537 3721 y
1560 3661 1601 3703 en
1620 3663 1639 3705 a
1662 3645 1754 3725 aqui
1776 3646 1807 3710 ie
1831 3668 1871 3710 ne
1894 3649 2004 3729 puisse
2025 3650 2212 3732 persuader

1237 3717 1276 3780 de
1298 3739 1376 3783 mon
1398 3732 1513 3785 vrvant
1542 3744 1602 3805 que
1624 3727 1654 3791 ie
1676 3750 1718 3791 ne
1740 3752 1818 3813 soye
1840 3733 1930 3798 riche
1952 3744 1987 3799 et
2008 3739 2211 3817 pecunieux,

1236 3821 1289 3865 ma
1311 3814 1396 3900 mort
1417 3807 1448 3868 16
1471 3820 1650 3875 6166611616
1673 3814 1871 3881 finalement.
1917 3819 2034 3886 Certos
2057 3820 2212 3889 d'autant

1236 3906 1350 3965 66616
1374 3894 1522 3972 n'appete
1543 3894 1614 3958 ricn
1636 3897 1710 3978 plus
1740 3921 1803 3982 que
1826 3923 1862 3966 ce
1891 3925 1952 3985 que
1978 3907 2053 3985 i'ay,
2077 3908 2109 3972 ie
2133 3931 2212 3974 eon·

1237 3970 1321 4067 16666
1342 3973 1417 4037 bien
1439 3978 1559 4041 n’estro
1581 4000 1639 4060 pas
1661 4003 1770 4063 povre.
1811 3986 1859 4052 Or
1878 3991 2026 4056 combien
2050 3993 2131 4075 qu'il
2156 3995 2215 4080 n’y

1239 4064 1284 4150 611
1305 4077 1429 4121 aucune
1451 4060 1582 4125 couleur
1611 4086 1651 4127 en
1680 4078 1826 4137 1666666
1853 4094 1970 4157 propos
2000 4090 2215 4162 controuvez',

1238 4138 1262 4199 rl
1284 4159 1320 4234 66
1341 4152 1454 4206 trouve
1478 4147 1639 4212 tousieurs
1661 4159 1867 4223 neantmoins
1884 4159 2052 4244 beaucoup
2071 4164 2114 4231 de
2128 4189 2215 4251 gens

1240 4241 1295 4318 qui
1316 4238 1390 4288 sont
1404 4226 1477 4290 bien
1489 4229 1573 4293 aises
1591 4230 1663 4295 d’en
1684 4247 1768 4302 estre
1785 4241 1957 4327 abbruvez,
1980 4258 2013 4312 et
2031 4271 2052 4331 y
2070 4272 2091 4314 a
2115 4253 2216 4335 plau·

1240 4306 1378 4402 dissent:
1409 4311 1495 4374 atla
1523 4314 1631 4377 661666
1660 4327 1718 4398 661,
1747 4346 1809 4405 666
1839 4328 1871 4392 16
1892 4331 1969 4414 plus
1992 4354 2077 4416 gran
2102 4341 2110 4368 ’
2135 4350 2217 4422 part

1241 4404 1354 4454 estrmc
1375 4415 1437 4473 que
1454 4394 1485 4458 16
1496 4397 1566 4460 seul
1579 4403 1707 4467 remede
1724 4428 1807 4488 pour
1821 4418 1951 4479 couvrir
1970 4439 2022 4483 ses
2035 4423 2217 4490 meschen-

1240 4482 1344 4572 eetez,
1359 4489 1408 4541 661
1431 4478 1470 4542 de
1493 4480 1647 4548 brouiller
1658 4500 1736 4571 tout,
1760 4502 1793 4556 et
1810 4500 1928 4564 mesler
1943 4504 1973 4566 lo
1986 4505 2082 4571 blane
2101 4513 2217 4591 parmi

1242 4557 1271 4620 16
1292 4579 1382 4622 noir:
1409 4573 1443 4623 et
1465 4561 1536 4627 leur
1557 4571 1678 4635 semble
1701 4575 1771 4639 bien
1796 4599 1856 4659 quc
1878 4590 1957 4651 c’est
1978 4589 2009 4653 le
2032 4598 2216 4661 souverain

1241 4660 1360 4736 moyen
1383 4654 1418 4741 et
1438 4647 1467 4707 le
1489 4648 1562 4728 plus
1584 4668 1674 4718 court
1695 4679 1776 4738 pour
1796 4666 1886 4730 vivre
1908 4684 2061 4740 6616616
2084 4678 2216 4748 1166666

1242 4735 1275 4819 et
1295 4738 1464 4808 impunite,
1486 4751 1546 4811 que
1563 4733 1743 4806 l'authorite
1762 4745 1817 4811 des
1835 4757 2011 4824 serviteurs
2035 4761 2076 4825 de
2092 4765 2217 4833 Ohrist

1242 4828 1337 4905 vieno
1354 4818 1375 4872 a
1393 4811 1551 4879 dceheoir.
1574 4819 1677 4887 Outrs
1695 4839 1766 4893 tous
1784 4838 1914 4903 ceux-la
1935 4841 1959 4904 il
1978 4866 2033 4926 ya
2051 4853 2144 4915 aussi
2166 4852 2216 4919 les

1243 4890 1878 5001 Ι6611611666111611616111611666116161161111
1898 4947 1932 4989 se
1944 4932 2157 5012 complaind·
2181 4952 2216 5005 et

1242 4992 1273 5035 16
1285 4996 1306 5035 6
1319 4990 1413 5071 66166
1427 5000 1481 5058 pas
1493 4987 1670 5086 seulement
1682 4997 1727 5059 lcs
1739 4999 1842 5066 frians
1856 5011 1912 5087 qui
1924 5013 2109 5085 cherchent
2120 4987 2216 5105 qhel.

1244 5076 1305 5136 que
1318 5059 1421 5139 hppee
1435 5082 1515 5142 pour
1533 5069 1629 5137 farcir
1642 5075 1712 5141 leur
1724 5094 1846 5166 ventre,
1863 5096 1946 5158 mais
1959 5109 2033 5164 tous
2044 5125 2133 5172 ceux
2205 5112 2212 5125 '

1244 5159 1303 5220 par
1319 5141 1397 5205 faux
1412 5162 1559 5230 rapports
1573 5155 1747 5228 cherchent
1762 5167 1801 5232 de
1819 5178 1993 5259 complaire
2008 5207 2075 5253 aux
2096 5131 2216 5275 6661111
