4658 5856
147 368 205 433 141
975 367 1193 434 PSALMUS
1216 368 1293 435 XV.
2072 366 2134 431 142

144 558 274 622 indicio.
298 557 406 640 Magis
429 558 622 640 quadraret:
646 557 917 641 contemptibiles
934 577 990 623 eos
1008 555 1114 622 reddi·
1140 564 1143 613 1
1168 557 1341 622 mandasse
1363 577 1446 641 qnae
1469 559 1568 641 longo
1591 556 2031 638 antetemporeacciderant.
2055 557 2135 623 Cae·

145 643 201 720 dit,
225 642 288 719 vel,
310 642 429 726 probro
451 659 484 708 et
505 645 704 728 ignominiae
722 643 869 709 subiecit.
892 644 988 710 Unde
1007 644 1114 725 sequi·
1167 652 1274 707 terum
1306 643 1391 725 quod
1422 642 1576 709 Israelem
1609 643 1738 707 liberari
1767 643 1864 724 cupit,
1899 642 1975 708 hinc
1997 664 2134 726 cognos-

145 741 201 793 tnr
232 729 316 792 nihil
346 729 408 794 sibi
449 751 545 812 qnam
580 730 718 796 dedecus
752 749 926 806 accersere,
968 729 1046 793 dum
1080 730 1114 793 in
1166 730 1271 794 cimus
1301 750 1363 793 non
1395 744 1460 794 tam
1483 731 1634 812 privatim
1658 729 1698 792 de
1720 750 1754 792 se
1778 731 1944 811 cogitasse,
1973 730 2134 809 quamde

143 814 283 881 sublime
327 815 399 879 nasi
421 815 493 880 Deo
514 817 618 881 invito
641 814 851 880 contendunt.
1165 816 1331 880 communi
1361 816 1514 880 ecelesiae
1546 816 1650 879 salute
1681 817 1779 879 fuisse
1808 814 1992 879 sollicitum.
2037 813 2132 894 Quod

227 897 293 982 6.(
340 900 472 966 balium
492 901 621 987 caepa.)
647 900 819 966 Invehitur
841 904 874 965 in
897 903 977 966 istos
999 901 1114 985 gigan·
1165 920 1203 965 eo
1236 899 1424 983 diligentius
1457 901 1637 965 notandum
1672 914 1731 975 est,
1765 900 1840 983 quia
1873 900 1950 964 dum
1986 901 2133 981 proprius

143 991 192 1049 tes
214 983 334 1067 quibus
357 985 496 1051 ludibrio
520 1001 570 1052 est
592 987 736 1053 lidslinm
755 987 955 1069 simplicitas,
978 986 1056 1051 dum
1079 989 1114 1050 in
1166 985 1258 1049 dolor
1280 1007 1545 1068 unumquemque
1568 999 1704 1069 occupat
1721 986 1789 1050 fere
1807 986 1985 1068 negligitur
2004 986 2133 1068 publica

143 1071 212 1133 suis
242 1072 384 1135 miseriis
405 1071 513 1137 Deum
544 1073 752 1138 liberatorem
782 1074 882 1154 quieti
912 1081 1112 1155 exspectant.
1165 1073 1302 1135 fratrum
1326 1074 1423 1137 salue.
1469 1072 1569 1155 Atqui
1591 1072 1736 1155 singulos
1757 1073 1825 1137 suis
1848 1073 1942 1136 malis
1964 1073 2057 1137 Deus
2080 1072 2134 1135 ad·

144 1154 190 1218 Et
210 1172 299 1222 certe
321 1156 404 1221 nihil
422 1160 513 1222 carni
533 1160 663 1224 videtur
680 1159 785 1239 magis
803 1158 991 1233 absurdum,
1014 1178 1113 1240 quam
1164 1173 1284 1235 mouet,
1317 1171 1355 1221 nt
1387 1178 1482 1223 curas
1514 1178 1591 1222 suas
1623 1159 1663 1222 ad
1695 1166 1797 1222 totum
1831 1159 1983 1223 ecclesiae
2016 1178 2133 1238 corpas

143 1238 183 1304 ad
205 1239 316 1306 Deum
344 1245 530 1327 confugere,
560 1242 638 1309 dum
672 1243 767 1309 malis
797 1244 919 1310 nostris
949 1265 1013 1308 non
1041 1249 1114 1309 stic-
1164 1254 1368 1322 convertant,
1399 1244 1670 1326 quemadmodum
1704 1242 1813 1308 David
1843 1264 1951 1308 secum
1975 1243 2132 1309 lsraelem

142 1328 261 1391 ourrit:
284 1328 359 1410 quia
380 1327 502 1394 seilicet
525 1331 633 1396 Deum
656 1351 697 1395 ex
719 1332 880 1409 praesenti
900 1330 1024 1414 gratiae
1042 1329 1112 1394 eius
1164 1330 1398 1410 complectitur.
1443 1326 1525 1414 (Uti
1546 1327 1743 1413 conveteril).
1789 1328 1914 1394 Statuit
1944 1329 1995 1395 his
2023 1329 2133 1394 verbis

143 1411 264 1477 intuitu
286 1415 447 1481 aestimat.
477 1415 555 1480 Ideo
577 1417 734 1496 increduli
758 1418 884 1498 quoties
904 1416 998 1479 malis
1020 1414 1112 1479 obrui
1165 1412 1284 1491 David,
1313 1414 1421 1478 Deum
1452 1415 1585 1479 minime
1618 1435 1789 1497 passurum
1822 1433 1857 1478 ut
1884 1414 1945 1479 sub
1973 1431 2132 1498 perpetuo

142 1497 257 1562 vident
280 1497 343 1563 Dei
373 1501 456 1566 lilios
488 1504 616 1566 inanem
640 1506 691 1586 (ut
713 1502 792 1584 ipsis
815 1500 946 1583 quidem
970 1499 1112 1587 videtur)
1164 1519 1311 1564 moerore
1361 1502 1529 1566 tabescant
1578 1499 1699 1576 fideles,
1749 1501 1835 1566 siout
1883 1501 1961 1566 alibi
2004 1500 2133 1578 dicitur,

142 1584 373 1649 confidentiam
396 1587 461 1651 illis
484 1587 691 1670 exprobrant,
714 1588 889 1669 saunisque
909 1587 977 1651 suis
1000 1586 1111 1670 exagi-
1163 1585 1249 1648 Psal.
1274 1585 1346 1665 126,
1369 1585 1405 1651 5:
1437 1585 1501 1666 Qui
1525 1587 1689 1651 seminant
1717 1587 1751 1649 in
1773 1586 1939 1669 lacrymis,
1966 1587 1999 1651 in
2022 1586 2132 1652 exsul·

142 1680 215 1733 tant
237 1670 323 1735 hano
344 1674 562 1753 securitatem,
591 1672 678 1756 quod
701 1674 735 1736 in
759 1673 877 1756 Deum,
901 1693 920 1736 a
943 1692 1005 1754 quo
1027 1670 1112 1736 nihil
1165 1674 1286 1736 tatione
1316 1686 1449 1737 metent.
1494 1672 1606 1755 Neque
1635 1674 1722 1736 enim
1752 1673 1885 1737 dubium
1916 1684 1966 1736 est
1994 1673 2074 1753 quin
2097 1694 2132 1737 se

142 1754 291 1820 sentiunt
313 1757 439 1835 anxilii,
463 1758 663 1824 recumbant.
707 1757 823 1841 Itaque
845 1758 920 1823 huic
941 1757 1112 1839 superbiae
1164 1770 1196 1820 et
1225 1757 1294 1839 pios
1322 1779 1436 1823 omnes
1463 1779 1576 1823 rursus
1605 1760 1775 1823 confirmet
1797 1775 1894 1840 atque
1917 1758 2067 1823 hortetur
2089 1758 2131 1822 ad

142 1840 304 1906 insultans
335 1843 453 1919 David,
488 1844 574 1910 hanc
604 1865 732 1927 quoque
763 1845 855 1908 exitii
884 1864 1015 1909 cansam
1046 1844 1112 1907 illis
1163 1863 1252 1922 spem
1287 1843 1488 1908 liberationis
1524 1843 1710 1926 promissae.
1762 1845 1871 1909 Primo
1900 1842 2009 1926 itaque
2043 1844 2131 1923 dicit,

141 1924 210 1991 iore
240 1929 422 2004 denuntiat,
461 1932 546 2011 qnod
577 1931 735 1999 stultitiae
769 1929 924 1995 damnent
952 1949 1112 2011 pauperes
1164 1925 1281 2003 Deum,
1305 1928 1381 1995 licet
1413 1950 1536 1994 moram
1561 1928 1678 2003 trahat,
1702 1929 1754 1994 vel
1778 1929 1892 1994 saltem
1917 1950 1979 1994 non
1998 1931 2132 1994 festinet

141 2025 174 2074 et
195 2015 340 2090 miseros,
370 2016 446 2096 quia
468 2018 542 2081 freti
565 2017 626 2080 Dei
655 2013 816 2099 praesidio
838 2015 933 2080 malis
955 2037 1020 2079 non
1043 2035 1113 2080 suc·
1164 2033 1223 2095 pro
1246 2031 1356 2079 nostro
1380 2015 1551 2095 desiderio,
1574 2014 1735 2081 vindicem
1759 2026 1868 2080 tamen
1893 2018 1961 2078 lore
1983 2017 2038 2096 qui
2056 2036 2131 2081 suos

141 2095 307 2177 cumbant,
337 2119 376 2165 ao
404 2102 503 2166 simul
533 2102 687 2165 admonet
711 2100 793 2164 nihil
815 2103 921 2185 magis
943 2122 1014 2165 esse
1036 2121 1112 2166 con·
1163 2119 1183 2161 a
1219 2102 1409 2182 captivitate
1447 2102 1595 2166 redimat.
1660 2100 1787 2165 Deinde
1822 2123 1841 2165 a
1874 2103 2006 2166 laetiore
2039 2103 2129 2166 exitu

140 2184 275 2264 saltum,
296 2205 395 2266 quam
418 2207 438 2252 a
460 2187 604 2252 Domino
627 2186 784 2272 pendere:
814 2201 911 2269 atque
936 2187 1020 2251 hano
1043 2205 1113 2253 esse
1164 2185 1291 2268 mitigat
1320 2207 1431 2250 eorum
1461 2185 1613 2263 dolorem,
1646 2188 1722 2267 quia
1751 2186 1785 2250 in
1814 2187 1969 2270 gaudium
2000 2186 2131 2251 tandem

138 2272 295 2350 optimam
319 2270 538 2352 prudentiam,
560 2276 712 2355 quamvis
734 2272 838 2337 simus
861 2272 984 2346 afflicti,
1007 2273 1113 2354 quies-
1165 2284 1317 2335 vertetur.
1363 2271 1547 2353 Captivitas
1569 2292 1666 2355 porro
1688 2272 1780 2336 caius
1802 2273 1963 2346 meminit,
1993 2286 2132 2336 nonest

139 2373 213 2419 cere
235 2355 271 2419 in
293 2357 398 2421 salute
420 2359 461 2423 ab
484 2379 521 2423 eo
543 2360 710 2440 promissa,
1164 2352 1366 2436 babylonica,
1389 2357 1441 2421 vel
1465 2357 1622 2438 dispersio
1645 2361 1730 2421 inter
1752 2359 1906 2439 profanas
1926 2368 2052 2441 gentes,
2074 2358 2129 2422 sed

1163 2440 1339 2508 domestice
1361 2444 1467 2525 potius
1488 2443 1653 2525 oppressio
1672 2463 1770 2525 quum
1791 2444 1960 2527 tyrannice
1977 2445 2012 2507 iu
2032 2445 2131 2508 eccle-

226 2527 255 2591 l.
290 2526 368 2607 Quis
400 2530 488 2595 dabit
519 2550 557 2594 ex
584 2529 665 2596 Sion
697 2527 863 2615 salaw)
896 2528 1025 2594 Iunci?
1057 2528 1112 2593 uti
1163 2527 1211 2591 sia
1233 2528 1441 2592 dominantur
1462 2528 1608 2610 improbi.
1641 2527 1751 2607 Quare
1773 2527 1926 2593 docemur
1943 2529 1994 2593 his
2015 2528 2130 2606 verbis,

137 2616 320 2678 cemeterii
343 2613 458 2680 lebona
484 2617 691 2697 captivitatem
714 2617 828 2697 populi
854 2618 915 2687 sui,
945 2613 1111 2680 laetabitur
1164 2612 1240 2676 dum
1272 2615 1352 2678 tales
1383 2615 1504 2679 bestiae
1534 2614 1598 2678 Dei
1626 2634 1759 2697 gregem
1788 2630 1918 2679 vastant
1947 2636 1985 2680 ac
2007 2614 2130 2696 disper·

138 2697 242 2773 Iacob,
266 2700 432 2765 neunt
455 2701 569 2766 Israel.
1163 2697 1255 2772 dunt,
1286 2701 1338 2765 vel
1367 2699 1505 2782 superbe
1527 2700 1725 2776 consultant,
1755 2698 1797 2763 ad
1818 2701 1927 2764 Deum
1949 2701 2131 2782 confligere,

1163 2787 1254 2849 cuiue
1280 2786 1449 2869 proprium
1472 2806 1595 2850 munus
1614 2799 1665 2849 est
1686 2808 1727 2849 ex
1750 2785 1958 2869 dissipatione
1980 2787 2132 2868 colligere

225 2869 256 2934 7.
278 2867 377 2955 (Qua
399 2870 510 2959 dabit.)
553 2872 662 2937 David
694 2875 858 2954 proposita
879 2872 1109 2937 consolationis
1163 2891 1257 2935 suum
1299 2872 1466 2936 Israelem.
1521 2871 1634 2952 Ipsum
1677 2892 1752 2935 vero
1788 2873 1980 2954 captivitatis
2013 2894 2131 2937 nomen

137 2954 296 3038 doctrina,
334 2960 453 3022 iterum
488 2958 530 3023 ad
559 2972 636 3023 vota
665 2973 699 3023 et
727 2960 866 3042 gemitus
896 2959 991 3023 redit.
1036 2957 1109 3037 Quo
1163 2953 1267 3031 docet,
1297 2958 1352 3022 ubi
1381 2958 1473 3039 impii
1504 2977 1561 3038 pro
1591 2976 1651 3021 sua
1680 2956 1814 3020 libidine
1836 2968 1961 3023 rectum
1984 2959 2129 3022 ordinem

137 3038 241 3120 docet,
271 3043 399 3108 etiamsi
430 3044 487 3108 diu
516 3044 672 3127 languere
701 3066 761 3108 nos
790 3044 882 3109 Deus
911 3046 1007 3120 sinat,
1042 3062 1108 3107 non
1162 3051 1362 3123 pervertunt,
1385 3045 1419 3106 in
1443 3040 1548 3106 medio
1569 3041 1722 3107 ecclesiae
1742 3044 1815 3107 sinu
1838 3043 2042 3126 Babylonem
2061 3065 2131 3108 esse

138 3127 258 3192 debere
288 3145 400 3194 tamen
429 3150 488 3194 nos
518 3130 624 3194 taedio
654 3133 771 3213 frangi,
807 3133 884 3210 quin
915 3150 1044 3211 semper
1073 3130 1108 3192 in
1162 3128 1214 3192 vel
1246 3132 1442 3212 Aegyptum.
1487 3127 1650 3206 Quamvis
1672 3138 1781 3191 autem
1803 3129 1908 3195 sancti
1931 3130 2040 3211 populi
2064 3129 2130 3193 lae·

137 3213 211 3296 ipso
240 3214 436 3297 gloriemur:
467 3215 582 3279 deinde
612 3217 734 3280 hocin
763 3216 927 3280 diuturnis
951 3216 1109 3279 molestiis
1162 3212 1267 3278 titiam
1290 3213 1399 3278 David
1421 3214 1456 3277 in
1479 3225 1607 3295 tempus
1631 3213 1827 3277 liberationis
1849 3213 1987 3291 differat,
2015 3236 2129 3279 conso·

137 3299 297 3379 optimum
338 3322 409 3365 esse
447 3300 608 3377 solatium,
657 3310 734 3366 vota
773 3300 912 3365 subinde
951 3315 1106 3383 repetere.
1160 3297 1238 3363 latio
1261 3312 1370 3363 tamen
1393 3298 1474 3364 haec
1497 3320 1562 3362 non
1585 3296 1741 3362 modoad
1766 3298 2129 3381 temperandumdolo·

138 3384 245 3449 Porro
273 3406 337 3450 non
366 3386 499 3468 respicit
525 3385 566 3450 ad
597 3385 746 3451 dextram
778 3388 829 3451 vel
859 3387 1035 3459 sinistram,
1073 3400 1109 3449 nt
1161 3405 1228 3447 rem
1261 3394 1408 3449 nostrum
1438 3384 1549 3449 valere
1572 3384 1676 3460 debet,
1707 3384 1764 3449 sed
1785 3384 1884 3449 etiam
1907 3385 2032 3449 laetitia
2053 3407 2129 3450 con·

138 3470 182 3534 ab
210 3491 278 3535 uno
306 3470 378 3536 Deo
406 3473 515 3538 oculos
549 3470 724 3538 deflectens
768 3472 868 3536 alium
903 3473 1106 3536 liberatorem
1159 3466 1324 3535 dieudum.

136 3567 288 3639 quaerat:
311 3557 368 3623 sed
390 3555 584 3623 sciscitando
605 3559 677 3639 quis
698 3559 788 3623 dabit
808 3559 957 3634 salutem,
979 3569 1107 3620 tantum

137 3643 301 3708 fervorem
325 3643 478 3709 desiderii
499 3645 669 3725 exprimit:
693 3644 775 3709 acsi
794 3641 946 3709 dixisset:
968 3639 1108 3723 Quando

137 3729 274 3794 tandem
296 3728 389 3795 Deus
419 3730 557 3794 salutem
587 3750 680 3794 suam
704 3728 868 3813 proferet?
899 3750 974 3792 nam
997 3726 1107 3792 addito

138 3813 252 3880 Sionis
269 3818 412 3892 nomine,
434 3836 526 3898 spem
543 3835 635 3880 suam
654 3818 688 3880 in
707 3815 779 3880 Deo
800 3816 900 3879 fixam
919 3834 991 3878 esse
1009 3826 1106 3878 testa·
1493 3793 1700 3863 Pffllffls
1723 3793 1799 3861 XV·

137 3909 204 3972 tur,
238 3921 313 3965 nam
349 3902 404 3966 ille
437 3913 510 3965 erat
541 3921 632 3966 sacer
672 3903 761 3966 locus
793 3900 880 3965 unde
913 3901 1108 3982 promiserat
1387 3966 1393 3979 ,
1823 3967 1857 3978 ,Ι
2003 3968 2009 3980 ,

137 3984 232 4051 Deus
264 4008 300 4051 se
332 3986 565 4052 exauditurum
606 4007 777 4052 servornm
811 4006 945 4050 snorum
980 4002 1108 4066 preces:
1160 3966 1244 4021 ABG·
1262 3967 1353 4088 ¹⁰⁰⁰⁰g
1366 3966 1622 4088 ¹¹¹¹⁰epz⁸¹mu⁸mq⁰⁸
1639 3965 1789 4087 1039πῦοῗ
1807 3967 1859 4088 ⁸¹bl¹
1876 3964 2028 4088 lufflbm
2041 3985 2127 4091 9⁰¹3?

136 4069 219 4136 illud
242 4084 314 4136 erat
335 4072 537 4137 domicilium
561 4094 655 4137 arcae
677 4071 826 4149 foederis,
849 4092 932 4152 quae
954 4070 1053 4134 arrha
1075 4078 1109 4133 et
1262 4051 1414 4172 igssmssffss
1422 4052 1526 4172 1,ῗῶξέ
1528 4051 2127 4174 ἰωᾞζξωξᾳζζωήεζᾱξῃωιῖηῗξῇζο,

136 4159 324 4241 symbolum
348 4169 420 4223 erat
442 4159 643 4242 praesentiae
666 4157 739 4223 Dei.
785 4157 858 4221 Non
882 4178 958 4239 ergo
981 4154 1109 4221 dubitat
1261 4188 1319 4225 rem
1338 4179 1366 4225 et
1383 4188 1489 4226 nerum
1507 4172 1564 4226 cius
1583 4174 1710 4240 popam
1728 4180 1947 4227 reornantur.

136 4245 288 4325 quisnam
311 4247 443 4309 iuturus
466 4244 508 4309 sit
530 4242 648 4309 salutis
669 4258 782 4307 autor:
813 4239 871 4307 sed
895 4241 993 4306 anxie
1015 4252 1109 4324 rogat

137 4330 270 4412 quando
303 4330 436 4395 tandem
469 4329 613 4412 prodibit
645 4331 735 4395 salus
770 4328 837 4411 illa,
877 4349 941 4391 non
975 4326 1108 4392 aliunde
1246 4327 1274 4391 1.
1299 4326 1462 4392 Gaatm
1491 4325 1637 4392 Desidia
1683 4325 1799 4391 Idaeae
1827 4329 1899 4409 qua
1920 4326 2071 4395 tuente
2092 4331 2127 4395 ia

136 4415 300 4497 speranda
329 4436 427 4499 quam
451 4418 491 4481 ab
514 4435 580 4479 uno
602 4414 684 4479 Deo.
729 4412 908 4494 Quaeritur
930 4426 1050 4490 tamen,
1078 4412 1107 4476 si
1158 4413 1354 4478 mmanclo
1382 4413 1461 4477 tuo?
1492 4413 1565 4495 qaia
1589 4414 1811 4494 requiescetis
1831 4418 1929 4479 mmte
1950 4415 2126 4481 sandwic

134 4500 219 4566 haec
246 4504 391 4585 precatio
421 4502 563 4584 pertinet
591 4500 632 4565 ad
655 4512 783 4584 tempus
804 4498 925 4578 Saulis,
954 4499 1010 4580 qui
1032 4519 1106 4563 con·
1158 4499 1254 4564 tace?
1296 4498 1327 4563 2.
1353 4499 1416 4580 Qui
1443 4497 1583 4564 cmbtdat
1611 4499 1728 4582 reaper
1754 4503 1783 4562 et
1802 4497 1881 4578 facit
1900 4499 2066 4578 iustitiam,
2098 4505 2127 4566 et

134 4588 251 4652 veniat
270 4586 402 4654 Sionem
426 4587 588 4653 nominari
610 4596 767 4667 tanquam
787 4585 850 4650 Dei
873 4586 1105 4650 sanctuarinm.
1157 4586 1213 4667 qui
1234 4586 1371 4667 loquitar
1392 4585 1550 4651 vesana
1571 4586 1607 4649 in
1626 4584 1715 4649 eorde
1734 4604 1801 4649 aso.

135 4671 247 4738 Sicci
271 4674 405 4757 placcat,
434 4673 551 4755 spiritu
573 4670 764 4754 prophetico
784 4672 883 4736 luisse
904 4669 1105 4753 praedictum

135 4781 158 4825 a
184 4758 318 4824 Davide
347 4757 432 4841 quod
464 4757 611 4821 nondam
641 4759 749 4840 palem
778 4760 900 4821 t'actum
929 4770 1010 4835 erat,
1040 4775 1105 4820 non
1245 4756 1273 4821 1.
1296 4755 1440 4821 Domine
1467 4756 1540 4838 qais
1566 4770 1627 4822 etc.
1671 4754 1758 4836 Quia
1780 4753 1861 4818 nihil
1884 4756 1988 4838 magis
2010 4755 2124 4821 tritum

134 4866 294 4930 repugno,
324 4845 406 4910 milri
436 4862 546 4908 tamen
576 4841 743 4925 probabile
766 4842 905 4921 videtur,
935 4855 1105 4924 postquam
1158 4841 1262 4907 estin
1284 4841 1407 4906 mando
1429 4861 1526 4923 quam
1549 4840 1631 4908 falso
1653 4839 1828 4907 obtendere
1851 4838 1913 4904 Dei
1936 4858 2053 4906 nomen
2076 4839 2125 4906 id·

132 4952 211 4997 aroa
237 4930 378 4996 foederis
400 4931 434 4994 in
458 4939 568 4994 monte
592 4927 672 4993 Sion
704 4927 807 4992 locata
836 4941 917 5007 erat,
950 4927 1106 5008 composi·
1157 4947 1220 5009 que
1252 4927 1314 4992 sibi
1347 4947 1466 5012 magna
1497 4948 1573 5009 pars
1606 4927 1777 4992 hominum
1817 4945 1929 4989 secure
1961 4926 2124 5011 indulget:
2145 4971 2154 4981 ,-

133 5033 204 5083 tum
228 5019 330 5083 fuisse
352 5016 440 5082 hunc
460 5014 637 5081 Psalmum.
672 5011 801 5080 Scimus
824 5015 911 5077 enim
936 5013 1107 5088 Davidem,
1157 5013 1304 5079 consulto
1338 5012 1458 5093 David,
1491 5012 1676 5079 hominibus
1708 5011 1841 5090 relictis,
1876 5010 1983 5076 Deum
2016 5013 2125 5096 ipsum

131 5116 170 5169 ut
187 5105 327 5188 posteris
344 5101 539 5177 consuleret,
560 5099 738 5182 parotium
762 5106 913 5163 aeternae
931 5099 1108 5163 memoriae
1158 5100 1339 5182 compellat,
1368 5098 1566 5183 significans,
1596 5109 1730 5164 cunctos
1759 5096 1924 5176 mortales,
1961 5100 1988 5164 si
2018 5099 2125 5167 fallaci

1159 5185 1255 5248 titulo
1277 5185 1463 5261 abutantur,
1486 5185 1554 5249 sais
1576 5182 1740 5248 blanditiis
1759 5181 1842 5245 nihil
1860 5185 2027 5265 proficere,
2049 5186 2126 5267 quia

220 5293 250 5362 ·)
267 5292 355 5361 salue,
372 5306 406 5345 ιιι
423 5304 531 5359 serpe.-
548 5304 583 5342 ou
600 5289 764 5345 delimato.
1160 5271 1251 5335 Dens
1283 5290 1412 5353 sempor
1433 5272 1545 5335 manet
1564 5270 1615 5335 sni
1636 5266 1768 5335 similis:
1800 5276 1832 5331 et
1854 5269 2125 5351 quemadmodum
