4658 5856
156 361 196 426 81
999 361 1219 429 PSALMUS
1242 363 1321 430 VII.
2120 368 2164 433 82

158 551 279 613 bouem
309 548 500 630 impulisset,
531 564 561 614 et
592 549 765 615 struendas
789 548 883 615 Sauli
906 549 1049 629 insidias,
1077 551 1128 616 eui
1182 550 1386 618 circumdabit
1407 557 1450 616 to:
1479 558 1507 616 et
1522 557 1656 633 prroptcr
1677 552 1757 618 lieno
1778 553 1812 617 ia
1831 553 1981 618 crocleam
2003 558 2162 621 emoriere.

158 636 312 701 obstricta
334 641 404 697 erat
427 635 497 699 eius
519 635 617 700 fides:
640 637 747 717 priore
769 634 915 700 membro
937 634 978 700 ab
1000 635 1057 700 illa
1079 637 1129 701 in·
1180 636 1210 701 9.
1234 636 1350 702 lebona
1372 638 1523 703 iudicabit
1538 638 1693 719 populos:
1715 638 1822 703 iudico
1844 658 1901 715 me,
1925 659 1942 703 e
1966 638 2090 714 Ielrooc,
2114 660 2162 705 sc·

158 720 257 784 famia
279 741 313 784 se
335 732 467 803 purgat.
500 719 579 784 Ideo
601 721 682 786 forte
703 719 837 785 Saulem
861 732 955 786 vocat
978 731 1129 803 pacatum
1180 723 1316 788 madum
1337 723 1498 787 iustitiam
1520 742 1631 803 818888,
1653 729 1682 787 et
1703 725 2087 807 secuadumiatopritotem
2108 746 2163 790 su-

158 826 266 884 suum,
295 807 370 885 quia
399 807 470 869 iure
498 807 587 889 regie
611 815 745 872 sanctus
768 826 805 870 ae
829 815 920 872 tutus
943 828 1013 871 esse
1036 807 1129 872 decc·
1175 828 1236 888 per·
1256 829 1312 873 nec.

157 890 222 970 bat,
244 910 285 954 ne
309 890 383 972 quid
409 891 525 956 hostile
546 893 581 955 in
604 912 678 956 eum
692 894 985 957 teutarefasesset.
1016 891 1128 973 Quan-

158 995 254 1058 quam
267 986 374 1058 petest
388 977 448 1040 hoe
460 998 579 1040 nomeu
603 977 772 1042 indefinite
794 978 914 1059 accipi:
938 1000 974 1042 ac
987 977 1015 1041 si
1028 977 1129 1043 dixis·
1268 979 1297 1042 7.
1321 977 1436 1062 (Surge
1453 978 1612 1057 Domine.)
1635 977 1790 1041 Hostium
1808 998 1943 1042 suorum
1962 978 2163 1062 indignatio-

158 1072 223 1126 eet:
252 1061 358 1125 Nemo
386 1063 442 1142 qui
471 1060 616 1126 modeste
647 1084 681 1128 se
704 1063 744 1126 ab
775 1063 897 1127 iuiuria
923 1064 1129 1142 continuerit,
1181 1063 1278 1128 nibus
1300 1065 1382 1128 iram
1402 1063 1464 1127 Dei
1489 1064 1631 1145 opponit,
1655 1078 1753 1145 atque
1777 1062 1861 1126 idem
1886 1064 1979 1129 uobis
2002 1065 2036 1128 ic
2059 1063 2160 1129 simili

158 1168 195 1212 ac
217 1165 252 1211 se
272 1147 460 1211 humaniter
482 1169 560 1230 erga
583 1171 634 1212 me
656 1149 804 1232 gesserit,
829 1170 905 1213 vere
923 1158 1078 1231 queretur
1096 1170 1131 1214 se
1182 1170 1292 1213 rerum
1315 1159 1500 1213 uestrarum
1524 1163 1612 1214 statu
1635 1147 1805 1228 agendum.
1841 1149 1926 1213 Nam
1946 1150 2024 1213 dum
2044 1149 2161 1213 ardent

157 1232 257 1296 fuisse
287 1231 353 1296 ullo
383 1254 455 1298 meo
485 1234 642 1299 maleficio
664 1235 836 1299 offensum.
882 1235 927 1298 Et
950 1246 1058 1299 tamen
1082 1235 1127 1298 ita
1182 1235 1284 1317 impii,
1324 1249 1358 1299 et
1391 1233 1431 1298 ad
1465 1255 1523 1298 nos
1557 1234 1740 1316 perdendos
1774 1233 1894 1297 furoris
1927 1235 1978 1298 sui
2011 1236 2161 1300 flammas

158 1317 258 1401 vulgo
279 1321 426 1400 persuasi
449 1318 745 1397 erantdeDavide,
769 1321 803 1383 in
825 1319 934 1383 media
956 1340 1036 1403 pace
1053 1342 1128 1384 eum
1183 1320 1367 1402 proliciunt,
1392 1319 1558 1402 rogandus
1581 1334 1632 1383 est
1654 1320 1744 1383 Deus
1768 1336 1803 1382 ut
1825 1320 1894 1402 ipse
1918 1341 2044 1402 queque
2070 1322 2159 1384 iuca-

158 1403 301 1468 mevisee
333 1424 451 1486 graecu
485 1405 613 1483 turbas,
648 1416 679 1469 et
711 1426 842 1469 causam
876 1404 1002 1471 dedisse
1035 1405 1128 1470 belle.
1182 1407 1296 1470 loscat:
1332 1407 1393 1472 hoc
1426 1418 1490 1481 est,
1524 1427 1560 1470 rc
1588 1406 1659 1487 ipsa
1687 1404 1836 1468 ostendat
1868 1425 1932 1468 non
1965 1406 2074 1470 minus
2097 1405 2159 1469 sibi

158 1486 254 1554 Unde
286 1489 399 1552 melius
429 1502 571 1573 apparet,
603 1490 698 1555 mede
728 1491 882 1573 probetur
901 1491 982 1568 Deo,
1014 1492 1048 1555 iu
1071 1492 1132 1557 hac
1183 1512 1253 1556 esse
1276 1493 1336 1556 celi
1359 1506 1391 1556 et
1415 1491 1579 1573 potentiae
1603 1490 1644 1554 ad
1668 1509 1728 1553 nos
1757 1490 1944 1554 servandos.
1990 1489 2159 1574 Surgendi

158 1573 228 1639 sela
261 1574 480 1640 consolatione
514 1576 729 1658 acquiescere.
782 1576 822 1639 In
861 1576 1005 1640 secunda
1038 1584 1131 1659 parte
1182 1580 1319 1641 verbum
1341 1576 1562 1658 metaphorice
1592 1575 1733 1640 sumitur
1763 1597 1822 1657 pro
1845 1574 2074 1640 Conscendere
2106 1574 2161 1639 tri-

158 1680 273 1724 versus
301 1658 430 1743 longius
459 1661 677 1743 progreditur,
708 1682 824 1743 nempe
855 1660 940 1742 quod
968 1684 1035 1726 neu
1059 1671 1130 1727 tan·
1183 1662 1292 1740 buual,
1323 1662 1376 1727 vol
1406 1685 1441 1727 se
1463 1664 1632 1743 accingere
1655 1659 1695 1724 ad
1718 1662 1950 1724 resistendum:
1982 1661 2059 1742 quia
2082 1661 2159 1724 der-

158 1753 227 1808 ium
258 1745 349 1810 benis
378 1746 502 1811 amicus
531 1746 639 1825 fuerit,
671 1746 846 1812 sedetiam
870 1747 1043 1829 improbis:
1072 1769 1132 1812 nec
1183 1749 1264 1810 mire
1289 1748 1416 1812 videtur
1440 1748 1530 1812 Deus
1553 1746 1709 1828 quamdiu
1732 1746 1892 1810 auxilium
1920 1768 2015 1810 suum
2039 1744 2158 1810 differt.

156 1838 287 1893 tentum
318 1851 352 1893 88
380 1830 561 1896 cohibuerit
590 1833 629 1896 ab
657 1833 746 1895 omni
771 1831 926 1915 vindicta,
956 1832 1012 1898 sed
1036 1853 1130 1916 opem
1183 1831 1260 1897 ldee
1279 1848 1374 1916 rogat
1389 1830 1486 1897 etiam
1507 1834 1604 1914 paule
1623 1829 1818 1913 pestDavid
1839 1843 1875 1894 ut
1893 1832 2158 1913 expergiscatur:

156 1914 270 1980 tulerit
292 1915 444 2000 inimicis,
469 1939 488 1980 a
511 1917 629 1998 quibus
652 1939 771 2001 graves
793 1918 930 1982 iniurias
954 1939 1130 2001 perpessus
1182 1918 1259 2000 quia
1278 1919 1339 1983 hee
1349 1920 1451 1984 instar
1470 1918 1731 1996 oblivioniscrat,
1750 1920 1906 1980 miserum
1922 1931 1954 1981 et
1966 1937 2159 1999 oppressum

156 2010 237 2065 erat.
265 2001 407 2065 Etcerte
430 2024 495 2066 nen
520 2003 694 2067 admodum
719 2003 885 2085 praeclara
909 2005 1013 2068 virtus
1036 2016 1131 2086 esset,
1182 2005 1270 2067 omni
1300 2025 1361 2086 ope
1389 2004 1574 2069 destituere.
1620 2003 1662 2066 In
1696 2004 1761 2066 fine
1793 2023 1907 2067 versus
1936 2001 2089 2080 ostendit,
2124 2021 2159 2065 sc

155 2086 259 2150 hones
292 2097 325 2151 et
357 2089 500 2170 placidos
534 2111 643 2153 amere
676 2091 839 2171 prosequi,
874 2090 936 2152 nisi
969 2090 1004 2152 in
1036 2090 1131 2154 malis
1182 2089 1265 2153 nihil
1293 2098 1403 2171 petere
1432 2090 1495 2154 nisi
1525 2111 1565 2152 ex
1596 2088 1658 2152 Dei
1688 2089 1900 2169 praescripto.
1945 2092 2057 2167 Atque
2080 2087 2161 2152 haee

155 2192 284 2254 quoque
307 2176 467 2254 patienter
490 2174 631 2238 ferendis
655 2174 834 2238 moderatio
857 2185 890 2236 et
912 2176 1059 2255 aequitas
1078 2196 1129 2239 ac·
1182 2174 1275 2239 nobis
1296 2176 1332 2238 iu
1357 2174 1505 2256 precibus
1525 2173 1667 2237 tenenda
1686 2189 1735 2236 est
1754 2175 1877 2254 regula,
1899 2184 1936 2237 ut
1957 2190 2031 2236 vota
2051 2185 2162 2236 uestra

156 2256 296 2322 cederet.
329 2259 393 2323 Ubi
419 2280 495 2323 vore
519 2262 678 2342 quispiam
703 2282 767 2323 nen
791 2259 886 2323 mode
910 2272 1057 2341 acceptas
1081 2261 1129 2323 in·
1184 2261 1358 2324 formemus
1382 2260 1422 2324 ad
1446 2261 1516 2323 cius
1542 2259 1753 2334 voluntatem,
1778 2260 1874 2323 sicuti
1898 2262 1996 2324 etiam
2021 2258 2160 2322 Ioannes

155 2341 259 2408 iuriae
283 2364 345 2407 neu
371 2345 509 2422 retaliet,
534 2344 590 2409 sed
615 2346 737 2408 malum
761 2345 975 2409 beneficentia
998 2345 1131 2410 vincere
1182 2345 1345 2421 admouet,
1380 2345 1406 2409 Ι.
1430 2344 1501 2408 Ioh.
1526 2343 1556 2420 5,
1583 2345 1632 2408 14.
1688 2344 1757 2408 Nec
1790 2365 1870 2407 sanc
1899 2347 1994 2410 aliter
2025 2365 2067 2407 ex
2097 2341 2161 2406 fide

155 2443 304 2506 conatur,
335 2451 450 2493 verum
482 2433 644 2512 specimen
674 2430 806 2494 divinae
829 2429 962 2493 virtutis
986 2430 1129 2505 exhibet,
1182 2430 1364 2510 concipitur
1397 2430 1510 2508 oratio,
1550 2430 1612 2495 nisi
1649 2428 1725 2492 dum
1760 2428 1794 2491 in
1825 2431 1939 2509 primis
1971 2429 2163 2508 respicimus

156 2524 255 2594 atque
291 2518 349 2579 hec
384 2516 480 2579 medo
510 2538 609 2579 unum
645 2537 679 2580 se
709 2537 748 2578 ox
777 2516 853 2578 liliis
884 2516 946 2578 Dei
979 2535 1048 2579 8888
1077 2514 1130 2578 de·
1183 2514 1263 2596 quid
1290 2514 1382 2579 Deus
1412 2515 1600 2597 praecipiat,
1632 2536 1673 2578 no
1700 2525 1822 2578 temere
1855 2516 1906 2578 vel
1930 2516 2064 2580 fortuite
2089 2536 2163 2594 pro·

157 2607 329 2675 monstrat,
364 2603 442 2681 quia
472 2601 603 2666 nonnisi
637 2623 656 2665 8
687 2601 804 2684 spiritu
838 2600 1021 2682 adoptionis
1056 2601 1130 2665 talis
1183 2600 1292 2664 siliant
1313 2601 1414 2665 animi
1437 2603 1541 2665 nestri
1564 2600 1604 2665 ad
1628 2599 1848 2682 appetendum
1867 2600 2055 2684 plusquam
2076 2600 2160 2663 licet.

156 2685 373 2767 mansuetudo
397 2687 550 2768 precedit.
592 2686 686 2766 Qriod
711 2686 751 2751 ad
773 2687 875 2751 verba
897 2696 1031 2767 spectat,
1055 2688 1130 2769 quia
1183 2684 1295 2750 David
1318 2707 1396 2768 crgo
1420 2700 1455 2749 ut
1478 2686 1539 2749 rite
1562 2698 1720 2767 precetur,
1744 2686 1779 2748 in
1805 2687 1938 2751 verbum
1953 2689 2015 2752 llei
2035 2696 2067 2750 et
2086 2706 2161 2767 pro·

157 2770 224 2870 siit
249 2770 395 2835 dividere
417 2774 590 2853 siguificat,
613 2773 744 2853 quidam
770 2783 805 2834 ut
828 2772 911 2835 nihil
922 2771 1130 2852 subaudiant,
1183 2771 1371 2835 missionem
1394 2773 1572 2836 recumbit:
1596 2773 1676 2836 acsi
1700 2770 1831 2852 diceret,
1854 2771 1996 2838 Domine
2021 2794 2084 2836 non
2108 2791 2161 2834 me

154 2874 202 2922 tta
231 2871 401 2940 exponunt
430 2858 520 2922 huuc
549 2859 669 2923 lecum:
705 2859 741 2923 si
772 2878 833 2939 ego
864 2878 916 2920 me
946 2857 1130 2922 suhduxia
1183 2856 1294 2937 aliqua
1316 2858 1459 2932 ambitio,
1483 2857 1537 2921 vel
1559 2857 1679 2921 stultus
1701 2856 1854 2937 impetus,
1879 2859 1931 2923 vel
1951 2880 2089 2940 pravum
2109 2854 2164 2919 de-

154 2942 443 3026 persequutoribus
467 2943 544 3025 quin
569 2944 734 3026 suppetias
756 2943 821 3007 illis
844 2943 971 3007 ferrem.
1001 2943 1130 3026 Recep·
1183 2941 1340 3006 siderium
1369 2942 1508 3025 impellit
1536 2954 1573 3005 ut
1601 2940 1837 3005 inconsiderate
1865 2955 1972 3023 petam
2004 2942 2163 3029 quidquid

155 3030 221 3093 tior
248 3041 359 3092 tamen
390 3038 441 3092 est
471 3029 576 3092 altera
605 3029 843 3111 iuterpretatie,
875 3041 909 3092 ut
939 3029 983 3092 sit
1005 3029 1130 3111 eripere
1182 3028 1273 3091 carni
1306 3048 1397 3092 meae
1432 3026 1572 3092 arridet:
1613 3026 1670 3092 sed
1705 3026 1786 3090 mihi
1821 3029 1988 3110 praelucet
2022 3029 2161 3095 verbum

154 3114 208 3179 vel
238 3134 352 3177 eruere
384 3114 586 3196 epericulo:
618 3116 694 3196 quia
716 3133 908 3196 separamus
932 3135 1013 3196 quae
1036 3114 1129 3178 velu—
1183 3122 1287 3195 tuum,
1317 3114 1370 3177 cui
1399 3134 1511 3176 secure
1540 3113 1671 3176 innitor.
1712 3112 1798 3175 Nam
1827 3133 1929 3193 quum
1954 3115 2045 3180 Deus
2076 3115 2162 3179 ultre

156 3221 230 3264 mus
252 3200 286 3262 in
310 3209 380 3262 tute
403 3200 520 3264 locare.
566 3199 618 3263 lta
647 3200 873 3264 subaudienda
896 3201 957 3263 erit
982 3200 1129 3283 negatio:
1182 3197 1289 3279 ipsum
1315 3208 1460 3264 vocasset
1482 3197 1523 3262 ad
1541 3219 1631 3279 spem
1651 3198 1754 3279 regni,
1775 3198 1919 3260 ciusdem
1937 3216 2046 3280 partes
2066 3214 2162 3265 erant

155 3283 242 3367 quod
265 3284 299 3347 in
322 3285 465 3348 Psalmis
489 3309 552 3350 nen
576 3307 650 3349 raro
672 3286 745 3351 fieri
768 3284 961 3348 videbimus.
1182 3304 1325 3359 servum,
1349 3303 1444 3364 quom
1469 3283 1646 3365 delegerat,
1678 3283 1762 3346 tueri
1786 3294 1818 3346 et
1841 3303 1996 3349 asserere.
2042 3286 2159 3366 Itaque

242 3370 273 3433 6.
301 3369 528 3455 (Perseqactar
566 3369 741 3456 inimicus.)
792 3370 950 3451 Magnum
987 3371 1129 3452 optimae
1182 3367 1318 3450 perinde
1341 3379 1391 3432 est
1414 3390 1451 3433 ac
1474 3369 1503 3433 si
1525 3368 1677 3432 dixisset:
1703 3367 1813 3447 Quum
1837 3389 1897 3451 ego
1920 3370 2050 3451 privata
2073 3383 2159 3435 sorte
2224 3379 2225 3382 ’

154 3454 293 3520 fiduciae
323 3456 463 3538 signum,
499 3456 584 3539 qued
617 3456 741 3520 nullam
771 3454 980 3537 quantumvis
1011 3456 1130 3519 atrocis
1182 3464 1356 3518 contentus
1389 3475 1512 3533 essem,
1547 3455 1606 3519 tibi
1647 3453 1770 3537 placuit
1805 3474 1857 3517 me
1885 3477 1996 3538 regem
2030 3477 2158 3522 creare:

155 3562 280 3623 poenae
310 3541 449 3623 speciem
480 3556 608 3607 recusat
631 3540 750 3616 David,
779 3540 808 3604 si
835 3540 870 3603 iu
894 3540 1053 3605 maleficio
1077 3541 1129 3604 de·
1183 3559 1270 3603 nunc
1300 3560 1378 3621 ergo
1404 3554 1497 3604 tuum
1522 3549 1571 3605 est
1593 3559 1725 3605 causam
1750 3538 1835 3604 hauc
1857 3542 2022 3623 suscipere
2045 3556 2160 3608 contra

154 3625 337 3708 prehensus
367 3627 476 3691 luerit.
521 3629 633 3692 Talem
657 3626 890 3692 conscientiam
913 3627 941 3689 si
961 3647 1130 3709 possemus
1182 3624 1317 3690 Saulem
1330 3640 1363 3689 et
1381 3626 1451 3690 cius
1470 3626 1618 3699 88888188,
1638 3626 1693 3708 qui
1716 3638 1808 3688 tuum
1828 3624 1994 3691 decretum
2013 3645 2159 3692 evertere

155 3733 266 3776 ceram
297 3711 369 3776 Deo
398 3713 526 3789 afferre,
558 3715 738 3795 promptior
761 3710 801 3775 ad
825 3710 994 3776 ferendum
1018 3711 1129 3776 statim
1181 3710 1378 3789 moliuntur,
1419 3710 1496 3775 dum
1531 3731 1584 3774 mc
1618 3720 1818 3793 oppugnant.
1876 3712 2023 3776 Verbum
2057 3725 2158 3808 mut

155 3798 251 3862 nohis
281 3798 439 3861 auxilirm
474 3812 558 3862 esset
581 3799 649 3862 eius
673 3819 798 3862 manus.
846 3795 912 3861 Sed
935 3799 1012 3878 quia
1033 3817 1130 3879 saepe
1183 3808 1292 3877 posset
1324 3799 1422 3861 etiam
1458 3798 1631 3860 transitive
1665 3797 1765 3877 accipi
1810 3817 1869 3877 pre
1912 3797 2064 3878 Erigere,
2108 3799 2160 3862 vel

154 3884 204 3960 fit,
228 3892 265 3946 ut
288 3884 343 3963 qui
368 3904 427 3947 nos
450 3885 617 3961 infestant,
641 3885 809 3966 provocati
832 3904 852 3946 8
875 3883 966 3947 uehis
989 3882 1129 3947 fuerint:
1181 3880 1326 3946 stabilire
1338 3881 1460 3947 Davidi
1483 3881 1534 3946 ius
1553 3903 1660 3945 suum.
1692 3879 1829 3945 Summe
1847 3894 1958 3945 tamen
1978 3882 2041 3946 huc
2064 3884 2159 3961 redit,

155 3966 209 4032 vel
240 3970 317 4050 quia
347 3968 463 4032 offensi
491 3970 642 4034 ardemus
670 3968 778 4034 studio
799 3969 971 4044 vindictae,
1002 3968 1129 4050 indigui
1182 3965 1269 4049 qued
1290 3967 1354 4030 Dei
1379 3969 1547 4032 vocatione
1569 3966 1682 4042 fretus,
1717 3987 1848 4029 manum
1879 3966 1940 4031 sibi
1964 3968 2003 4032 ab
2026 3992 2064 4034 88
2087 3991 2163 4053 per·

153 4075 278 4136 sumus,
301 4054 420 4135 quibus
445 4055 533 4119 Deus
555 4069 741 4120 succurrat:
773 4055 838 4118 imo
860 4055 993 4117 ianuam
1017 4068 1130 4117 nestra
1181 4052 1246 4135 rigi
1268 4053 1366 4135 eupit.
1411 4052 1552 4134 Ideoque
1576 4053 1725 4117 fidelibus
1746 4051 1927 4116 cavendum
1952 4065 2010 4133 est,
2035 4078 2075 4119 ne
2099 4057 2158 4121 has

154 4138 367 4223 intemperies
394 4141 544 4222 precibus
567 4141 688 4205 nostris
710 4139 840 4204 claudit.
884 4139 997 4203 Primo
1020 4138 1129 4203 David
1181 4146 1285 4202 metas
1323 4138 1499 4216 excedant,
1540 4139 1569 4203 si
1603 4137 1666 4203 Dei
1705 4137 1903 4220 praesidium
1943 4140 2003 4204 sibi
2045 4140 2159 4208 adesse

155 4222 300 4289 hostium
323 4223 450 4288 libidini
474 4225 589 4288 subiici
612 4235 746 4307 paratus
769 4235 827 4301 est,
851 4235 889 4287 ut
911 4225 1010 4287 vitam
1035 4246 1128 4288 suam
1180 4223 1326 4304 cupiunt.

156 4308 443 4392 comprehendant,
474 4324 506 4374 et
537 4322 745 4393 prosternant
773 4312 808 4374 in
838 4323 978 4374 terram:
1011 4308 1128 4374 deinde
1267 4309 1296 4373 8.
1331 4306 1388 4393 (Et
1417 4309 1610 4393 eonprepoiie
1627 4308 1839 4394 populorum.)
1884 4308 2027 4389 Quidam
2049 4314 2157 4380 locum

154 4395 310 4478 prostitui
332 4416 443 4459 eorum
463 4394 612 4470 ludibrio,
637 4405 674 4460 ut
692 4399 787 4462 etiam
809 4406 956 4460 mortuus
975 4406 1129 4458 aeternae
1181 4393 1270 4458 hunc
1304 4396 1343 4458 ad
1380 4397 1537 4477 populum
1570 4395 1789 4459 Israeliticum
1813 4398 2032 4478 restringunt,
2063 4420 2100 4463 ac
2128 4402 2156 4464 si

154 4479 357 4563 ignominiae
398 4480 571 4545 subiaceat.
631 4480 829 4564 Quanquam
871 4502 987 4545 nomeu
1029 4493 1128 4564 πῃ)
1181 4482 1387 4559 promitteret
1410 4481 1527 4558 David,
1551 4481 1687 4545 simulac
1709 4482 1743 4543 in
1767 4484 1858 4563 regni
1884 4484 2000 4546 solium
2025 4498 2157 4550 evectus

156 4564 288 4647 quidam
312 4586 370 4648 pre
393 4567 461 4630 vita
483 4567 569 4631 sumi
592 4566 719 4649 volunt,
754 4578 790 4632 ut
812 4582 861 4631 ter
883 4564 968 4630 idem
993 4586 1128 4646 repetat.
1153 4614 1155 4628 .
1181 4566 1273 4638 feret,
1309 4588 1345 4629 se
1381 4588 1511 4647 operam
1544 4565 1697 4629 daturum
1723 4576 1758 4628 ut
1780 4568 1920 4648 populus
1943 4578 2039 4631 autea
2062 4569 2157 4634 dissi·

156 4650 223 4716 Sed
247 4651 329 4714 mihi
353 4650 479 4732 plenior
511 4650 642 4716 videtur
663 4652 732 4716 fore
754 4673 870 4717 sensus
892 4653 920 4716 si
944 4652 1065 4715 referas
1088 4652 1128 4715 ad
1153 4636 1156 4669 '
1182 4660 1287 4730 patus,
1324 4651 1443 4715 iterum
1478 4650 1672 4714 coalesceret
1701 4651 1735 4714 in
1771 4673 1889 4732 purum
1927 4651 1989 4716 Dei
2019 4653 2154 4721 cultum.

156 4736 364 4801 memoriam:
388 4737 463 4800 acsi
476 4737 626 4801 dixisset:
651 4738 725 4801 Neu
749 4737 842 4802 medo
865 4760 917 4802 me
935 4736 1039 4800 hostis
1058 4759 1129 4818 per·
1182 4735 1264 4797 Nam
1300 4738 1361 4801 sub
1392 4736 1493 4802 Saule
1529 4737 1580 4799 vel
1615 4736 1763 4819 neglecta
1796 4737 1904 4801 fuerat
1938 4737 2067 4818 religio,
2103 4741 2156 4804 vel

156 4821 222 4899 dat,
252 4820 310 4886 sed
339 4830 504 4886 mortuum
528 4844 653 4905 quoque
676 4823 798 4886 afficiat
821 4823 947 4906 probris
969 4823 1128 4901 omnibus,
1182 4829 1275 4883 tanta
1303 4823 1460 4887 scelerum
1490 4823 1621 4886 lieentia
1642 4835 1791 4906 grassata
1815 4825 1919 4885 fuerat
1942 4833 1977 4884 ut
1999 4825 2091 4902 pauci
2116 4827 2156 4891 ad

155 4920 192 4970 ut
214 4928 333 4972 nomen
356 4928 465 4970 meum
488 4910 521 4972 iu
545 4909 612 4972 luto
637 4909 688 4973 vel
712 4917 854 4973 stercore
878 4907 1013 4972 habitet.
1181 4905 1290 4968 Deum
1314 4909 1524 4991 respicerent.
1555 4908 1644 4989 Ergo
1664 4907 1841 4970 secuudum
1864 4907 1937 4969 illos
1959 4908 2157 4990 interpretes

1182 5010 1296 5055 sensus
1314 5006 1378 5058 eet:
1402 4993 1543 5058 Domine
1561 4994 1615 5056 ubi
1635 5014 1745 5075 regem
1762 5013 1814 5055 me
1830 4991 2049 5073 constitueris,
2068 5008 2156 5064 totus

243 5078 272 5142 7.
296 5077 573 5160 corporaturae
590 5078 698 5160 furore
719 5084 780 5156 itio,
803 5077 926 5142 cochem
943 5078 977 5142 in
995 5077 1131 5142 bostium
1182 5077 1322 5159 populus
1356 5100 1399 5142 ex
1433 5099 1516 5161 vaga
1549 5078 1744 5159 confusaque
1776 5077 1971 5141 alienatione
2001 5078 2036 5141 in
2068 5083 2153 5147 viani

153 5184 294 5229 meorum
315 5163 592 5246 indignationibm,
616 5169 643 5229 et
664 5164 779 5248 eripite
800 5183 896 5242 sapor
917 5183 966 5228 me
987 5163 1030 5227 ed
1046 5165 1129 5229 iudi-
1181 5162 1308 5240 redibit,
1339 5174 1376 5227 ut
1405 5175 1583 5247 agnoscant
1613 5185 1726 5227 omnes
1750 5177 1781 5225 te
1802 5164 1835 5224 iu
1859 5162 1966 5226 medie
1989 5166 2039 5227 sui
2063 5188 2156 5247 pras.

154 5251 240 5316 81888
268 5250 350 5328 qaod
378 5249 545 5312 maledocti.
591 5250 620 5313 8.
652 5248 693 5312 Et
721 5249 915 5333 confiscatio
939 5250 1130 5333 populorum
1181 5249 1296 5326 sidere,
1326 5255 1422 5332 teque
1452 5260 1488 5313 ut
1518 5270 1627 5331 regem
1658 5249 1788 5313 unicum
1812 5247 1958 5312 adorent.
2005 5249 2071 5315 Sed
2095 5254 2159 5320 hec

248 5349 359 5405 calcini
376 5366 471 5419 opero.
512 5352 568 5404 Vol.
580 5351 698 5404 XXXI.
1935 5352 1952 5401 6
