4658 5856
162 320 224 384 eaa
752 301 753 305 '
949 321 1166 389 cernuus
1189 322 1352 390 cxvnr.
2087 330 2150 394 ear

163 531 263 592 quum
282 520 416 575 strenue
434 510 581 593 proeliati
602 521 681 577 sunt
698 512 883 578 Israelitae:
906 519 939 576 et
956 513 1016 578 hcc
1034 511 1130 577 modo
1183 531 1248 576 non
1270 519 1405 581 notatur
1423 514 1484 578 hoc
1502 514 1646 598 epitheto
1668 514 1825 594 debilitas,
1848 517 1904 581 sed
1924 537 2027 601 genus
2045 539 2148 582 arma-

162 597 203 661 ad
226 597 459 680 gratitudinem
489 618 545 662 eos
567 596 732 662 hortatur:
763 608 797 685 et
818 601 1038 681 arrogantiam
1061 618 1129 662 cor·
1183 607 1284 671 turae,
1315 619 1352 664 ao
1374 600 1401 664 ei
1423 599 1545 664 diceret
1566 600 1753 667 lancearios.
1798 602 1882 666 Nam
1912 623 2010 685 quum
2040 603 2075 667 iu
2098 625 2149 668 re·

163 682 250 764 rigit,
280 702 345 764 qua
373 681 514 748 mundus
544 690 581 747 ιιι
609 683 787 765 plurimum
814 682 876 746 Dei
907 687 1045 766 gratiam
1075 684 1130 747 ob·
1182 683 1335 765 gionibue
1357 685 1549 767 quibusdam
1571 686 1779 751 arborescant
1801 687 1932 767 calami,
1960 688 2010 752 vel
2033 688 2148 753 saltem

163 778 273 832 scumt
302 788 339 832 ac
368 770 514 833 suffocat.
566 768 638 832 lam
666 789 745 833 vero
777 779 816 832 ut
844 768 961 833 melius
990 770 1031 835 ad
1062 790 1129 833 mo·
1183 767 1326 851 ligneam
1344 771 1579 836 firmitudinem
1598 773 1802 850 contrahant,
1822 772 1969 838 solebant
1986 772 2062 839 inde
2077 796 2149 839 con-

163 855 299 917 destiam
323 873 377 918 ece
399 855 516 930 flectat,
541 853 637 918 simul
662 856 815 918 admonet
837 855 983 919 eiusdem
1005 856 1131 939 gratiae
1182 855 1235 918 fici
1259 856 1374 920 iacula.
1408 856 1539 922 Scimus
1561 871 1669 920 autem
1694 858 1870 923 orientales
1892 858 2027 940 populos
2049 860 2149 925 fuisso

163 939 407 1003 continuatione
430 940 465 1002 iu
484 946 648 1022 posterum
671 959 799 1022 quoque
820 958 904 1021 opus
922 961 1002 1006 esee.
1033 940 1131 1006 Unda
1182 942 1417 1022 utplurimum
1440 942 1632 1007 iaculatores
1659 943 1693 1006 in
1720 944 1860 1025 proeliis.
1905 945 2010 1009 Vocat
2032 944 2149 1008 deiude

163 1026 249 1088 enim
283 1025 391 1090 carnis
424 1023 591 1106 superbia,
624 1025 689 1088 nisi
721 1024 805 1107 quod
839 1027 966 1108 inopiae
997 1036 1130 1092 nostrae
1181 1026 1304 1091 turbam
1338 1027 1391 1092 vel
1429 1026 1674 1092 multitudinem
1715 1033 1894 1112 taurorum,
1935 1030 2149 1096 truculentiae

163 1110 268 1186 obliti,
298 1131 364 1174 non
386 1111 590 1191 confugimus
616 1109 777 1193 supplices
800 1110 840 1175 ad
864 1111 987 1190 Deum,
1015 1124 1052 1176 ut
1075 1111 1130 1175 de·
1182 1131 1288 1177 causa.
1322 1112 1522 1195 Quanquam
1545 1114 1632 1178 enim
1654 1127 1791 1197 ptam<
1815 1114 1967 1180 dicuntur
1988 1114 2148 1181 Hebraeis

163 1196 266 1261 fectus
288 1207 417 1260 nostroe
439 1197 508 1278 ipse
530 1195 702 1278 suppleat?
733 1197 869 1261 Interim
893 1196 1047 1262 docemur
1069 1197 1130 1259 hoc
1181 1196 1324 1264 robustis
1353 1199 1429 1281 quia
1459 1207 1568 1262 tamen
1591 1198 1632 1263 ad
1654 1210 1766 1264 tauros
1790 1201 1985 1265 transfertur
2007 1202 2068 1266 hoc
2092 1222 2148 1266 nc·

163 1282 246 1359 loco,
277 1301 342 1345 non
372 1283 452 1346 satie
481 1302 551 1346 esee
580 1284 606 1347 ei
630 1302 691 1346 noe
715 1283 821 1365 gratia
850 1303 910 1346 sua
938 1284 1131 1364 praeveniat
1181 1302 1273 1360 men,
1309 1291 1346 1349 ut
1374 1284 1452 1348 alibi
1482 1283 1639 1362 vidimus,
1671 1294 1704 1348 et
1732 1287 1886 1350 continuo
1919 1295 1991 1367 poet
2019 1287 2150 1352 subiicit

163 1368 264 1445 Dens,
293 1369 356 1431 nisi
378 1388 436 1432 suo
459 1387 586 1449 quoque
613 1366 734 1431 auxilio
755 1368 789 1430 in
813 1377 915 1432 totam
937 1371 1039 1433 vitam
1071 1376 1130 1433 noe
1181 1368 1291 1433 David
1320 1370 1434 1434 vitulos
1461 1371 1665 1451 poptdcrum,
1697 1391 1763 1435 non
1796 1369 1908 1435 dubito
1937 1372 2014 1454 quin
2045 1381 2148 1435 meta·

163 1453 333 1518 sustineat.
381 1452 466 1516 Nam
494 1453 523 1518 ei
553 1453 613 1517 hoo
641 1473 717 1517 vere
747 1452 787 1517 de
816 1464 956 1518 externa
988 1453 1130 1519 bellandi
1181 1454 1315 1535 phorice
1337 1455 1538 1539 perstringat
1561 1456 1701 1519 hostium
1724 1456 1884 1520 feritatem
1903 1476 1941 1522 ac
1959 1458 2149 1523 saevitiam:

163 1539 286 1603 virtme
314 1538 520 1615 dictumest,
552 1537 606 1602 ubi
629 1559 704 1603 cum
726 1559 824 1603 carne
844 1549 877 1603 et
899 1541 1059 1624 sanguine
1080 1552 1131 1605 eet
1182 1541 1233 1603 vel
1252 1540 1368 1605 saltem
1390 1561 1501 1605 corum
1521 1541 1608 1604 vires
1630 1540 1798 1620 extollens,
1821 1542 1962 1605 fateatur
1984 1542 2150 1609 Israelitas

162 1625 339 1707 negotium,
360 1623 457 1707 longe
479 1623 592 1688 verius
613 1625 647 1687 in
670 1624 797 1688 animae
818 1633 946 1690 nostrae
967 1628 1128 1708 competit.
1181 1625 1322 1707 impares
1345 1626 1386 1690 ad
1407 1625 1626 1691 resistendum
1648 1625 1726 1703 fore,
1750 1625 1813 1690 nisi
1830 1626 1988 1691 divinitus
2011 1628 2147 1694 adiutos.

163 1710 253 1792 Ergo
281 1708 337 1774 ubi
366 1729 441 1773 cum
464 1709 599 1787 Satana,
630 1721 760 1790 peccato
781 1719 815 1774 ct
836 1710 959 1775 mundo
980 1731 1130 1794 pugnau-
1181 1710 1374 1777 Proximum
1403 1710 1588 1776 membrum
1616 1710 1831 1795 ambiguitate
1858 1734 1925 1777 non
1952 1723 2056 1792 caret,
2084 1715 2148 1779 cul·

163 1795 242 1859 dum
265 1805 329 1872 est,
359 1795 499 1878 singulis
527 1796 704 1860 momentis
734 1795 901 1861 concidere
930 1805 963 1860 ot
993 1797 1130 1862 delicere
1181 1802 1297 1861 cocum
1325 1798 1361 1862 a'u
1391 1797 1507 1879 fruatis
1538 1797 1669 1880 arpenti·
1720 1810 1800 1882 [lb'l
1833 1798 1993 1865 Hebraeis
2025 1799 2148 1865 calcare

163 1900 294 1946 necesse
316 1879 388 1958 erit,
411 1882 475 1946 nisi
497 1901 557 1946 nos
579 1881 671 1946 Deus
692 1881 733 1946 ad
755 1883 1031 1964 perseverantiam
1054 1904 1129 1948 oon·
1180 1883 1360 1965 siguificat:
1393 1883 1450 1947 sed
1480 1883 1556 1964 quia
1584 1884 1618 1947 in
1648 1884 1877 1967 coniugatione
1905 1884 2065 1966 Hithpacl
2096 1885 2149 1950 hic

162 1967 280 2031 firmet.
325 1967 516 2031 Tenendum
550 1967 650 2049 igitur
682 1976 747 2045 eet,
781 1967 940 2050 quidquid
973 1968 1129 2034 habemus
1180 1969 1323 2049 positum
1343 1975 1402 2046 eet,
1433 1970 1551 2033 resolvi
1574 1967 1671 2032 debet
1692 1969 1732 2032 ad
1756 1969 1907 2049 verbum,
1938 1969 2004 2050 Qui
2026 1991 2061 2034 ee
2083 1972 2148 2036 cal-

162 2052 311 2131 virtutis,
339 2072 359 2115 a
387 2052 456 2117 eolo
486 2052 557 2116 Deo
585 2052 701 2131 fluere,
733 2053 866 2135 eiusque
897 2054 1049 2119 mandato
1078 2056 1128 2118 in·
1181 2073 1254 2117 care
1276 2054 1368 2118 facit:
1394 2053 1480 2136 quod
1498 2054 1537 2118 de
1555 2053 1747 2137 gloriatione
1766 2054 1818 2120 vel
1840 2056 1995 2120 iactantia
2018 2055 2147 2138 quidam

162 2137 296 2202 stillari:
327 2158 387 2202 nec
409 2137 504 2201 modo
533 2137 661 2201 initium
684 2137 816 2222 abipso
838 2159 918 2218 esse,
946 2140 1003 2205 sed
1025 2141 1128 2222 ipsam
1182 2138 1354 2222 accipiunt.
1389 2139 1457 2203 Alii
1476 2139 1610 2203 eliciunt
1632 2159 1764 2203 sensnm
1783 2161 1915 2223 prorsus
1936 2142 2147 2216 contrarium,

163 2243 290 2305 quoquc
320 2224 607 2303 perseverantiam.
652 2222 749 2303 Quod
781 2225 931 2306 proximo
953 2246 1050 2291 rereu
1079 2247 1129 2291 ee·
1181 2244 1297 2307 nempe
1319 2225 1405 2308 quod
1427 2246 1462 2290 ee
1484 2224 1658 2289 humilient
1686 2225 1805 2303 hostes,
1836 2235 1932 2309 atque
1961 2227 2148 2311 insignum

162 2309 282 2389 quitur,
304 2308 338 2373 Ε
353 2309 466 2390 templo
483 2314 543 2386 tuo,
561 2329 636 2372 cum
654 2309 766 2373 eadem
787 2312 950 2376 sententia
967 2313 1128 2377 cohaeret.
1181 2309 1391 2375 subiectionis
1422 2311 1561 2375 afferant
1589 2311 1694 2374 frusta
1717 2312 1853 2394 argenti.
1899 2309 1964 2378 Sed
1993 2333 2147 2393 quorsum

162 2394 262 2458 Ratio
283 2395 371 2458 enim
394 2394 541 2459 redditur
558 2415 616 2459 cur
633 2415 694 2459 sua
714 2395 834 2460 virtute
856 2397 1011 2480 populum
1034 2398 1128 2462 illurn
1180 2403 1306 2477 peteret
1328 2395 1437 2461 David
1467 2395 1558 2479 perdi
1581 2407 1614 2460 et
1635 2395 1741 2459 excidi
1771 2395 1882 2461 hostes
1909 2398 2062 2474 devictos,
2091 2400 2148 2480 qui

162 2481 267 2563 magis
289 2500 385 2562 quam
407 2479 488 2544 alioe
515 2481 677 2545 instruere
704 2481 857 2564 dignatus
879 2483 938 2547 eit:
970 2486 1046 2565 quia
1071 2484 1129 2548 eci·
1180 2481 1293 2547 fractis
1322 2483 1440 2546 animis
1467 2480 1628 2562 supplices
1653 2481 1812 2546 tributum
1842 2482 1908 2546 iam
1938 2484 2146 2566 pendebant?

162 2565 237 2630 licet
259 2566 414 2629 virtutem
443 2587 536 2630 suam
558 2565 689 2630 volebat
717 2588 868 2632 exserere
898 2589 916 2634 a
944 2571 1128 2634 sanctuario
1180 2566 1395 2648 Respondent
1417 2566 1475 2640 illi,
1505 2564 1665 2645 Quamvis
1696 2587 1760 2631 non
1783 2566 1892 2650 palam
1914 2569 2071 2633 ferociunt
2092 2569 2148 2650 qui

163 2661 196 2715 et
213 2670 289 2716 arca
306 2651 454 2716 foederis.
484 2651 559 2732 Qua
576 2652 703 2717 ratione
724 2654 824 2717 etiam
846 2674 951 2737 nuper
969 2655 1128 2737 expressit
1181 2653 1281 2717 armis
1312 2654 1403 2717 exuti
1434 2664 1525 2730 eunt,
1557 2672 1622 2715 non
1657 2662 1769 2716 tamen
1801 2652 1954 2727 ferociam
1988 2653 2147 2737 deponere

163 2736 273 2801 David
291 2735 400 2800 Deum
423 2759 494 2802 asse
515 2738 627 2820 populi
644 2737 825 2805 Israelitioi.
859 2738 948 2819 Quia
965 2761 1044 2823 crgo
1063 2761 1127 2804 non
1181 2738 1259 2818 quin
1279 2758 1407 2820 semper
1426 2738 1465 2802 ad
1483 2735 1708 2802 rebellandum
1731 2739 1836 2820 parati
1854 2739 1929 2816 sint,
1952 2740 2144 2821 praesertim

163 2823 284 2887 frustra
313 2823 452 2887 iusserat
474 2822 566 2888 Dens
595 2844 631 2889 se
659 2824 694 2887 in
719 2828 905 2891 sanctuario
933 2825 1009 2900 coli,
1042 2824 1128 2889 unde
1181 2844 1258 2888 vero
1283 2823 1438 2889 ecclesiae
1466 2821 1593 2886 hostes:
1624 2823 1701 2904 qnia
1729 2844 1858 2905 semper
1881 2824 2045 2889 virulenta
2073 2824 2148 2889 odia

163 2909 261 2973 etiam
285 2908 448 2991 pollicitus
473 2910 578 2972 fuerat
603 2930 638 2974 ee
659 2911 878 2993 propinquum
901 2912 971 2975 fora
993 2909 1127 2994 populo:
1180 2907 1310 2973 fovent:
1340 2909 1489 2991 quamvis
1511 2906 1553 2972 ad
1576 2916 1705 2988 tempus
1727 2929 1762 2973 se
1784 2909 1982 2987 contineant,
2012 2910 2148 2975 simulac

162 2993 235 3058 ideo
265 3015 352 3058 ntrnc
385 2993 503 3059 dicitur
532 3014 550 3058 e
580 2996 701 3076 templo
732 2996 906 3060 mandasse
938 3016 1031 3060 enam
1063 2997 1128 3060 vir·
1180 2993 1257 3058 data
1278 3004 1326 3058 eet
1349 2994 1482 3075 occasio,
1506 2991 1669 3056 ebulliunt
1691 2993 1726 3055 in
1749 3014 1871 3058 novum
1894 2995 2045 3059 furorem.
2080 2994 2146 3060 Sed

163 3091 282 3157 tutem,
313 3079 391 3161 quia
420 3100 461 3144 ex
490 3079 618 3144 foedare
640 3090 674 3145 et
697 3081 960 3162 promissionibus
991 3081 1130 3162 petenda
1180 3080 1257 3161 quia
1289 3079 1371 3142 nihil
1404 3098 1487 3160 opne
1519 3087 1570 3141 est
1602 3077 1649 3142 sic
1682 3087 1835 3160 torquere
1863 3078 1965 3143 verba
1996 3078 2145 3155 Davidie,

163 3178 234 3230 erat
253 3168 376 3248 gratiae
398 3164 566 3229 certitudo.
611 3163 707 3244 Quod
729 3167 784 3230 alii
806 3175 950 3242 vertunt,
973 3167 1014 3231 In
1036 3166 1128 3231 Ieru·
1179 3163 1279 3228 malui
1303 3164 1495 3246 simpliciter
1516 3164 1670 3244 accipere,
1700 3162 1784 3245 quod
1807 3163 1971 3228 exsultent
1992 3165 2146 3229 calcando

162 3251 282 3316 salem
303 3250 458 3333 frigidum
478 3259 537 3328 eet,
555 3270 593 3316 ac
610 3250 789 3334 prophetae
810 3271 942 3316 sensum
961 3247 1128 3334 pervertit.
1179 3248 1285 3314 frusta
1312 3250 1449 3332 argenti.
1498 3248 1543 3312 Ilt
1571 3248 1642 3313 fieri
1675 3258 1781 3331 potest
1810 3258 1845 3313 ut
1871 3249 1987 3314 fibulas
2018 3251 2147 3330 argenti

162 3338 323 3403 Precatur
344 3337 430 3402 enim
453 3337 608 3401 virtutem
630 3356 648 3400 e
670 3339 856 3403 sanctuario
878 3336 1001 3401 effundi
1031 3356 1129 3419 super
1180 3334 1216 3398 in
1237 3334 1353 3398 calceis
1375 3335 1585 3418 gestaverint,
1616 3342 1655 3398 ut
1675 3335 1796 3399 scimus
1821 3335 1856 3397 in
1879 3336 2008 3416 populis
2038 3337 2145 3400 orien-

163 3422 303 3488 eleotum
326 3423 490 3504 populum,
516 3422 573 3505 qui
593 3421 653 3487 sub
676 3423 806 3487 nomine
827 3422 938 3505 regiae
959 3420 1049 3486 urbis
1071 3443 1130 3505 per
1181 3418 1300 3485 talibus
1323 3440 1450 3503 semper
1473 3421 1616 3503 viguisse
1642 3419 1850 3485 immodicum
1878 3421 2003 3487 luxum.
2048 3419 2147 3486 Certe

163 3508 392 3593 synecdochen
414 3505 710 3589 comprehenditur.
746 3506 923 3587 Quaeritur
940 3515 1051 3572 tamen
1071 3527 1130 3572 cur
1180 3504 1264 3588 quod
1294 3506 1443 3588 proxime
1473 3505 1628 3587 sequitur,
1657 3505 1747 3570 illam
1773 3505 1814 3570 de
1836 3505 2016 3570 abiectione
2044 3508 2146 3571 inter·

164 3594 279 3676 templi
308 3594 494 3657 meminerit
527 3591 613 3675 quod
641 3592 785 3657 nondum
818 3601 1020 3658 exstructum
1050 3603 1129 3658 erat.
1180 3590 1395 3674 pretationem
1424 3612 1491 3655 non
1520 3591 1680 3668 admittit,
1710 3591 1835 3674 dissipo
1860 3591 1995 3672 populos
2015 3593 2072 3673 qui
2094 3592 2145 3656 de·
2203 3628 2206 3633 ·

164 3680 273 3763 Magis
302 3678 467 3762 probabile
496 3691 560 3756 est,
593 3679 750 3761 templum
779 3679 830 3744 vel
859 3679 1015 3761 palatium
1043 3680 1129 3743 sumi
1180 3677 1330 3742 lecwutur
1352 3676 1502 3758 proeliis:
1533 3675 1590 3741 ubi
1612 3676 1754 3741 ostendit
1782 3677 1853 3740 eine
1877 3697 1974 3742 causa
1995 3685 2146 3757 expetere

163 3787 222 3849 pro
256 3765 480 3840 tabernaculo,
522 3784 617 3846 quam
656 3763 781 3848 fingere
814 3765 994 3847 prolepsin,
1033 3764 1128 3830 sicuti
1180 3763 1265 3829 bella
1286 3775 1319 3828 et
1341 3763 1517 3828 tumultus:
1549 3770 1581 3826 ot
1609 3762 1759 3844 quamvis
1787 3780 1884 3825 nemo
1914 3782 1969 3826 eos
1998 3761 2144 3838 lacessat,

163 3851 274 3915 multis
304 3851 418 3932 placet.
468 3850 588 3914 Arcam
618 3871 695 3914 vero
724 3849 861 3915 foederis
889 3852 953 3913 iam
987 3860 1065 3915 tunc
1094 3852 1129 3914 in
1179 3849 1265 3913 ultro
1288 3859 1398 3912 tamen
1420 3857 1453 3913 et
1474 3847 1590 3929 cupide
1612 3848 1741 3927 quietos
1763 3848 1928 3929 impetere.
1972 3846 2145 3911 (laetarum

165 3936 265 4003 Sione
298 3938 398 4002 luisse
430 3936 569 4001 locatam
603 3946 727 4000 certum
761 3947 820 4000 eet.
876 3933 980 4001 Sicuti
1018 3947 1128 4000 autem
1180 3955 1279 4018 quum
1301 3932 1411 3998 David
1439 3933 1535 3997 toties
1558 3932 1671 4010 victor,
1700 3932 1771 3996 Deo
1798 3932 1913 3997 salutis
1941 3952 2019 3997 suae
2040 3943 2075 3995 et
2096 3942 2144 3996 to·

164 4023 264 4106 prius.
286 4042 366 4104 quae
388 4022 524 4105 adeptus
546 4031 617 4084 erat
634 4022 788 4087 victoriae
807 4020 880 4086 Dec
897 4021 1060 4104 adempsit,
1083 4022 1129 4085 ita
1179 4022 1243 4085 tius
1266 4019 1376 4103 populi
1399 4018 1618 4083 defensionem
1640 4016 1860 4084 commendet:
1883 4017 1960 4082 hinc
1983 4017 2146 4082 discamus

165 4123 243 4173 tnnc
273 4129 384 4172 earum
416 4110 556 4171 fructum
582 4108 744 4172 vendicat.
788 4106 879 4171 Dicit
909 4108 1007 4185 enim,
1036 4128 1129 4190 reges
1180 4107 1314 4170 minime
1336 4102 1532 4188 sperandum
1555 4123 1625 4168 esse
1645 4103 1681 4167 in
1699 4103 1760 4167 hoc
1782 4101 1905 4167 mundo
1928 4103 2145 4186 tranquillum

164 4195 218 4277 qui
249 4195 282 4256 in
308 4193 454 4257 ordinum
484 4191 587 4257 coacti
615 4192 751 4267 fuerint,
786 4214 850 4256 non
882 4192 942 4256 sibi
970 4193 1067 4256 modo
1096 4203 1130 4256 et
1180 4192 1333 4257 ecclesiae
1365 4199 1502 4255 statum:
1543 4189 1619 4271 quia
1650 4188 1788 4252 subinde
1821 4187 1902 4252 alios
1935 4197 2031 4270 atque
2065 4188 2146 4253 alios

164 4278 401 4345 successoribus
423 4279 493 4342 fore
518 4277 719 4355 tributarios,
749 4276 805 4344 sed
827 4278 997 4360 agnituros
1020 4278 1128 4342 Deum
1180 4277 1289 4340 hostes
1318 4275 1455 4341 suscitat
1486 4272 1604 4339 Satan:
1638 4283 1671 4337 et
1699 4272 1791 4338 Deus
1824 4274 1921 4338 etiam
1955 4273 2017 4340 hoc
2050 4273 2145 4338 modo

164 4368 341 4443 rictorem,
379 4383 442 4446 quo
479 4362 584 4446 magis
617 4362 729 4428 decuit
759 4362 871 4428 fideles
904 4364 991 4445 ipsos
1024 4363 1129 4428 laudis
1180 4363 1370 4446 patientiam
1393 4369 1538 4425 nostram
1560 4366 1691 4424 exercet
1708 4378 1746 4425 ac
1764 4358 1888 4441 probat.
1919 4358 2013 4439 Quod
2037 4368 2146 4422 autem

164 4450 322 4516 sacrificia
344 4460 459 4532 sponte
481 4448 598 4512 offerre
620 4448 699 4512 Deo.
1179 4456 1346 4531 comparat
1368 4446 1471 4511 tauris
1493 4454 1525 4510 et
1548 4445 1671 4522 vitulis,
1701 4443 1843 4526 dicitque
1872 4444 1959 4510 teuta
1988 4445 2143 4525 oblectari,

250 4536 300 4599 31.
324 4534 437 4619 (Perde
456 4534 593 4612 metum.)
638 4533 783 4598 Vertunt
810 4532 950 4615 quidam,
981 4532 1129 4615 Increpa.
1181 4533 1233 4597 hie
1254 4532 1365 4598 verbis
1394 4530 1434 4595 ad
1462 4530 1744 4596 mansuetudinem
1776 4530 1924 4594 hortatur
1952 4529 2079 4608 fideles,
2109 4540 2147 4593 ut

164 4621 249 4687 Mihi
272 4634 380 4684 tamen
401 4621 506 4702 placet
528 4619 691 4683 distinctio
717 4639 814 4701 quam
843 4619 973 4700 linguae
1001 4617 1129 4682 hebrai·
1180 4626 1329 4701 parat-um
1363 4618 1531 4682 inveniant
1567 4616 1726 4680 auxilium
1759 4617 1793 4679 in
1827 4615 1909 4678 Deo.
1964 4614 2048 4678 Nam
2083 4634 2146 4696 quo

164 4727 220 4773 cac
249 4706 438 4787 peritissimi
466 4703 647 4768 observant
695 4703 839 4768 Verbum
870 4703 930 4768 hoc
952 4718 1045 4801 737),
1076 4705 1129 4768 nbi
1181 4704 1379 4786 petulantius
1413 4713 1515 4767 ruunt
1547 4702 1657 4766 hostes
1690 4702 1808 4773 nostri,
1846 4720 1986 4781 suaeque
2020 4699 2146 4763 libidini

164 4792 383 4873 interponitur
405 4804 432 4872 2
454 4789 528 4868 deth,
558 4789 643 4853 sumi
670 4808 729 4872 pro
751 4789 937 4870 increparet
967 4793 1023 4853 sed
1053 4789 1129 4854 dnm
1181 4790 1334 4854 furiosius
1352 4788 1532 4871 indulgent,
1552 4808 1589 4852 eo
1604 4787 1793 4869 propensior
1810 4785 1871 4848 erit
1883 4784 1974 4849 Deus
1993 4785 2032 4849 ad
2051 4806 2144 4868 opcm

164 4877 354 4960 simpliciter
376 4876 586 4957 construitur,
609 4894 667 4956 pro
690 4874 824 4956 perdere
846 4875 958 4956 accipi.
1001 4875 1129 4939 Nomen
1181 4873 1367 4940 ferendam:
1390 4872 1518 4957 quando
1541 4873 1707 4956 proprium
1730 4891 1848 4934 munus
1866 4871 1935 4934 ciue
1953 4880 2012 4943 eet,
2034 4881 2146 4935 tauros

165 4984 242 5028 vero
264 4975 336 5041 mn
354 4981 412 5044 pro
432 4961 532 5025 bestia
552 4960 605 5024 hic
622 4959 724 5042 accipi
742 4960 831 5025 nullo
852 4961 948 5023 modo
966 4963 1129 5027 convenit.
1152 4890 1157 5051 l
1183 4974 1216 5024 et
1249 4960 1416 5025 bellicosos
1450 4960 1599 5042 gigantes
1632 4976 1845 5038 compescere.
1900 4955 2011 5034 Quum
2044 4957 2147 5039 igitur

147 5048 264 5117 .Certa
286 5047 414 5129 quidem
438 5056 487 5110 est
509 5045 647 5110 Davidie
670 5048 819 5128 precatio,
848 5056 886 5109 ut
907 5046 998 5110 Deus
1028 5067 1130 5129 popu·
1154 5058 1157 5135 t
1182 5049 1324 5129 precatio
1345 5047 1426 5110 haec
1442 5042 1539 5109 simul
1557 5043 1671 5108 doceat
1689 5042 1795 5105 Deum
1817 5041 1967 5105 omnibus
1984 5040 2146 5118 violentie,

165 5135 233 5199 lum
256 5154 349 5197 enum
371 5132 574 5214 peculiarem,
599 5132 731 5214 perditis
749 5131 968 5215 sanguinariis
986 5132 1131 5197 hostibus
1154 5137 1158 5187 l
1182 5132 1235 5215 qui
1259 5131 1405 5215 improba
1427 5129 1602 5212 cupiditate
1624 5126 1664 5190 ad
1687 5125 1868 5190 nocendum
1893 5127 2052 5206 feruntur,
2078 5128 2146 5192 fore

166 5231 304 5285 tueatur.
348 5218 443 5299 Quod
466 5230 559 5282 vocat
581 5230 707 5283 coetum
730 5237 853 5282 cannae
876 5217 927 5280 vel
951 5217 1130 5296 arundinis,
1182 5217 1370 5283 adversum:
1395 5215 1520 5299 quoties
1542 5213 1661 5277 iniuste
1682 5212 1880 5293 impetimur,
1902 5213 1929 5278 si
1945 5213 2062 5295 quietis
2082 5215 2149 5278 ani-
