4658 5856
113 360 176 426 677
900 357 1117 426 PSALMUS
1139 356 1305 423 LXXIII.
2035 363 2099 429 678

113 562 220 618 autem
254 547 363 634 gravis
397 548 536 613 tentatio
564 555 627 626 est,
660 567 760 629 quum
789 545 946 612 laboriosa
975 548 1017 611 sit
1047 554 1080 610 et
1131 552 1179 610 tot
1212 545 1346 611 urbibus
1375 547 1497 630 6611166
1526 557 1604 626 6161,
1639 550 1736 615 homo
1765 549 1884 634 alioqui
1912 572 2017 633 neque
2047 553 2099 615 in·

112 637 253 705 miseriis
277 635 398 700 referta
416 633 585 699 hominum
603 632 680 709 vita,
705 643 802 716 61666
818 633 969 697 66161166
988 652 1078 715 6166-
1131 630 1285 710 16611166,
1315 653 1418 714 66666
1443 634 1590 716 vigilans,
1621 657 1724 718 neque
1747 637 1857 713 magni
1878 637 2013 702 consilii.
2059 635 2097 701 Si

112 724 234 808 scripta
262 722 304 787 sit
326 720 406 786 haec
435 720 488 785 lex
511 740 548 784 ao
570 718 653 783 ratio
675 719 817 795 vivendi,
849 718 1000 803 (Gen3,
1026 717 1079 803 19)
1131 717 1177 781 ita
1216 718 1361 799 accipere
1399 717 1510 796 libeat,
1552 723 1718 805 exegetica
1752 720 1899 787 additum
1939 723 2001 785 6111
2036 722 2097 787 hoo

112 830 246 877 eernere
268 808 330 873 Dei
353 813 592 890 contemptores
612 805 648 868 in
671 804 738 870 suis
760 804 883 870 deliciis
906 805 1079 887 quiescere,
1131 804 1312 868 membrum
1350 803 1391 868 ad
1424 806 1656 889 pinguedinem
1691 806 1796 892 (66166
1829 818 1904 872 6616
1938 807 2097 893 meminit)

112 915 150 961 ac
178 895 206 960 si
228 916 246 959 6
269 892 389 958 166616
412 893 445 956 16
469 891 639 958 6661661661
663 890 804 974 aliquem
826 889 937 955 nidum
962 889 1079 955 sublati
1132 883 1358 967 deliniendam,
1388 890 1473 973 quod
1502 892 1625 957 scilieet
1648 894 1737 958 Deus
1767 914 1865 973 supra
1890 904 1967 958 vota
1989 904 2023 957 ot
2044 913 2097 958 co·

110 982 228 1047 forent.
1131 973 1306 1058 gitatioues
1331 976 1486 1040 bonorum
1511 979 1655 1042 omnium
1679 981 1803 1060 copiam
1828 977 1892 1043 illis
1915 979 2053 1061 ingerat.

198 1069 228 1133 6.
251 1065 434 1150 (Propterea
461 1060 653 1146 circumdat.)
697 1062 844 1146 Longius
873 1059 1080 1144 progreditur
1215 1061 1244 1124 8.
1264 1059 1461 1146 (Difttnant.)
1493 1063 1636 1143 Quidam
1656 1064 1790 1130 verbum
1807 1075 1906 1145 mr
1923 1064 2097 1130 transitive

113 1155 191 1220 haec
221 1152 437 1237 querimonia,
471 1147 555 1232 quod
583 1147 689 1226 Deus,
722 1166 823 1229 quum
856 1148 942 1229 ipsos
970 1146 1080 1210 videat
1132 1146 1310 1227 accipiunt:
1352 1147 1408 1212 sed
1446 1149 1520 1231 quia
1554 1151 1764 1230 grammatica
1798 1104 1880 1214 ritio
1916 1150 2095 1215 neutralem

111 1262 170 1306 sua
201 1237 404 1305 humanitate
434 1233 567 1318 indigne
596 1241 629 1298 61
657 1234 813 1299 666161616
836 1233 936 1311 61611,
965 1252 1078 1296 eorum
1131 1251 1256 1312 quoquo
1281 1252 1411 1298 sensum
1441 1232 1591 1313 admittit,
1622 1234 1705 1319 elegi
1729 1234 1813 1319 quod
1836 1237 2003 1300 contextui
2027 1245 2097 1300 6161

111 1339 220 1390 161666
266 1320 536 1407 iugratitudinem
584 1330 617 1384 et
664 1319 899 1385 contumatiam
941 1318 1078 1382 tolleret.
1131 1318 1254 1398 aptius:
1296 1318 1379 1399 qood
1410 1319 1533 1384 scilicet
1565 1320 1713 1386 homines
1747 1342 1781 1387 ee
1815 1341 1885 1385 esse
1918 1321 2023 1399 obliti,
2064 1334 2099 1386 et

110 1413 225 1478 Utitur
247 1419 356 1474 autem
380 1406 594 1472 similitudine
617 1406 765 1483 vestitos,
793 1413 831 1469 61
853 1424 908 1468 666
930 1403 1078 1469 66166161
1131 1400 1287 1466 dissoluta
1313 1402 1448 1468 andacia
1470 1402 1624 1488 pudorem
1648 1426 1778 1471 omnem
1802 1407 1975 1483 calcantes,
2004 1427 2096 1472 66616

110 1500 144 1562 16
175 1495 343 1562 maleficiis
373 1493 515 1576 gloriari.
560 1490 707 1556 Verbum
731 1502 808 1598 ,7337
838 1510 857 1554 a
886 1498 1001 1571 torque
1027 1487 1079 1553 de
1129 1486 1367 1569 improbitatem
1387 1510 1450 1553 uon
1471 1490 1686 1556 dissimulent:
1707 1493 1772 1555 imo
1791 1493 1897 1577 palam
1914 1493 2096 1575 glorientur

110 1583 249 1649 1661161.
294 1581 410 1662 116666
432 1578 550 1661 1616166
573 1575 652 1642 11611
673 1597 734 1641 666
756 1575 891 1641 6616616
913 1586 946 1639 61
968 1577 1077 1639 161616
1129 1571 1169 1637 16
1202 1575 1268 1639 6616
1297 1576 1429 1657 1661616.
1480 1576 1526 1639 Et
1557 1586 1644 1642 certe
1677 1577 1841 1657 videmus,
1875 1579 2006 1660 impios,
2040 1577 2096 1642 ubi

110 1691 173 1734 non
211 1688 304 1734 66666
336 1664 469 1750 gloriari
503 1683 540 1729 66
572 1663 600 1728 61
633 1660 801 1747 splendide
835 1680 931 1726 aureo
963 1670 1078 1744 torque
1129 1657 1328 1739 aliquamdiu
1341 1668 1490 1725 votorum
1504 1663 1781 1728 snorumfuerunt
1790 1671 1964 1747 compotes,
1976 1683 2096 1728 exuere

110 1756 216 1820 ornati
238 1753 362 1819 forent:
386 1748 574 1815 violentiam
597 1747 662 1814 illis
679 1769 750 1814 esse
768 1768 827 1832 pro
846 1747 976 1825 amictu,
998 1766 1077 1829 quo·
1128 1764 1258 1809 omnem
1292 1745 1527 1827 verecundiam,
1558 1769 1618 1813 uec
1643 1757 1772 1834 captare
1795 1749 1936 1814 latebras
1958 1748 1999 1814 ad
2021 1769 2095 1831 pec·

109 1842 197 1907 niam
236 1840 271 1905 in
306 1857 345 1902 ea
377 1835 607 1918 pulcerrimum
642 1833 740 1901 decus
773 1853 843 1898 esse
876 1832 1075 1897 existimant.
1128 1829 1279 1906 candum,
1309 1830 1365 1896 sed
1393 1830 1490 1916 pleno
1513 1853 1568 1897 616
1591 1854 1682 1899 suam
1707 1834 1943 1918 turpitudinem
1966 1836 2093 1899 efflare:

108 1927 194 1992 Nam
217 1926 301 2009 quod
323 1936 401 2004 1166
423 1918 574 1986 nonnulli
598 1929 729 1985 1611661
746 1918 858 2000 Natos,
881 1937 900 1981 a
921 1925 1076 1983 contextu
1129 1914 1237 1996 Quid?
1262 1936 1302 1981 an
1326 1938 1390 1981 uon
1414 1938 1547 2000 possum
1565 1928 1597 1983 te
1616 1919 1755 2004 spoliare
1772 1921 1922 1987 omnibus
1944 1921 2094 1998 fortunis,

108 2013 207 2078 nimis
236 2020 288 2078 est
317 2016 486 2073 remotum.
531 2007 604 2089 Ego
633 2006 741 2088 itaque
770 2026 835 2070 non
863 2002 973 2068 dubito
996 2002 1076 2087 quin
1128 2008 1225 2084 atque
1251 2004 1349 2067 otiam
1378 2003 1546 2087 iugulare?
1592 2005 1733 2071 Possunt
1762 2006 1891 2089 quidem
1915 2007 1976 2072 hoc
1998 2008 2095 2071 latro·

109 2097 227 2178 David,
260 2108 430 2180 postquam
461 2112 480 2156 6
509 2093 615 2175 666116
646 2092 696 2157 161
727 2090 808 2156 66116
838 2090 957 2170 incepit
986 2088 1076 2174 (nam
1128 2107 1202 2153 nes:
1234 2087 1289 2153 sed
1319 2097 1407 2154 metu
1438 2109 1472 2154 ea
1495 2090 1664 2156 occultant.
1709 2091 1871 2174 Gigantes
1900 2103 2008 2158 autem
2032 2093 2094 2168 isti,

111 2184 244 2251 verbnm
273 2194 349 2291 ,729
381 2180 478 2244 ctiam
509 2198 662 2244 coronare
690 2174 866 2262 significet)
895 2195 981 2240 nuno
1011 2195 1077 2238 uno
1128 2172 1180 2237 vel
1203 2172 1372 2321 Opclopea
1396 2173 1572 2257 dequibus
1595 2177 1880 2258 loquiturDavid,
1913 2199 1977 2243 non
2000 2177 2096 2243 modo

109 2271 206 2337 16116
236 2266 407 2352 complecti
438 2263 575 2330 voluerit
598 2270 703 2328 totum
727 2262 892 2328 vestitum.
939 2259 1076 2326 Summa
1128 2280 1163 2322 66
1191 2280 1231 2322 ex
1246 2280 1321 2343 eges
1350 2280 1420 2325 6666
1448 2262 1588 2345 fingunt,
1620 2261 1677 2328 sed
1706 2263 1912 2330 immemores
1941 2284 2020 2329 suae
2045 2265 2097 2328 in·

107 2371 215 2423 autem
239 2364 297 2433 est,
321 2352 487 2418 excaecari
509 2351 626 2431 impios
648 2370 708 2414 ana
728 2347 891 2424 1611611616,
915 2356 952 2410 61
973 2346 1076 2427 magis
1129 2344 1293 2411 firmitatis
1326 2345 1581 2428 intemperanter
1610 2347 1807 2432 despumant
1840 2370 1877 2415 ac
1907 2351 1935 2415 61
1965 2348 2095 2414 nullum

107 2464 144 2509 ao
180 2441 285 2526 magis
315 2438 519 2505 insolescant.
573 2436 616 2499 Et
645 2443 720 2517 apte
749 2432 934 2515 superbiam
968 2432 1076 2515 priore
1129 2439 1214 2494 esset
1247 2431 1329 2496 recti
1362 2440 1396 2495 61
1424 2432 1528 2513 161661
1555 2431 1740 2498 discrimen.
1793 2433 1888 2515 Quod
1922 2436 1949 2500 si
1982 2444 2093 2500 tamen

106 2532 176 2595 loco
195 2526 320 2609 statuit,
339 2520 456 2589 deiude
475 2521 664 2588 violentiam
684 2518 773 2584 addit
786 2518 946 2582 comitem.
980 2515 1076 2581 Unde
1128 2515 1233 2598 magis
1266 2514 1407 2581 arrideat
1438 2515 1565 2584 diversa
1601 2519 1842 2602 interpretatio,
1881 2520 1961 2585 mihi
1995 2520 2094 2584 etiam

108 2616 195 2681 enim
215 2614 253 2678 fit
271 2622 307 2676 ut
326 2609 456 2692 rapiant
474 2629 512 2674 ac
528 2606 729 2691 praedentur
740 2603 957 2686 undecunque
973 2602 1075 2686 impii,
1129 2621 1194 2664 non
1232 2599 1396 2684 displicet,
1438 2602 1556 2686 impios
1593 2604 1718 2671 scilicet
1756 2606 1982 2688 oppressiones
2018 2626 2094 2671 suas

107 2709 298 2782 tantumque
321 2694 474 2761 saevitiae
497 2700 682 2775 exerceant,
705 2691 769 2755 uisi
792 2691 869 2772 quia
891 2710 949 2773 616
972 2688 1076 2753 611116
1127 2685 1286 2764 16616616,
1309 2687 1513 2753 formidinem
1532 2690 1678 2756 incutere
1695 2690 1897 2774 simplicibus
1915 2702 1947 2758 et
1965 2691 2092 2776 quietis.

108 2786 233 2853 ducunt
262 2802 375 2849 omues
403 2779 505 2846 alios?
534 2778 612 2862 quin
642 2778 750 2860 potius
779 2776 841 2841 eibi
868 2783 982 2840 uatum
1005 2793 1076 2839 esse
1128 2771 1213 2837 Nam
1248 2793 1348 2855 quum
1381 2794 1416 2838 se
1449 2774 1583 2839 videant
1616 2777 1782 2860 expositos
1815 2798 1926 2842 eorum
1955 2776 2093 2855 libidini,

107 2876 237 2956 fingunt
277 2869 457 2934 humanum
492 2885 606 2951 genus.
662 2864 752 2948 Ergo
785 2862 936 2945 superbia
969 2859 1076 2926 omnis
1128 2857 1200 2922 fieri
1227 2878 1293 2923 nou
1322 2867 1427 2941 potest
1455 2861 1535 2943 quin
1564 2869 1716 2942 tremant,
1745 2872 1779 2926 et
1801 2863 1895 2946 quasi
1917 2862 2093 2946 liquefiant,

108 2957 280 3026 violentiae
304 2961 418 3019 mater.
1127 2943 1182 3007 ubi
1205 2943 1317 3009 vident
1344 2951 1472 3009 tantum
1495 2945 1575 3029 ipsis
1598 2947 1703 3013 licere.
1750 2947 1845 3028 Quod
1868 2947 1948 3015 dicit
1969 2949 2092 3030 loquio

194 3044 223 3107 7.
248 3039 421 3124 (Epressna
443 3043 487 3103 eat
503 3056 585 3118 prae
601 3032 815 3119 pinguedine.)
849 3031 990 3098 Subiicit
1007 3051 1075 3094 uon
1127 3027 1264 3108 sublimi,
1296 3029 1490 3095 tantundem
1516 3031 2094 3099 16161666666666161661166616·

107 3151 178 3196 esse
200 3128 320 3193 mirum
343 3125 371 3190 61
393 3125 439 3188 116
461 3116 951 3206 6616166161161661661116611,
973 3136 1073 3198 quum
1128 3134 1216 3177 mere
1257 3115 1289 3178 in
1323 3115 1468 3180 omnium
1502 3117 1617 3200 capita.
1678 3116 1771 3184 Sicut
1804 3119 1891 3182 enim
1929 3119 2093 3200 despicere

107 3219 178 3299 ipsa
203 3210 365 3297 pinguedo
394 3218 426 3275 et
452 3231 467 3274 s
513 3208 567 3273 ina
596 3208 663 3271 1616
690 3205 797 3269 6116161
819 3223 930 3268 661616
954 3200 1072 3267 666166.
1127 3197 1213 3281 6661
1236 3199 1373 3266 Latinos
1394 3208 1428 3266 et
1449 3205 1642 3300 seraptenas
1665 3203 1750 3285 apud
1771 3203 1915 3270 Graecos
1937 3203 2094 3270 dicuntur

107 3301 255 3367 Verbum
279 3294 401 3382 Egredi
428 3295 483 3378 qui
507 3313 557 3357 am
586 3294 633 3357 ita
661 3289 839 3373 accipiunt,
873 3309 910 3353 ac
939 3287 966 3353 si
989 3286 1074 3353 oculi
1126 3285 1256 3366 superbi
1285 3284 1444 3365 homines,
1474 3308 1529 3371 661
1559 3289 1722 3354 neminem
1753 3297 1841 3354 recto
1869 3289 2022 3372 adspectu
2044 3288 2092 3354 di·

107 3386 255 3453 suffocati
284 3389 519 3449 evanescerent
549 3400 567 3444 e
596 3397 655 3444 sno
686 3376 764 3441 loco.
811 3372 876 3439 Sed
905 3372 980 3456 quia
1002 3373 1073 3454 pin·
1126 3380 1287 3453 guantur:
1318 3371 1365 3438 616
1387 3371 1496 3438 David
1526 3375 1615 3456 ipsos
1643 3396 1661 3439 6
1689 3375 1819 3440 sublimi
1850 3374 2018 3459 loquentes
2042 3376 2093 3440 in·

107 3471 212 3558 guado
239 3469 375 3535 1661161
398 3465 603 3550 promineant
625 3462 719 3539 oculi,
760 3459 918 3543 ¹roprium
941 3479 1073 3524 sensum
1127 3454 1233 3522 ducit:
1264 3457 1339 3539 quia
1368 3457 1494 3523 nullam
1516 3459 1577 3524 sibi
1599 3481 1673 3526 cum
1696 3461 1882 3526 hominibus
1904 3463 2091 3529 societatem

108 3559 248 3624 retinere
280 3553 374 3620 malo.
426 3551 624 3634 Quanquam
657 3482 825 3614 sciendum
856 3555 906 3610 est
935 3562 1004 3608 nou
1033 3543 1073 3609 de
1125 3562 1197 3607 6666
1227 3551 1351 3625 putant.
1403 3545 1558 3610 Proximo
1591 3567 1689 3612 versu
1717 3546 1794 3613 dicit
1824 3558 1891 3613 tam
1919 3548 1954 3612 in
1983 3547 2091 3612 Deum

107 3645 211 3709 forma
232 3639 374 3724 corporis
397 3637 484 3720 loqui
502 3634 673 3714 Davidem,
695 3631 752 3698 sed
775 3629 994 3713 metaphorice
1015 3651 1072 3695 ex·
1127 3647 1223 3726 quam
1259 3628 1293 3693 in
1328 3629 1474 3696 homiues
1504 3653 1575 3697 esee
1604 3632 1867 3699 contumeliosos:
1904 3635 1981 3716 quia
2009 3632 2091 3697 nihil

106 3730 246 3814 primore
286 3727 404 3791 1661616
447 3742 510 3807 666
549 3721 705 3785 16166161
736 3717 829 3799 116611
862 3716 904 3780 61
936 3715 1072 3781 61611661
1126 3712 1190 3778 rllis
1212 3723 1261 3778 eet
1283 3715 1431 3796 arduum,
1454 3717 1510 3781 sed
1533 3738 1592 3782 suo
1614 3719 1748 3784 arbitrio
1770 3718 1948 3785 subiiciunt
1964 3720 2091 3783 coelum

107 3815 320 3882 saturitatem.
375 3808 461 3874 Nam
501 3809 546 3872 ita
583 3826 619 3872 se
657 3804 865 3889 ingurgitant
903 3802 937 3866 in
977 3822 1072 3867 suam
1126 3807 1159 3864 61
1179 3808 1309 3866 1611616.
1345 3800 1381 3867 si
1404 3803 1476 3884 6616
1494 3824 1571 3886 ergo
1589 3803 1654 3869 illis
1673 3803 1735 3869 Dei
1755 3805 1932 3886 potentiam
1951 3803 2090 3882 obiiciat,

106 3897 350 3975 abundantiam,
379 3906 417 3959 ut
446 3893 633 3977 arroganda
655 3889 770 3956 deinde
792 3896 935 3972 crepent.
979 3886 1072 3952 Biia·
1125 3885 1277 3951 audacter
1305 3897 1537 3971 perrumpunt:
1568 3889 1608 3955 ab
1631 3889 1815 3955 hominibus
1837 3890 1919 3954 nihil
1942 3888 2003 3955 sibi
2029 3889 2090 3954 111·

105 3988 189 4053 riam
211 3983 310 4050 etiam
330 3981 505 4064 exponitur
522 3977 683 4061 posterius
703 3976 896 4041 membrum.
930 3972 1071 4054 Quidam
1124 3971 1276 4036 ficultatis
1317 3971 1384 4037 1616
1416 3981 1548 4055 putant:
1590 3976 1637 4039 116
1669 3975 1769 4040 661116
1800 3974 1974 4040 obstaculis
2006 3973 2092 4039 cedit

104 4070 315 4157 perverbum
330 4079 415 4163 'th
433 4065 609 4131 effraenem
632 4061 800 4129 audaciam
819 4058 927 4125 notari
945 4066 1070 4142 putant,
1124 4056 1331 4140 magniloqua
1349 4079 1461 4123 eorum
1480 4059 1601 4144 lingua,
1620 4062 1698 4144 quin
1716 4068 1816 4126 totam
1829 4070 1950 4126 terram
1962 4082 2089 4144 peram·

104 4159 180 4242 6616
201 4177 235 4222 66
258 4176 322 4220 666
345 4152 534 4218 contineant
555 4148 648 4232 impii
671 4148 759 4212 intro
776 4166 980 4213 communem
1001 4165 1070 4209 mo·
1124 4141 1223 4206 16161.
1276 4142 1473 4227 Quanquam
1505 4154 1616 4210 autem
1645 4147 1776 4212 videtur
1806 4146 2015 4231 hyperbolica
2044 4147 2089 4212 lo·

104 4245 191 4323 dum,
214 4239 270 4307 sed
289 4238 436 4305 erraticis
451 4237 518 4303 suis
536 4232 828 4301 consultationibus
847 4232 949 4296 nubes
968 4238 1071 4296 trans·
1123 4228 1251 4310 quutio,
1285 4228 1313 4294 si
1342 4236 1450 4295 tamen
1484 4231 1700 4314 expendimus
1732 4253 1828 4316 quam
1862 4234 2015 4300 effraenis
2046 4233 2090 4296 eit

103 4327 276 4397 scandant:
310 4324 405 4391 sicuti
438 4340 534 4404 saepe
568 4321 696 4405 agitant
725 4314 885 4402 quomodo
913 4335 1070 4398 occupare
1123 4333 1234 4378 eorum
1264 4316 1443 4400 protervia,
1479 4315 1656 4382 fatebimur
1684 4318 1875 4402 prophetam
1905 4340 1971 4384 non
2000 4317 2088 4382 aliud

104 4414 231 4500 possint
266 4419 370 4477 totum
404 4406 581 4473 mundum:
614 4406 681 4470 imo
714 4403 839 4470 vellent
871 4401 933 4467 6111
966 4401 1069 4467 616611
1123 4396 1238 4465 166616
1259 4420 1356 4482 quam
1378 4401 1580 4483 experientia
1602 4402 1813 4470 demonstrat.

103 4502 184 4566 alios
212 4496 370 4562 mundos:
401 4492 551 4577 deniqne,
581 4499 617 4557 ut
646 4498 724 4555 sunt
745 4486 955 4565 insatiabiles,
985 4506 1069 4570 vaga

102 4575 861 4665 61611166616661111616116661616616661661
885 4580 1067 4638 atterram.
1209 4570 1257 4635 10.
1288 4568 1457 4653 Propterea
1488 4578 1656 4639 1666116161
1681 4575 1821 4657 popalus
1852 4575 1920 4639 6161
1952 4573 2025 4650 bne,
2060 4578 2088 4638 et

103 4679 213 4754 Atque
231 4669 285 4734 hic
302 4688 419 4733 sensus
436 4686 500 4731 uon
518 4664 604 4729 male
622 4661 804 4746 quadraret,
822 4659 938 4726 6161166
954 4678 1067 4722 eorum
1119 4674 1218 4735 66666
1241 4655 1334 4737 pleni
1354 4658 1462 4724 6611611
1483 4660 1693 4740 exprimentur
1713 4660 1787 4726 illis.
1834 4660 1884 4724 11.
1907 4657 1951 4724 Et
1971 4659 2086 4741 116661,

102 4755 315 4842 cogitationes
337 4751 426 4817 nullo
446 4749 541 4816 modo
559 4748 743 4832 temperari,
765 4745 929 4827 nullisque
947 4742 1067 4808 finibus
1122 4740 1276 4820 Quomodo
1303 4742 1449 4826 intellipit
1469 4743 1585 4811 Dens?
1615 4750 1642 4811 61
1670 4766 1713 4812 an
1742 4751 1787 4811 est
1814 4747 1943 4811 61166116
1962 4745 1998 4809 in
2019 4743 2087 4808 Ea·

101 4839 254 4908 cohiberi.
307 4837 372 4905 Sed
402 4837 504 4902 altera
534 4855 659 4919 quoque
687 4832 913 4915 interpretatio
946 4829 1068 4912 optime
1118 4824 1223 4889 661161
1263 4826 1312 4891 12.
1334 4828 1412 4894 Ecce
1438 4830 1493 4895 isti
1520 4831 1622 4912 impii,
1651 4837 1678 4897 61
1706 4831 1872 4912 tranquilli
1897 4833 1931 4896 in
1953 4830 2085 4909 saeculo,

102 4926 249 5011 quadrat,
279 4944 449 5008 prosperos
475 4941 588 4987 eorum
610 4938 778 4985 successus
800 4936 953 5000 superare
976 4912 1066 4995 quid·
1117 4917 1295 4977 cocoeruunt
1321 4913 1459 4981 divitias.
1512 4917 1561 4982 13.
1592 4915 1678 4983 06116
1703 4917 1827 4999 fruare
1859 4916 2086 4981 mendacitor

102 5012 179 5096 6611
203 5011 311 5077 animo
333 5007 526 5091 concipiunt.
562 5007 609 5071 Et
630 5013 717 5071 66116
737 5001 887 5069 videmus
909 4997 1066 5084 quosdam
1117 5015 1231 5077 meum,
1265 5002 1293 5063 et
1326 4999 1391 5064 lovi
1423 5002 1560 5083 quotidie
1587 5022 1700 5069 manns
1728 5023 1830 5069 meos.-
1881 5003 1931 5067 14.
1962 5001 2006 5067 Et
2034 5001 2085 5082 fni

101 5099 174 5182 plns
197 5095 332 5180 adipisci
347 5115 443 5177 quam
461 5093 612 5177 optarint,
634 5110 672 5156 ac
689 5091 717 5154 si
734 5088 814 5173 ipsis
832 5084 1066 5153 dormientibus
1114 5082 1468 5168 16661616666611116,
1500 5093 1528 5153 61
1555 5088 1723 5171 increpatio
1754 5108 1822 5154 ntea
1854 5087 1990 5173 61666116
2018 5107 2083 5154 616-

100 5187 229 5250 1611666
270 5181 303 5245 16
337 5200 449 5246 eorum
481 5178 621 5264 gratim
652 5175 733 5241 retia
766 5172 929 5239 tenderet:
968 5169 1064 5237 616611
1116 5169 1236 5234 testinis.

100 5269 204 5354 lepide
226 5268 289 5334 hae
310 5267 414 5332 forma
434 5264 613 5349 pinxerunt
632 5258 837 5328 Demetrium
859 5277 980 5344 regem,
1008 5256 1064 5341 661

1829 5362 1878 5417 43*
