4658 5856
168 327 231 391 653

169 523 312 581 nostros:
347 520 536 599 praesertim
572 541 648 585 vero
683 521 770 585 hunc
803 521 953 588 ardorem
987 520 1134 587 accendit

167 602 202 665 in
231 599 327 666 corde
356 603 493 670 Davidis
522 606 676 672 ccclesiae
707 608 920 673 conservatio.
964 608 1033 674 Nec
1056 629 1134 672 vero

168 685 303 752 dubium
325 696 375 753 est
403 689 481 772 quin
508 692 626 773 spiritu
656 692 845 776 prophetico
874 696 1062 779 complexus
1090 694 1135 759 sit

168 780 272 837 totum
290 773 370 838 illud
390 788 519 859 tempus
536 798 599 858 666
612 777 703 844 Deus
722 799 858 861 regnum
876 794 908 844 61
919 779 1134 846 sacerdotium

167 859 200 922 in
225 861 326 924 veteri
349 862 469 944 populo
490 870 578 927 stare
601 865 712 929 voluit.
749 864 887 931 Orditur
909 874 1018 930 tamen
1038 865 1078 929 ab
1097 886 1134 930 66

167 945 403 1011 instauratione
424 967 508 1029 quac
530 949 600 1014 cius
619 970 717 1032 opera
734 958 767 1015 et
785 971 883 1015 manu
907 962 1040 1034 repente
1062 956 1134 1033 post

166 1044 306 1096 mortem
330 1031 441 1098 Saulis
467 1033 588 1113 illuxit,
617 1055 718 1118 quum
747 1036 849 1100 tristis
878 1037 1044 1122 dissipatio
1065 1050 1133 1101 tam

167 1118 269 1182 divini
301 1119 411 1184 cultus
443 1119 629 1200 interitum,
671 1143 767 1206 quam
807 1132 913 1188 terrae
946 1124 1132 1188 vastitatem

167 1204 382 1269 minitaretur.
439 1205 551 1270 Primo
583 1217 692 1273 autem
726 1207 859 1274 Sionem
901 1209 979 1275 dicit
1008 1211 1131 1273 salvam

166 1290 243 1370 lore,
266 1292 341 1372 quia
362 1290 454 1356 Deus
477 1291 581 1358 locum
604 1295 722 1377 16666
741 1295 868 1359 volebat
887 1296 1040 1373 invocari,
1064 1304 1132 1358 tue·

165 1377 263 1459 bitur,
292 1396 351 1441 666
376 1376 500 1442 cultum
524 1398 542 1441 a
564 1399 599 1444 se
621 1380 857 1464 praescriptum
887 1381 1008 1446 aboleri
1038 1381 1130 1445 sinet.

165 1464 284 1528 Postea
307 1463 346 1527 ab
368 1482 443 1529 arca
460 1464 599 1530 foederis
617 1477 649 1530 et
668 1468 853 1532 sanctuario
876 1468 1132 1534 benedictionem

164 1550 228 1614 Dei
257 1548 297 1613 ad
326 1559 426 1614 totam
456 1562 577 1615 terram
610 1551 775 1617 extendit:
808 1555 884 1637 quia
911 1555 944 1618 in
974 1554 1133 1637 religione

164 1635 302 1702 fundata
330 1648 399 1701 erat
429 1638 541 1720 populi
575 1638 720 1704 felicitas.
771 1639 945 1706 Caeterum
979 1640 1134 1724 intelligit

164 1723 376 1788 mutationem
400 1723 434 1786 in
454 1724 569 1789 melius
593 1746 657 1790 666
684 1725 753 1790 fore
777 1735 1048 1804 momentaneam,
1076 1724 1133 1789 sed

163 1810 230 1872 fixo
251 1816 285 1874 et
304 1809 413 1874 stabili
428 1808 491 1874 Dei
514 1811 675 1893 praesidio
696 1831 824 1894 semper
846 1812 1040 1878 incolumem
1065 1814 1133 1876 lore

163 1894 327 1977 populum.
373 1894 450 1960 Ideo
481 1896 575 1979 regni
604 1898 654 1962 sui
686 1899 838 1980 auspiciis
865 1920 941 1964 vere
971 1901 1132 1964 sancitum

163 1999 233 2043 csse
267 1979 360 2045 docet
392 1981 478 2064 quod
512 1983 607 2049 toties
637 1983 728 2049 Deus
762 1985 795 2048 16
825 1983 896 2067 lege
931 1986 1132 2067 promiserat,

161 2077 318 2149 66166166
340 2066 464 2132 66111661
487 2069 556 2132 1616
574 2080 681 2133 161166
703 2069 791 2134 111166
813 2070 979 2135 haeredes.
1014 2070 1133 2152 Quieta

162 2154 249 2217 enim
273 2154 369 2217 statio
393 2153 562 2236 temporali
586 2154 729 2239 hospitio
751 2157 940 2240 opponitur:
974 2176 1012 2222 ae
1033 2158 1061 2221 si
1085 2155 1131 2220 di·

900 332 1116 400 PSALMUS
1139 334 1251 402 LXX.
1295 335 1425 405 LXXI.

2089 343 2152 408 654

1188 522 1316 605 Semper
1336 527 1658 609 mapaificetarDeas,
1680 529 1735 610 pai
1752 529 1888 614 (11116661
1908 531 2038 596 salutem
2059 537 2154 597 taam.

1187 611 1216 674 6.
1240 612 1312 693 Epo
1333 617 1435 678 autem
1455 635 1581 696 pauper
1602 615 1749 696 6116661,
1778 615 1867 681 Deae
1886 617 2004 698 festina
2027 619 2069 681 61
2089 639 2155 682 me:

1187 699 1346 796 6116111666
1375 719 1475 764 meam
1503 705 1530 765 61
1559 699 1705 766 liberator
1723 721 1811 767 meus
1840 721 1872 768 es
1893 708 1945 767 ta:
1976 701 2090 768 161666
2117 724 2156 769 aa

1185 803 1326 849 morerer.
2195 800 2198 805 '

1489 1107 1696 1176 Pstuuus
1720 1109 1851 1175 LXXI.

1187 1279 1269 1332 ΑΒΘ.
1287 1279 1375 1332 David
1393 1279 1427 1332 de
1445 1296 1493 1332 sua
1516 1281 1543 1332 in
1565 1281 1650 1333 Deum
1674 1280 1771 1333 fidncia
1793 1279 1944 1349 praelatus,
1971 1284 2070 1350 partim
2094 1301 2154 1338 enm

1288 1348 1463 1401 liberatorem
1486 1348 1626 1417 implorat:
1654 1351 1754 1418 partim
1778 1350 1953 1418 conqueritur
1974 1351 2008 1403 de
2026 1356 2155 1420 superbia

1288 1416 1404 1471 hostium
1423 1431 1544 1470 suorum:
1569 1419 1668 1486 partim
1687 1418 1749 1472 fidei
1767 1435 1831 1470 snae
1849 1418 2046 1473 confirmandae
2065 1440 2153 1487 causa,

1288 1502 1316 1538 se
1334 1486 1368 1539 ad
1386 1486 1539 1540 testandam
1557 1488 1751 1555 gratitudinem
1768 1493 1909 1555 comparat
1926 1495 1954 1540 et
1972 1490 2093 1558 accingit.

1273 1643 1300 1706 1.
1333 1640 1719 1722 16161616666661116,
1748 1662 1787 1706 rte
1810 1640 1972 1724 pudefiam
2001 1644 2035 1707 ia
2060 1649 2155 1710 aeter·

1185 1748 1270 1793 cam.
1312 1728 1343 1793 2.
1373 1729 1636 1794 1616611116166
1661 1729 1746 1808 eripe
1766 1748 1821 1807 me,
1850 1727 1995 1793 etlibera
2016 1749 2073 1807 me,
2104 1731 2154 1795 16-

1185 1815 1270 1880 61166
1289 1815 1332 1878 aa
1353 1834 1401 1878 me
1422 1835 1530 1879 acrem
1552 1820 1647 1889 tuam,
1671 1818 1698 1878 61
1722 1833 1813 1878 aer-ra
1834 1834 1891 1878 me.
1935 1813 1965 1877 3.
1998 1813 2051 1878 Sis
2073 1816 2153 1882 milri

1186 1902 1221 1964 r'rr
1250 1920 1358 1981 rupem
1390 1901 1603 1981 fortitudinia,
1637 1901 1671 1964 la
1703 1918 1797 1979 qaam
1829 1899 1989 1982 iaprediar
2021 1920 2153 1982 semper:

1185 1987 1345 2051 mandasti
1374 1986 1416 2051 ael
1437 1987 1624 2051 servandum
1652 2005 1707 2061 me,
1736 1985 1811 2065 6616
1839 2005 1901 2049 arx
1927 2005 1995 2050 mea
2024 1991 2052 2049 et
2078 2007 2153 2067 pro·

1179 2072 1398 2154 papnmulma
1426 2092 1529 2136 meam
1550 2076 1585 2136 tu
1607 2090 1648 2135 ee.
1692 2071 1721 2134 4.
1752 2069 1842 2134 Deua
1870 2071 1916 2134 rm'
1942 2070 2040 2136 libera
2064 2093 2154 2137 mea

1184 2179 1282 2224 meaa
1304 2159 1408 2239 impii,
1432 2180 1452 2222 a
1474 2178 1572 2223 maara
1593 2157 1726 2239 improbi
1747 2160 1774 2220 et
1795 2156 1928 2221 61616111.

162 2250 258 2316 66161,
291 2240 355 2302 iam
390 2253 496 2304 erecto
525 2260 616 2306 sacro
645 2242 725 2306 solio
752 2243 881 2307 vonisse
910 2257 1039 2326 tempus
1069 2264 1132 2325 666

162 2326 220 2389 tilii
253 2323 407 2389 Abrahae
441 2325 560 2408 absque
594 2327 797 2411 migrationis
832 2330 949 2394 timore
982 2330 1133 2393 fruantur
1273 2331 1299 2393 l.
1334 2327 1390 2414 (Ia
1423 2333 1451 2394 16
1481 2327 1619 2414 161666.)
1670 2327 1840 2392 Psalmum
1873 2328 1961 2394 hanc
1995 2329 2152 2412 seriptum

162 2412 272 2493 quiete
302 2411 364 2476 sibi
393 2414 562 2493 promissa.
608 2412 730 2479 Ultimo
754 2436 849 2479 versu
878 2414 918 2479 ad
946 2417 1131 2481 continuam
1184 2415 1284 2480 luisse
1317 2424 1435 2498 putant
1467 2413 1507 2479 de
1539 2414 1777 2496 conspiratione
1805 2413 1978 2479 Absalom:
2013 2424 2046 2479 et
2077 2418 2154 2498 quia

163 2506 307 2561 aetatum
330 2497 447 2562 seriem
470 2496 504 2561 id
527 2497 675 2563 extendit
695 2513 730 2564 ut
754 2511 863 2583 patres
885 2500 972 2576 filiis,
996 2501 1055 2565 filii
1079 2523 1132 2565 ne·
1185 2501 1361 2567 senectutis
1388 2522 1466 2565 suae
1487 2500 1635 2565 meminit
1656 2499 1776 2578 David,
1807 2500 1982 2582 probabilis
2005 2512 2153 2566 661666-

164 2584 293 2665 6611166
316 2595 478 2665 acceptam
501 2585 740 2666 possessionem
764 2587 803 2650 de
821 2607 922 2650 manu
945 2587 978 2649 16
998 2608 1130 2651 manum
1184 2588 1317 2653 iectura.
1369 2586 1439 2650 Iam
1474 2587 1548 2668 quia
1582 2585 1674 2649 nobis
1707 2584 1748 2648 ad
1780 2584 1889 2650 Deum
1927 2586 2154 2652 accedentibus

164 2668 304 2734 tradant.
348 2669 432 2733 Nam
456 2668 558 2734 solida
581 2670 741 2736 bonorum
764 2673 910 2736 omnium
933 2673 1133 2754 perpetuitas
1185 2673 1253 2738 sola
1276 2672 1356 2738 fides
1385 2674 1516 2737 ianuam
1546 2671 1659 2754 aperit,
1693 2681 1729 2735 61
1758 2670 1910 2754 impetret
1933 2672 2040 2736 David
2069 2673 2154 2756 qaod

165 2754 297 2820 Christo
320 2755 482 2832 innititur,
505 2757 597 2821 ouius
620 2759 726 2841 ligura
748 2767 817 2822 erat
840 2757 960 2822 David.
1001 2758 1132 2823 Interea
1186 2760 1339 2841 postulat,
1374 2767 1514 2823 testatur
1536 2779 1594 2822 suo
1617 2777 1705 2821 more
1725 2777 1760 2822 se
1782 2778 1847 2821 nou
1870 2758 2039 2843 concipere
2061 2760 2154 2824 fictas

166 2857 275 2905 tamen
306 2841 448 2906 breviter
475 2842 644 2923 admonet,
678 2853 786 2908 terrae
815 2844 944 2909 demum
976 2843 1133 2909 haeredes
1186 2866 1308 2928 preces,
1337 2844 1394 2910 scd
1425 2844 1509 2910 serio
1531 2842 1571 2907 ad
1595 2842 1705 2907 Deum
1738 2844 1927 2927 confugere:
1962 2845 2036 2927 6616
2066 2851 2154 2909 certo

164 2927 233 2991 foro
262 2927 318 3009 qui
349 2928 486 3011 legitimi
517 2940 614 2993 erunt
643 2929 796 2994 Abrahae
830 2930 897 2995 11111.
948 2930 1132 2994 Blanditias
1184 2950 1360 3012 persuasus
1389 2931 1432 2994 611
1462 2931 1496 2994 16
1526 2931 1595 2993 6166
1626 2950 1725 2991 16666
1753 2931 1927 3011 repositam
1962 2951 2032 2994 esse
2062 2950 2155 2994 suam

164 3012 251 3076 enim
275 3014 383 3077 excuti
406 3015 553 3097 oportuit
582 3015 773 3099 hypocritis,
803 3016 860 3098 qui
887 3016 961 3079 freti
984 3015 1054 3081 ecla
1075 3038 1131 3099 ge·
1184 3016 1334 3080 salutem.
1379 3016 1463 3080 Nam
1494 3016 1548 3096 661
1576 3013 1810 3096 circumagitur
1839 3013 1903 3079 buo
1932 3015 2088 3093 6111166,
2121 3027 2154 3080 61

164 3099 252 3163 66116
274 3100 396 3181 argine,
419 3119 518 3180 quum
542 3120 561 3162 a
583 3100 646 3165 lide
668 3110 797 3183 patrum
820 3100 1043 3178 descivissent,
1067 3111 1131 3165 ter·
1184 3122 1259 3185 spes
1281 3121 1356 3166 suas
1374 3101 1465 3164 varie
1487 3100 1636 3181 partitur,
1658 3099 1706 3163 vel
1726 3097 1851 3180 trepide
1869 3120 1978 3164 aecum
1999 3100 2152 3181 disputat,

164 3204 235 3248 ram
254 3183 470 3248 haereditario
487 3185 558 3250 iure
576 3207 668 3251 suam
685 3207 756 3252 6666
770 3205 938 3268 perperam
957 3186 1131 3252 iactabant.
1184 3189 1237 3253 vel
1271 3187 1503 3252 contumaciter
1537 3185 1662 3267 respuit
1695 3184 1758 3248 Dei
1795 3184 1971 3261 auxilium,
2005 3186 2058 3249 vol
2092 3187 2152 3249 im·

164 3269 326 3351 Quemvis
349 3282 457 3335 autom
481 3280 569 3335 terra
590 3271 647 3335 illa
669 3291 771 3354 usquo
793 3272 833 3336 ad
857 3272 982 3338 Christi
1010 3271 1131 3338 adven·
1185 3274 1347 3357 patienter
1377 3273 1486 3336 fremit
1508 3290 1545 3333 66
1568 3269 1801 3334 tumultuatur:
1835 3268 1991 3353 indignus
2021 3282 2070 3335 est
2100 3272 2156 3337 cui

164 3368 234 3421 tum
257 3357 359 3420 electo
380 3356 502 3439 populo
525 3356 602 3422 data
623 3357 732 3434 fuerit,
761 3357 1008 3423 meminerimus
1029 3359 1131 3423 coele·
1186 3358 1366 3442 opituletur
1405 3358 1506 3421 Deus.
1562 3355 1727 3419 Particule
1760 3366 1868 3419 autem
1900 3341 1997 3433 obath
2024 3358 2057 3421 in
2089 3359 2156 3422 1166

164 3445 225 3509 6116
247 3443 372 3525 patriae
393 3443 493 3507 fuisse
515 3442 708 3528 symbolum,
739 3442 874 3525 ideoque
897 3444 1009 3509 verim
1037 3443 1133 3508 hodie
1185 3445 1282 3528 primi
1305 3465 1429 3519 versus,
1459 3441 1618 3522 duplicem
1642 3462 1773 3506 sensum
1796 3443 1920 3524 recipit,
1944 3443 2039 3508 616611
2061 3443 2155 3509 docui

164 3550 203 3594 ao
224 3527 358 3593 solidius
388 3527 516 3612 impleri
547 3529 632 3612 quod
661 3529 714 3594 hic
741 3529 894 3593 scribitur
916 3528 956 3595 de
979 3528 1133 3594 eeclesiae
1186 3530 1318 3595 Psalmo
1340 3530 1392 3610 31,
1415 3529 1445 3594 2.
1489 3528 1573 3592 Nam
1596 3527 1649 3592 vel
1673 3529 1771 3593 tacita
1793 3534 1843 3592 est
1868 3529 2040 3594 antithesis
2069 3529 2158 3593 inter

163 3615 382 3698 protectione:
425 3615 500 3697 quia
533 3614 713 3680 timendum
748 3635 815 3679 non
848 3624 897 3679 est
929 3613 971 3678 n'e
1005 3613 1134 3680 excidat
1186 3624 1376 3698 praesentes
1409 3635 1599 3691 aerumnas,
1635 3623 1667 3677 et
1699 3612 1865 3677 laetiorem
1899 3614 2024 3678 exitum
2057 3634 2157 3696 quem

164 3700 343 3783 spiritualis
371 3700 485 3782 templi
515 3701 705 3780 aedificatio,
737 3701 772 3765 16
800 3720 863 3784 666
892 3701 1041 3767 666166116
1069 3699 1132 3764 Ι)61
1186 3701 1345 3784 sperabat·
1360 3700 1486 3765 David:
1520 3720 1558 3765 ae
1580 3700 1606 3763 si
1631 3698 1775 3776 dixisset,
1808 3698 1949 3763 Domine
1972 3721 2059 3764 6666
2083 3701 2158 3782 661·

1187 3789 1259 3851 dem
1283 3787 1370 3852 iaceo
1393 3786 1483 3850 velut
1505 3784 1669 3862 confusus,
1697 3783 1753 3849 sed
1779 3785 1899 3850 efficies
1922 3784 2157 3867 utaliquando

1186 3873 1314 3938 liberer.
1359 3871 1421 3936 Vel
1444 3891 1506 3937 nora
1528 3869 1743 3950 6616161116
1764 3870 1931 3951 saeculam,
1960 3870 2154 3936 tantundem

1186 3959 1274 4023 valet
1296 3980 1333 4021 66
1351 3975 1515 4039 nunquam
1534 3956 1701 4038 pudefieri.
1739 3954 1824 4035 Quia
1843 3975 1920 4020 voro
1938 3956 2064 4040 reliqua
2086 3958 2156 4022 lore

1187 4045 1387 4111 conveniunt
1407 4063 1481 4107 oum
1511 4040 1669 4122 principio
1699 4041 1820 4106 Psalmi
1843 4041 1883 4105 31
1915 4042 2070 4124 quidquid
2100 4043 2155 4109 hic

1187 4131 1292 4196 aciens
1320 4138 1494 4210 praetereo,
1524 4126 1600 4190 inde
1629 4134 1741 4208 661661
1768 4125 1922 4206 lectores,
1949 4148 2029 4209 quos
2059 4130 2155 4211 cupio

1188 4215 1293 4279 taedio
1315 4213 1494 4279 sublevare.
1529 4211 1569 4275 In
1588 4211 1649 4276 hac
1672 4211 1839 4294 particula,
1862 4213 1905 4278 ud
1922 4232 2010 4295 quem
2031 4216 2155 4280 amiam

165 4298 247 4354 ABG.
267 4297 335 4363 Quia
353 4298 476 4379 Palmae
494 4297 538 4377 hro
555 4306 679 4377 persea
696 4297 831 4380 donarat
855 4297 1061 4378 quadragesimi,
1085 4299 1135 4351 hoo
1186 4319 1314 4381 seraper,
1337 4318 1419 4380 quae
1437 4298 1503 4362 illic
1521 4318 1585 4362 non
1604 4298 1745 4381 ponitur,
1769 4296 1910 4363 breviter
1932 4299 2016 4381 petit
2034 4299 2154 4377 David,

268 4368 339 4489 {95²⁰
358 4368 410 4448 abr
430 4367 654 4488 {ullfflffimuff
672 4367 718 4487 ξιξ
736 4367 973 4489 'gfflfflffr
1000 4385 1065 4448 quta
1082 4368 1135 4489 ΡΨ
1186 4388 1233 4450 116
1262 4386 1442 4468 expositam
1471 4382 1533 4448 sibi
1563 4403 1632 4447 esse
1665 4403 1759 4466 opem
1788 4382 1866 4459 Dei,
1901 4396 1938 4448 61
1967 4395 2072 4448 tutum
2102 4405 2154 4448 re-

285 4453 293 4487 ¹
331 4452 435 4504 qumqu
469 4452 493 4488 ¹⁸
711 4453 746 4488 ⁰¹¹
865 4452 883 4503 p
955 4453 1134 4505 repausem
1186 4483 1316 4555 ceptum
1347 4470 1495 4534 inveniat
1526 4468 1651 4550 quoties
1684 4469 1819 4552 66116611
1851 4468 1974 4552 aliquid
2008 4468 2152 4534 instabit.

268 4506 384 4573 altqucm
412 4521 487 4557 usum
513 4503 736 4556 accomodarent.
778 4503 868 4557 Verba
891 4511 996 4557 tantum
1023 4506 1067 4559 bro
1093 4520 1134 4559 re·
1186 4558 1259 4622 Hoc
1281 4566 1346 4632 ost,
1376 4556 1518 4621 Domine
1547 4574 1677 4637 semper
1706 4555 1785 4618 mihi
1808 4555 1892 4636 apud
1916 4567 1948 4618 te
1971 4565 2084 4636 parata
2109 4557 2153 4620 sit

253 4575 367 4626 'loramr
385 4573 577 4642 interpretatio
595 4589 629 4625 ex
647 4588 696 4626 suo
713 4574 773 4625 1666
792 4579 909 4641 potatur.

622 4694 625 4699 .
1187 4642 1348 4708 defensio:
1376 4653 1409 4705 et
1429 4640 1554 4723 quotics
1576 4640 1617 4704 ad
1640 4653 1671 4704 te
1694 4637 1888 4721 confugiam,
1919 4641 2078 4723 propitius
2099 4661 2152 4705 oe·

254 4732 279 4793 l.
302 4727 463 4809 Praefecto
474 4724 623 4805 Doridis,
642 4727 684 4791 61
701 4727 969 4792 reminiscendam.
1000 4727 1135 4794 11166
1186 4749 1307 4794 curras.
1349 4725 1444 4807 Quod
1467 4727 1622 4807 66661161,
1645 4725 1803 4790 mandasti
1825 4726 1868 4789 ad
1887 4726 2076 4791 seruandam
2097 4747 2153 4806 me,

165 4814 420 4882 adlaborandum
440 4832 496 4890 me,
520 4812 633 4877 Iehora
650 4813 693 4877 ad
710 4812 869 4877 arellium
889 4833 989 4877 meam
1008 4812 1133 4894 festina.
1186 4813 1315 4898 quidam
1338 4814 1533 4895 interpretes
1558 4810 1726 4877 resolvunt
1748 4811 1781 4873 in
1806 4823 1932 4892 tempus
1954 4812 2152 4893 optativum:

165 4903 195 4969 3.
229 4899 424 4967 macarem
458 4902 485 4963 61
518 4898 682 4979 prodebam
717 4899 773 4980 661
808 4904 961 4979 quaerant
994 4899 1135 4964 animam
1186 4919 1223 4964 ao
1245 4898 1273 4963 si
1295 4896 1404 4962 David
1432 4907 1614 4980 peteretne
1637 4895 1794 4960 committi
1825 4896 2014 4978 angelorum
2044 4905 2152 4963 custo·

165 5008 282 5054 meam:
304 4989 519 5053 mcverlaatar
539 4989 710 5050 retrorsum
730 4983 938 5065 etpadefiam
959 4984 1136 5065 6616611661
1186 4985 1266 5050 diae.
1311 4981 1376 5049 Sed
1411 4983 1527 5047 melius
1560 4994 1610 5046 est
1642 4982 1784 5046 retinere
1817 4982 2025 5062 praeteritum
2060 4983 2152 5049 verbi

165 5075 284 5140 malam
311 5090 422 5137 meam.
466 5069 498 5134 4.
528 5068 709 5135 Perdamar
729 5089 824 5151 caper
844 5070 978 5133 mercede
1000 5070 1136 5151 pudoris
1187 5082 1323 5151 tempus,
1356 5080 1391 5133 ut
1414 5089 1449 5132 so
1470 5068 1633 5150 prioribus
1656 5065 1890 5149 experimentis
1914 5066 1953 5129 ad
1978 5068 2059 5133 bene
2080 5090 2154 5151 spc-

165 5163 218 5226 661
247 5159 302 5241 661
330 5158 439 5222 amant
465 5154 552 5234 milri,
586 5155 691 5239 Empe,
721 5175 803 5239 6666.
852 5156 884 5218 b.
914 5154 1136 5220 cesareae
1187 5154 1325 5221 randum
1349 5154 1483 5219 animet.
1522 5152 1574 5216 Ad
1597 5151 1729 5234 angelos
1752 5151 1849 5215 etiam
1874 5152 2072 5237 restringere
2094 5176 2153 5220 ne·

166 5247 317 5313 caeam
348 5244 383 5308 r'a
415 5246 444 5306 te
474 5260 579 5305 ornnes
611 5243 666 5322 661
698 5245 726 5306 16
755 5245 926 5325 quamam:
963 5245 991 5306 61
1022 5240 1133 5320 climat,
1186 5262 1275 5309 cesse
1299 5262 1362 5305 666
1387 5253 1436 5304 661
1460 5239 1594 5304 verbum
1619 5236 1815 5302 Mandandi:
1841 5238 1917 5320 quia
1938 5239 2001 5304 etsi
2022 5239 2154 5306 illorum

166 3788 271 3850 virtus
294 3787 452 3868 apparuit.
926 3780 947 3835 ⁸¹

479 4123 686 4194 PSALHUS
707 4125 817 4193 LXX.
