4658 5856
163 342 227 408 513
1011 339 1227 409 PSALMUS
1251 341 1308 407 LI.
2090 343 2154 412 514

164 529 247 596 nihil
271 528 359 594 aliud
382 528 532 594 attulisse
554 549 652 612 quam
670 537 854 611 peccatum,
882 536 914 594 et
937 529 1132 594 naturaliter
1182 541 1305 613 partes,
1337 529 1402 595 vim
1434 530 1503 596 eius
1526 530 1662 596 minime
1686 539 1845 599 tenemus.
1890 533 2035 599 Proinde
2064 533 2153 616 quis·

163 639 199 683 ae
221 624 326 680 totum
349 628 539 697 corruptum
562 634 641 691 esse,
665 628 698 679 et
719 615 812 698 quasi
835 614 922 680 vitiis
940 613 1130 681 delibutum.
1181 616 1255 698 quis
1278 635 1343 681 non
1365 616 1488 681 latetur
1510 629 1654 682 mentem
1677 616 1820 684 hominis
1843 620 1974 701 penitus
1992 639 2063 685 esse
2081 639 2151 686 eor·

163 702 215 768 Ita
236 701 366 767 sceleris
388 701 485 767 unius
506 701 711 766 atrocitatem
729 710 896 784 reputans,
918 700 952 765 in
972 700 1057 766 hano
1076 721 1131 766 us·
1182 709 1321 784 ruptam,
1345 713 1377 765 et
1398 722 1453 767 cor
1473 722 1682 786 perversum:
1706 722 1770 768 noo
1794 705 1857 769 nisi
1875 704 2069 788 particulam
2087 706 2152 770 ori·

165 809 228 872 que
250 785 480 871 cogitationem
503 795 625 852 tractus
653 796 718 861 est,
748 784 835 869 quod
864 797 962 853 natus
989 796 1131 870 peccato,
1182 786 1605 872 ginalispeccatiagnescit.
1640 787 1687 853 Et
1703 801 1791 855 certe
1809 789 1905 875 louge
1924 789 2013 856 aliud
2030 799 2151 856 sonant

165 872 248 938 nihil
282 873 315 936 in
348 893 383 939 se
418 871 551 937 haberet
582 873 747 936 sincerum
779 871 833 937 vel
867 872 1042 955 integrum.
1087 871 1133 937 Et
1183 873 1285 937 verba
1320 871 1475 949 Davidis,
1508 893 1604 956 quam
1634 872 1817 940 balbutiant
1845 875 2014 960 papistae,
2044 873 2152 956 fictum

165 973 254 1027 certe
276 979 342 1023 non
365 956 460 1022 aliter
482 968 613 1040 peecata
636 969 747 1022 nostra
768 958 803 1021 in
824 957 964 1022 solidum
983 958 1131 1042 agnosci·
1183 957 1307 1025 scilicet
1337 958 1441 1040 fuisse
1468 959 1658 1040 inpetrato,
1685 964 1713 1025 ct
1743 960 1924 1042 ιαίεῖαοιιιιι
1950 961 1986 1026 ia
2014 960 2150 1028 ntelitio.

165 1065 249 1122 mus,
272 1045 335 1109 nisi
358 1054 463 1108 totum
485 1045 653 1126 ingenium
677 1054 825 1108 nestrum
848 1043 1040 1109 damnemus
1062 1065 1131 1108 cer-
1182 1042 1296 1127 Neque
1313 1045 1401 1109 enim
1420 1043 1460 1109 de
1477 1045 1595 1111 crassis
1614 1043 1802 1111 lrbrdmrbus
1820 1046 1939 1131 agitur,
1957 1045 2014 1112 sed
2027 1047 2151 1114 nullam

165 1130 338 1214 ruptionis.
382 1129 454 1194 lmo
476 1127 728 1212 unumquodque
749 1127 948 1212 particulare
977 1127 1131 1195 delictum
1183 1130 1233 1195 sui
1263 1138 1391 1212 partem
1424 1129 1588 1210 eximens,
1619 1141 1789 1214 peceatum
1822 1133 2016 1198 naturaliter
2048 1133 2082 1198 iu
2116 1154 2150 1199 se

166 1215 207 1282 ad
238 1216 323 1281 banc
353 1214 539 1298 generalem
570 1213 720 1280 notitiam
746 1213 907 1280 adducere
939 1236 998 1281 nos
1027 1215 1132 1293 debet,
1184 1214 1320 1281 haerere
1342 1214 1430 1281 dicit.
1466 1215 1530 1281 Hic
1552 1217 1617 1280 iam
1640 1230 1791 1282 movetur
1812 1219 1968 1300 quaestio,
1991 1218 2150 1302 quomedo

165 1321 287 1368 meram
316 1302 508 1384 pravitatem
532 1301 564 1364 in
586 1298 738 1365 omnibus
759 1301 887 1365 animae
909 1312 1040 1366 nostrae
1062 1322 1134 1383 par·
1184 1300 1415 1385 aparentibus
1443 1309 1610 1384 peccatum
1640 1303 1842 1368 tansferatur
1870 1303 1906 1368 in
1934 1303 2034 1369 filios:
2067 1324 2150 1387 quae

154 1387 252 1453 tibus
273 1407 422 1470 regnare.
466 1385 663 1468 Priusquam
686 1398 796 1451 tamen
817 1386 906 1450 ultra
933 1386 1132 1472 progrediar,
1184 1384 1302 1451 deinde
1323 1385 1425 1452 aliam
1448 1388 1534 1469 parit
1556 1385 1596 1452 de
1618 1386 1752 1453 traduce
1774 1389 1918 1468 animae,
1947 1390 2024 1472 quia
2053 1389 2151 1455 multi

166 1474 205 1539 de
227 1471 328 1537 verbo
351 1483 485 1555 ’qnam
507 1469 628 1554 aliquid
651 1470 767 1537 dicam.
811 1471 972 1537 Hebraeis
994 1471 1036 1536 od
1058 1491 1132 1537 rer·
1184 1470 1291 1537 labem
1323 1473 1468 1556 parentis
1501 1472 1543 1537 ad
1575 1472 1680 1538 filium
1712 1475 1886 1556 pervenire
1914 1483 2051 1559 negant,
2086 1474 2150 1541 nisi

166 1560 241 1626 bum
260 1568 318 1638 eat,
341 1558 496 1624 Calelecit
513 1578 548 1623 se
566 1557 686 1635 deme,
709 1556 846 1622 averbo
863 1570 943 1641 ont,
965 1557 1019 1624 vel
1035 1569 1132 1641 nnn,
1184 1558 1293 1622 anima
1324 1557 1478 1642 gignatur
1511 1579 1552 1622 ex
1585 1556 1768 1625 substantia
1808 1560 1947 1626 animae.
2001 1558 2068 1627 Sed
2107 1581 2149 1626 ne

186 1642 250 1710 uod
272 1644 437 1727 siguificat
457 1643 649 1722 calefacere,
672 1643 748 1726 quia
770 1655 880 1708 tamen
907 1643 1054 1726 loquutio
1076 1643 1133 1708 illa
1183 1643 1264 1709 istos
1281 1641 1487 1727 labyrinthos
1504 1642 1632 1727 ingredi
1651 1663 1782 1711 necesse
1800 1645 1853 1724 sit,
1871 1645 2011 1711 sufficiat
2030 1657 2149 1723 tenere,

164 1667 274 1795 durior
296 1739 364 1814 est,
398 1729 478 1794 acite
506 1728 660 1812 mitigant
689 1728 884 1810 interpretes
908 1727 1131 1812 metaphoram
1186 1728 1291 1794 Adam
1308 1740 1381 1808 post
1402 1747 1495 1794 suam
1513 1728 1725 1795 deiectionem
1744 1729 1920 1812 spoliatum
1938 1731 2039 1797 fuisse
2056 1730 2149 1797 donis

165 1837 262 1899 quum
287 1813 428 1880 reddunt
446 1813 605 1898 Concepit
627 1835 688 1879 me.
725 1814 808 1879 Mihi
828 1814 959 1880 videtur
974 1814 1134 1899 propheta
1183 1815 1343 1890 omnibus,
1365 1813 1483 1898 quibus
1504 1827 1637 1880 ornatus
1659 1815 1776 1898 luerat,
1802 1816 1848 1882 ita
1866 1835 1967 1900 quum
1989 1817 2150 1883 exstincta

165 1901 351 1985 siguificare
373 1900 474 1976 velle,
507 1899 613 1964 foveri
636 1920 694 1964 nos
716 1907 749 1964 et
770 1899 914 1966 calefieri
936 1900 970 1964 in
1000 1911 1132 1983 peccate
1184 1898 1273 1966 esset'
1292 1920 1374 1983 quae
1395 1900 1487 1983 prius
1509 1900 1544 1964 in
1567 1921 1606 1965 eo
1628 1900 1774 1984 fulgebat
1802 1900 1900 1981 ratio,
1934 1917 1966 1967 et
1989 1903 2149 1981 voluntas,

164 1986 320 2071 quamdiu
352 1984 386 2050 iu
420 1983 600 2051 visceribus
633 1996 776 2050 mauum
816 1985 964 2052 latemus.
1019 1985 1132 2052 Redeo
1184 2007 1266 2070 quoe
1289 1986 1380 2069 prius
1402 1986 1435 2050 in
1459 1985 1522 2051 Dei
1544 1986 1735 2069 obsequium
1757 1988 1898 2052 formata
1919 1996 2006 2064 erat,
2039 1997 2153 2053 eontu-

164 2090 251 2137 nuoc
274 2071 315 2136 ad
336 2092 405 2139 rem
427 2071 544 2154 ipsam,
565 2069 730 2136 Davidem
749 2070 848 2135 unius
865 2071 989 2155 peccati
1006 2072 1132 2155 agnitio
1185 2092 1262 2136 max
1295 2071 1380 2137 lacta
1413 2080 1516 2137 osset:
1550 2082 1618 2137 tam
1651 2081 1760 2138 mente
1793 2092 1891 2156 quam
1924 2072 2022 2138 eorde
2054 2074 2154 2140 luisse

164 2158 204 2223 ad
226 2158 362 2242 longum
384 2157 486 2223 totius
508 2155 596 2221 vitae
618 2175 754 2222 examen
778 2155 890 2239 trahit,
917 2156 1074 2222 donacio
1097 2178 1132 2223 se
1184 2166 1392 2240 corruptum,
1426 2168 1459 2222 et
1491 2155 1610 2222 deinde
1642 2158 1797 2240 genuisse
1830 2158 1913 2223 filios
1947 2161 1999 2224 sui
2021 2159 2152 2225 similes.

165 2243 246 2308 nihil
277 2244 420 2326 reperiat
444 2249 574 2326 praeter
602 2253 786 2324 peccatum,
817 2263 923 2324 neque
953 2256 1062 2308 tamen
1092 2242 1132 2308 de
1184 2240 1223 2308 Si
1255 2242 1329 2326 quis
1361 2242 1516 2326 excipiat,
1554 2262 1690 2326 corpora
1722 2254 1851 2309 tantum
1890 2265 1931 2308 ex
1964 2244 2153 2328 corporibus

165 2344 301 2394 naturas
322 2349 401 2394 suae
423 2327 631 2410 corruptione
654 2327 813 2410 loquitur,
834 2328 920 2394 sicut
941 2327 1133 2411 hypocritae
1183 2328 1303 2404 creari,
1337 2326 1472 2411 ideoque
1503 2326 1585 2392 nibil
1615 2327 1744 2394 animae
1778 2349 1951 2394 commune
1979 2351 2051 2396 esse
2078 2351 2152 2395 cum

165 2415 224 2482 hoe
242 2415 351 2479 velum
373 2411 550 2480 obtendere
571 2411 676 2479 solent
698 2413 739 2478 ad
762 2411 933 2497 tegendam
951 2434 1045 2479 suam
1063 2413 1131 2481 cul·
1183 2414 1311 2480 anima:
1333 2413 1451 2479 solutio
1473 2422 1533 2494 est,
1556 2411 1643 2494 Quia
1659 2413 1751 2480 Deus
1767 2413 1875 2480 Adam
1895 2434 1961 2479 nen
1978 2424 2153 2482 ornaverat

164 2522 255 2584 pam,
277 2499 414 2566 Peccavi
435 2499 555 2576 fateor,
576 2497 632 2565 sed
656 2496 734 2582 quid
755 2497 918 2565 laceram?
948 2518 1023 2564 caro
1046 2521 1131 2583 sum,
1184 2500 1318 2582 spiritus
1340 2499 1390 2565 sui
1413 2498 1507 2565 donis
1528 2511 1683 2581 tanquam
1706 2500 1874 2583 privatum
1896 2501 2071 2582 quemlibet
2093 2500 2152 2566 he·

165 2607 224 2651 nes
246 2584 288 2650 ad
309 2586 389 2650 vitia
412 2584 606 2650 naturaliter
627 2584 782 2668 propensi
801 2604 932 2662 somus,
959 2585 1026 2650 imo
1057 2607 1130 2668 pra·
1184 2585 1316 2664 minem,
1338 2584 1395 2650 sed
1418 2585 1451 2649 in
1474 2585 1544 2650 eius
1565 2604 1738 2668 personam
1757 2585 1939 2650 contulerat
1959 2585 2046 2669 quod
2065 2585 2151 2651 vole·

164 2693 224 2736 vae
242 2671 436 2755 cupiditates
456 2691 514 2735 nos
532 2668 594 2735 sibi
612 2670 779 2736 devinctos
796 2678 830 2736 et
846 2669 991 2737 addictos
1009 2680 1131 2748 tenent,
1183 2670 1240 2735 bat
1260 2690 1431 2736 commune
1453 2691 1524 2736 ease
1546 2670 1605 2735 toti
1628 2669 1769 2735 humano
1795 2670 1924 2754 generi,
1953 2693 2013 2737 nea
2039 2692 2152 2738 omnes

165 2767 200 2822 ιιι
230 2776 364 2840 prorsus
395 2756 577 2821 humanum
605 2755 648 2821 sit
676 2775 818 2839 peccare.
863 2755 959 2822 ‘Pales
988 2754 1132 2823 latebras
1183 2756 1217 2821 ln
1240 2756 1310 2839 ipso
1332 2776 1352 2819 a
1374 2755 1479 2839 prima
1500 2755 1689 2840 integritate
1710 2755 1878 2823 excidisse.

164 2842 299 2907 minime
329 2840 473 2924 captavit
496 2839 626 2925 David,
659 2841 777 2925 quibus
803 2861 840 2908 se
868 2863 888 2907 a
917 2841 982 2906 Dei
1012 2841 1131 2910 iudicio
1268 2840 1299 2906 8.
1322 2839 1417 2941 (Ecce
1438 2839 1621 2926 veritates.)
1653 2840 1834 2907 Oonfirmat
1855 2841 1909 2909 hic
1930 2862 2045 2908 versus
2067 2841 2152 2925 quod

163 2927 374 2994 subduceret:
396 2927 478 3010 quin
496 2927 605 3011 potius
624 2925 665 2991 ad
683 2927 946 3010 amplificandam
969 2928 1130 2994 malorum
1184 2948 1289 3011 nuper
1311 2927 1390 3004 dixi,
1412 2948 1477 2992 non
1499 2926 1650 3011 captandi
1669 2936 1858 3009 praetextus
1874 2947 1971 2992 causa
1989 2924 2153 2993 Davidem

163 3034 296 3079 snorum
317 3012 513 3097 gravitatem
535 3032 555 3078 a
578 3023 710 3095 peceato
732 3012 883 3095 originali
914 3012 1005 3078 ducit
1036 3034 1131 3079 exor-
1183 3011 1224 3078 ad
1242 3022 1372 3095 tempus
1389 3032 1492 3096 usqua
1510 3012 1730 3095 conceptionis
1747 3021 1876 3077 reatum
1892 3033 1986 3079 suum
2003 3014 2151 3093 traxisse,

165 3099 271 3178 dium,
294 3119 331 3165 ac
353 3098 382 3163 si
404 3097 525 3164 diceret
547 3117 611 3162 non
634 3117 670 3163 sa
692 3098 754 3165 hoc
776 3096 829 3162 val
848 3096 904 3163 illo
927 3119 1047 3181 genere
1068 3100 1131 3165 eri·
1183 3097 1240 3164 sed
1270 3098 1376 3181 petius
1405 3107 1441 3162 ut
1470 3107 1626 3163 testatum
1647 3097 1776 3178 laceret,
1804 3098 1870 3162 iam
1894 3097 1935 3162 ab
1956 3095 2095 3163 infantia
2116 3119 2152 3164 sc

164 3185 262 3250 minis
280 3205 384 3268 nuper
399 3195 525 3248 reatum
540 3183 753 3266 contraxisse,
768 3183 824 3248 sed
839 3183 1014 3266 iniquitate
1032 3183 1131 3249 luisse
1183 3184 1281 3248 luisse
1321 3191 1472 3248 aeternae
1505 3183 1603 3247 morti
1634 3182 1823 3248 obnoxium.
1878 3180 1974 3249 Unde
2007 3183 2152 3265 sequitur

164 3271 321 3335 relertum
344 3269 384 3335 ab
414 3271 483 3351 ipse
506 3279 609 3334 utero.
650 3268 824 3334 Caeterum
852 3268 913 3334 hoc
934 3280 983 3333 est
1005 3268 1131 3334 illustre
1184 3279 1285 3333 totam
1315 3269 1385 3333 eius
1412 3268 1516 3332 vitam
1547 3268 1648 3334 luisse
1678 3266 1905 3334 damnabilem.
1949 3266 2041 3334 Adeo
2062 3268 2152 3334 anim

165 3357 386 3421 testimenium
409 3353 449 3418 de
471 3363 602 3436 peccato
624 3353 785 3438 originali,
807 3375 872 3437 quo
895 3354 1000 3418 Adam
1026 3366 1129 3419 tetum
1183 3354 1312 3438 culpam
1354 3355 1388 3417 in
1421 3353 1531 3419 Deum
1564 3374 1631 3418 non
1665 3352 1870 3420 transscribit
1903 3352 2002 3439 (sieut
2031 3354 2153 3438 impuri

166 3442 345 3506 humanum
368 3461 471 3523 genus
500 3438 670 3521 implicuit.
715 3441 759 3504 Et
788 3438 865 3506 hinc
893 3439 992 3503 etiam
1020 3440 1131 3524 colligi
1182 3438 1314 3524 quidam
1336 3460 1434 3506 canes
1456 3461 1530 3506 cum
1552 3460 1591 3505 ee
1613 3439 1831 3522 expostulant,
1857 3437 1942 3523 quod
1964 3461 2031 3505 non
2053 3439 2151 3505 aliam

166 3539 272 3609 petest
302 3539 389 3591 recta
418 3526 487 3590 eius
517 3523 672 3590 definitio.
717 3524 806 3591 Olim
836 3524 1022 3608 Pelagiani,
1053 3527 1130 3608 quia
1182 3524 1337 3591 indiderit
1366 3535 1518 3591 naturam
1546 3523 1745 3607 hominibus)
1769 3534 1807 3590 ut
1833 3525 1941 3608 petius
1970 3525 2041 3591 eiua
2069 3523 2153 3590 iodi-

162 3610 339 3677 absurdum
362 3609 523 3677 ducebant
542 3631 601 3677 nos
623 3631 737 3676 omues
756 3611 852 3676 unius
870 3609 1013 3677 bominis
1034 3611 1131 3693 culpa
1183 3611 1268 3678 cium
1302 3610 1506 3694 corruptelae
1538 3620 1670 3677 nostrae
1698 3620 1856 3694 opponat:
1899 3631 1937 3678 ao
1965 3612 1993 3676 si
2021 3609 2150 3690 diceret,

163 3719 234 3762 esse
257 3697 409 3780 perditos,
432 3697 545 3780 nugati
565 3706 647 3761 sunt
665 3707 833 3780 peccatum
856 3695 925 3760 sola
942 3696 1130 3762 'imitatione
1183 3695 1320 3776 Quoties
1344 3695 1511 3779 prodimus
1533 3697 1567 3760 in
1590 3707 1799 3782 conspectum
1820 3695 1894 3773 Dei,
1916 3706 2037 3763 certam
2059 3696 2152 3762 uobis

162 3805 204 3848 ex
226 3784 333 3847 Adam
356 3782 535 3866 profectum
557 3802 638 3848 esse.
674 3783 777 3865 Atqui
798 3782 962 3865 scriptura
983 3791 1050 3847 tam
1069 3782 1130 3848 hoc
1184 3781 1425 3848 damnationem
1447 3783 1586 3847 instare:
1609 3782 1687 3866 quia
1709 3801 1810 3863 quum
1833 3781 1873 3846 ad
1895 3797 2063 3864 peccatum
2082 3782 2152 3846 nati

163 3868 232 3936 leco
254 3888 353 3950 quam
376 3866 523 3952 pluribus
546 3867 637 3950 aliis,
666 3867 772 3951 palam
802 3867 917 3933 asserit
946 3867 1129 3951 ingenitum
1183 3869 1295 3944 simus,
1319 3866 1390 3932 Deo
1409 3867 1473 3950 ipsi
1492 3867 1617 3951 placeat
1634 3865 1795 3932 rectitudo
1813 3877 1848 3931 ot
1865 3866 2046 3944 sinceritas,
2064 3867 2151 3933 unde

162 3955 257 4020 nebia
278 3975 349 4020 csse
371 3965 554 4036 peccatum,
577 3964 613 4017 ut
634 3954 723 4019 intus
746 3953 887 4019 resideat
908 3962 941 4016 et
961 3952 1065 4018 infixa
1087 3954 1131 4017 sit
1184 3972 1316 4019 necesse
1345 3962 1395 4017 est
1423 3973 1483 4018 nos
1510 3953 1540 4017 ei
1565 3973 1636 4018 essa
1657 3972 1783 4018 exosos.
1827 3951 2024 4035 Quanquam
2047 3953 2152 4038 magis
2244 4004 2248 4011 .

162 4039 357 4123 corruptela,
376 4059 481 4122 neque
498 4040 585 4103 euim
604 4049 757 4121 parentes
774 4060 851 4105 suos
869 4047 1000 4105 accusat
1012 4038 1130 4119 David,
1183 4037 1365 4121 emphatice
1394 4037 1543 4120 loquitur,
1573 4036 1651 4102 dum
1680 4038 1796 4104 asserit
1824 4057 1890 4102 non
1918 4038 2013 4103 modo
2040 4038 2150 4104 Deum

164 4123 216 4191 vel
238 4127 361 4190 crimen
383 4125 417 4188 in
441 4144 495 4189 eos
517 4123 661 4206 derivat,
695 4124 752 4190 sed
773 4145 808 4188 se
837 4122 878 4189 ad
901 4123 1044 4189 tribunal
1067 4124 1129 4189 Dei
1183 4124 1347 4205 requirere
1376 4137 1413 4188 ut
1443 4122 1512 4189 vita
1541 4132 1653 4189 nostra
1680 4121 1859 4207 composita
1881 4123 1923 4189 sit
1945 4123 1986 4189 ad
2009 4123 2149 4208 aliquam

163 4211 302 4286 sistens,
333 4211 484 4275 vitiosum
514 4209 708 4293 figmentum
739 4231 809 4276 esse
839 4210 971 4286 asserit,
1006 4220 1043 4274 ut
1064 4211 1130 4274 iam
1183 4209 1326 4274 iustitiae
1358 4207 1513 4289 formam,
1546 4207 1603 4275 sed
1632 4218 1670 4274 ut
1701 4228 1756 4276 eor
1788 4229 1908 4292 purum
1936 4210 1979 4275 sit
2007 4220 2040 4274 et
2068 4211 2151 4276 benc

164 4297 254 4380 prius
285 4305 373 4361 esset
405 4305 554 4378 peccator
586 4314 685 4376 quam
717 4308 900 4379 emergeret
939 4295 974 4359 in
1015 4295 1129 4361 lucam.
1183 4304 1358 4378 purgatum
1391 4294 1481 4359 omui
1514 4293 1655 4374 fallacia,
1687 4293 1749 4361 bac
1782 4295 1907 4359 ratione
1936 4293 2014 4361 dicit
2044 4296 2149 4361 Deum

164 4383 279 4465 Itaque
314 4380 410 4445 nimis
439 4378 583 4462 improbe
615 4379 769 4460 Pelagius
799 4390 967 4464 peccatum
996 4381 1131 4464 negavit
1182 4379 1402 4446 sinceritatem
1433 4380 1519 4445 vella
1547 4381 1582 4444 in
1613 4379 1848 4463 penetralibus:
1879 4381 1931 4445 vel
1958 4381 2043 4464 quod
2065 4380 2151 4445 idem

163 4467 356 4550 contagione
375 4487 507 4530 manare
524 4465 558 4529 io
577 4473 734 4548 posteros,
752 4477 791 4531 ut
805 4468 848 4532 sit
866 4465 1129 4531 haereditarium.
1182 4465 1280 4543 valet,
1313 4486 1380 4531 nen
1407 4465 1502 4530 mode
1533 4465 1698 4531 infensum
1727 4487 1797 4532 esse
1827 4468 1972 4532 externis
2001 4467 2150 4549 peccatis,

165 4553 272 4618 Hodie
295 4552 458 4635 papistae,
488 4550 619 4615 tametsi
650 4571 715 4616 non
746 4563 870 4636 negant
892 4553 1039 4617 vitiatam
1061 4573 1133 4618 esse
1182 4550 1239 4618 sed
1262 4550 1395 4635 exigere
1417 4551 1578 4619 sinceram
1600 4551 1706 4617 cordis
1726 4551 1931 4629 munditiem,
1954 4559 1992 4616 ut
2008 4550 2150 4616 occultas

165 4638 333 4704 hominum
358 4647 524 4712 naturam,
554 4635 601 4701 sic
624 4644 732 4702 tamen
756 4645 938 4703 extenuant
959 4649 996 4702 ut
1018 4657 1131 4719 pecca·
1182 4635 1294 4703 sordes
1315 4635 1529 4703 abominetur.
1563 4637 1719 4703 Proximo
1741 4637 1886 4703 membre
1903 4637 2027 4704 crimen
2045 4635 2151 4703 adbuc

165 4734 237 4790 tum
260 4723 418 4806 originale
442 4721 523 4786 nihil
546 4721 615 4786 fere
637 4721 725 4787 aliud
748 4723 809 4801 sit,
838 4743 936 4807 quam
964 4741 1068 4806 prava
1090 4721 1131 4787 ad
1182 4734 1369 4807 exaggerat,
1399 4721 1484 4805 quod
1505 4733 1711 4806 praetextum
1734 4722 1953 4790 excusationis
1975 4720 2150 4788 obtendere

164 4821 333 4894 peccatum
356 4808 531 4873 inclinatio.
565 4806 920 4892 Reatringuntdeinde
943 4808 1132 4874 adiutorio
1183 4829 1248 4872 nen
1278 4808 1372 4874 liceat
1401 4808 1442 4871 ab
1466 4807 1667 4891 ignorantia:
1698 4807 1959 4892 quandoquidem
1983 4806 2090 4872 fuerat
2112 4807 2150 4874 de

165 4916 234 4961 rem
257 4895 386 4958 animae
409 4904 535 4976 partem
558 4904 590 4956 et
611 4911 737 4960 crassos
754 4896 936 4977 appetitus,
970 4903 1003 4958 et
1020 4912 1130 4976 quam·
1183 4893 1288 4958 officie
1318 4914 1378 4958 suo
1405 4891 1579 4972 divinitus,
1612 4905 1769 4978 quantum
1797 4894 1877 4958 satis
1907 4904 1977 4957 erat
2006 4892 2149 4959 edoctus.

166 4982 216 5046 vis
237 4979 439 5062 experientia
461 4979 548 5046 clare
569 4978 720 5044 ostendat
741 4980 957 5062 corruptelam
980 4978 1065 5044 hanc
1095 4980 1129 5043 in
1183 4977 1293 5045 Dictie
1322 4991 1450 5065 mm)
1479 5001 1499 5046 a
1527 4979 1641 5045 multis
1662 4981 1709 5043 ita
1732 4979 1888 5062 accipitur
1909 4998 1947 5045 ac
1969 4977 1998 5043 si
2019 4977 2149 5058 diceret,

166 5067 353 5132 hominibus
378 5085 478 5147 usque
501 5064 540 5130 ad
572 5064 659 5130 vitae
687 5067 787 5130 finem
815 5067 973 5148 grassari:
1008 5074 1131 5148 negant
1182 5084 1302 5130 mana
1324 5064 1482 5148 mysteria
1509 5065 1572 5130 sibi
1594 5065 1753 5148 patefacta
1774 5085 1855 5130 esso.
1899 5062 1951 5128 Ita
1973 5062 2150 5130 secondum

167 5167 277 5217 tamen
300 5172 341 5216 ex
363 5171 427 5234 quo
449 5150 600 5232 baptizati
622 5170 735 5216 sumus
754 5160 919 5232 peccatum
943 5171 1024 5216 esse.
1068 5152 1130 5216 At·
1182 5169 1246 5229 eos,
1275 5149 1422 5216 meadum
1449 5150 1582 5232 ponitur
1610 5170 1669 5232 pro
1697 5150 1795 5215 rebus
1824 5149 1863 5214 ab
1887 5148 2029 5214 humano
2052 5169 2151 5216 sensu

164 5237 222 5320 qui
255 5238 316 5303 nisi
346 5248 472 5301 constet
505 5248 634 5317 peccato
669 5237 819 5319 occupari
856 5257 969 5302 omnes
1002 5235 1129 5301 animae
1182 5235 1387 5302 absconditis.
1433 5234 1508 5300 Meo
1531 5245 1640 5300 autem
1664 5233 1792 5313 iudicio,
1815 5235 1996 5301 obscuritas
2019 5235 2073 5300 vel
2095 5235 2150 5300 ab·

238 5338 348 5394 Caluini
364 5353 458 5407 opera.
487 5337 546 5393 Vol.
558 5337 673 5392 XXXI.
1915 5336 1950 5391 33
