4658 5856
183 377 246 445 801
947 379 1163 448 PSALMUS
1184 381 1401 450 LXXXVII.
1624 328 1626 332 Α
2108 391 2172 458 802

181 569 269 634 Nam
292 569 386 652 paulo
410 578 482 652 post
500 570 533 634 in
551 578 706 636 contextu
725 570 880 651 sequitur,
904 567 1066 635 Excelsus
1083 570 1152 651 ipse
1203 570 1465 639 admonebantur
1482 574 1609 641 fideles:
1633 576 1774 657 primum
1791 586 1829 642 ut
1849 576 1889 642 ad
1908 587 2021 643 vetera
2038 580 2171 645 oracula

181 655 325 722 stabiliet
347 676 429 720 eam.
474 655 537 721 Est
557 655 687 738 quidem
710 665 744 721 et
765 654 903 720 aliarum
927 654 1055 720 urbium
1079 675 1152 720 con·
1203 657 1417 738 attenderent,
1446 681 1546 742 eaque
1581 664 1737 728 memoria
1760 672 1953 745 repeterent,
1977 666 2169 746 praesertim

181 741 284 807 ditor:
307 741 363 806 sed
386 740 426 806 de
448 741 540 806 nulla
561 741 624 806 alia
647 740 727 806 urbe
750 741 871 807 dictum
894 741 1030 825 legitur:
1060 740 1151 806 Haec
1202 764 1284 827 quaa
1307 744 1392 825 apud
1415 745 1553 811 Iesaiam
1586 748 1741 831 leguntur
1763 770 1782 814 a
1804 749 1910 831 capite
1937 750 1981 815 40
2002 771 2105 834 usque
2128 750 2169 816 ad

179 827 308 910 requies
330 848 404 892 mea
430 827 463 890 in
486 828 667 905 saeculum,
697 827 749 894 hic
771 825 940 903 habitabo,
964 827 1045 909 quia
1067 826 1150 908 elegi
1201 829 1301 893 finem
1324 828 1411 894 libri:
1436 831 1551 896 deinde
1573 842 1611 897 ut
1633 853 1728 899 aures
1749 835 1942 918 praeberent
1966 835 2028 900 Dei
2050 837 2166 916 servis,

179 933 268 991 eum,
299 912 421 980 Psalm.
447 912 519 993 132,
543 913 592 978 14.
637 912 828 978 Tenendum
858 925 907 977 est
928 933 1055 994 semper
1083 911 1149 976 dis·
1200 915 1253 995 qui
1277 923 1356 980 tuno
1377 914 1417 980 de
1439 938 1538 1000 regno
1561 918 1684 985 Christi
1706 921 1989 996 concionabantur,
2011 921 2098 987 unde
2120 941 2169 986 se·

178 1000 319 1079 odmen,
342 999 549 1082 quodquam
572 998 655 1064 aliae
677 1001 774 1065 urbes
797 1007 951 1063 externae
974 998 1068 1062 modo
1090 1018 1148 1080 po·
1200 1001 1319 1083 quitur,
1350 1011 1474 1067 rectum
1499 1003 1539 1066 de
1561 1006 1714 1070 eeclesiae
1743 1006 1895 1071 felicitate
1924 1005 2077 1072 iudicium
2102 1028 2167 1073 non

178 1085 270 1150 litiae
292 1105 389 1150 causa
411 1084 563 1167 auspiciis
582 1083 646 1149 Dei
669 1094 700 1148 et
718 1086 839 1150 virtute
860 1084 1009 1149 conditae
1031 1083 1148 1166 forent,
1199 1105 1293 1166 posse
1326 1088 1413 1164 fieri,
1446 1088 1510 1154 nisi
1543 1087 1619 1155 dum
1652 1111 1724 1156 eam
1758 1113 1799 1156 ex
1833 1092 1896 1157 Dei
1930 1091 2030 1157 verbo
2070 1093 2166 1158 aesti-

176 1171 410 1254 Hierosolyma
429 1171 593 1254 peculiare
610 1181 682 1235 erat
700 1171 769 1236 eius
783 1171 972 1245 sacrarium,
990 1168 1147 1250 sedesque
1198 1191 1333 1238 mamus.

176 1258 277 1342 regia.
302 1254 426 1321 Eodem
436 1255 640 1322 modoetiam
652 1256 773 1321 Iesaias
786 1257 1017 1338 loquitur,oap.
1031 1255 1081 1333 14,
1093 1255 1144 1320 32.

176 1342 387 1423 Quinetiam
417 1363 518 1425 quum
549 1352 617 1406 tota
639 1341 761 1407 Iudaea
789 1340 903 1407 aDeo
930 1360 1022 1406 saera
1051 1351 1144 1423 esset,
1281 1344 1311 1408 4.
1346 1344 1527 1411 Memorabo
1558 1346 1671 1410 Rabeb
1703 1351 1730 1410 et
1757 1346 1857 1413 Babet
1888 1348 1968 1413 iater
1999 1349 2167 1432 cognitore:

175 1428 296 1495 dieitur
318 1437 430 1493 tumen
451 1428 566 1493 urbem
590 1427 675 1493 hanc
697 1426 758 1493 sibi
780 1426 852 1492 aliis
882 1428 1025 1501 reiectis,
1056 1447 1144 1492 sum·
1195 1448 1292 1494 oteoe:
1326 1449 1388 1495 eece
1420 1431 1588 1497 Philistiai
1620 1437 1647 1495 et
1678 1432 1782 1516 Tyrus
1809 1453 1879 1498 eam
1907 1433 2088 1516 Aethiopia,
2116 1435 2167 1501 bie

174 1515 278 1598 psisse
310 1514 346 1577 in
376 1535 440 1597 qua
470 1522 630 1597 regnaret.
683 1513 797 1596 Neque
824 1513 910 1578 enim
947 1513 987 1577 de
1014 1523 1145 1577 terrena
1195 1518 1289 1579 natas
1305 1521 1350 1580 est
1363 1515 1416 1582 ibi.
1450 1516 1480 1582 5.
1503 1517 1547 1581 Et
1562 1519 1600 1584 de
1618 1516 1695 1583 Sioa
1715 1519 1842 1594 diaetae,
1873 1519 1930 1584 Vir
1952 1525 1981 1583 et
2001 1521 2052 1584 vir
2072 1525 2166 1587 etatae

172 1600 285 1684 politia
308 1599 361 1665 hio
383 1599 507 1683 agitur,
538 1598 593 1664 sed
617 1597 657 1664 de
675 1600 833 1682 regimine
859 1598 1039 1681 spirituali,
1069 1599 1144 1680 quia
1195 1605 1240 1663 eat
1262 1601 1296 1664 in
1318 1622 1363 1679 eo,
1382 1607 1409 1666 et
1430 1602 1583 1668 Eteocleas
1605 1605 1673 1686 ipse
1694 1603 1828 1669 stabiliet
1849 1625 1925 1669 eum.
1958 1606 1987 1670 6.
2008 1604 2165 1671 Dominae

172 1705 337 1768 nusquam
359 1693 437 1751 tunc
459 1685 537 1750 alibi
562 1705 646 1767 pura
672 1685 803 1768 religio,
833 1695 866 1748 et
884 1685 1059 1768 legitimus
1080 1683 1144 1749 Dei
1194 1687 1358 1751 recensebit
1400 1688 1557 1755 subando
1596 1689 1748 1772 populos,
1794 1690 1857 1756 Hie
1896 1695 1989 1755 notas
2028 1696 2071 1755 eat
2109 1692 2163 1756 ibi.

172 1772 289 1848 cultus,
311 1783 344 1837 et
364 1772 495 1855 pietatis
517 1771 681 1854 doctrina,
704 1791 800 1853 quam
822 1770 1071 1854 Hierosolymae
1094 1769 1143 1834 vi·
1195 1769 1299 1838 Seteia.

171 1856 302 1942 gabant.
355 1855 452 1937 Quod
481 1856 677 1939 exprimitur
709 1855 851 1921 secundo
880 1876 993 1938 versu,
1026 1854 1143 1937 Ditiqit

169 1943 331 2010 Dominus
345 1947 458 2025 portos
477 1941 553 2008 Sion
570 1962 652 2024 prae
671 1941 814 2007 amabas
830 1940 1017 2007 habitaculis
1035 1940 1143 2005 Iacob:
1279 1951 1308 2010 4.
1332 1944 1549 2030 (Memorato.)
1587 1945 1711 2011 Nomen
1737 1945 1850 2011 Rabab
1873 1967 1929 2027 pro
1953 1949 2105 2029 Aegypto
2129 1948 2163 2011 in

169 2028 248 2094 hine
271 2027 424 2094 docemur
453 2037 556 2092 totam
585 2039 717 2093 sanctae
745 2028 836 2093 urbis
863 2027 1095 2110 praestantiam
1123 2048 1143 2090 a
1193 2030 1412 2114 compluribus
1434 2031 1506 2096 aliis
1528 2031 1706 2114 scripturae
1730 2032 1806 2097 locis
1829 2033 1985 2097 sumitur:
2020 2043 2052 2095 et
2085 2031 2162 2098 huic

169 2115 314 2193 gratuita
337 2112 400 2177 Dei
422 2113 578 2179 electione
601 2113 758 2196 pendere,
783 2113 836 2178 cui
859 2112 1034 2194 respondet
1055 2110 1142 2194 quod
1192 2117 1313 2200 optimo
1335 2117 1472 2198 quadrat
1495 2137 1533 2181 ea
1554 2117 1758 2199 significatio,
1781 2118 1951 2183 consilium
1977 2117 2064 2182 enim
2088 2139 2161 2201 pro-

166 2201 256 2266 Psel.
281 2201 330 2278 78,
350 2199 393 2264 60
411 2199 557 2278 habetur,
580 2199 690 2263 Deum
708 2198 897 2282 repudiasse
916 2199 996 2278 Silo,
1020 2200 1140 2262 tribum
1192 2202 1309 2284 phetae
1330 2213 1380 2267 est
1402 2203 1542 2268 seribere
1565 2204 1771 2286 magnificam
1794 2203 1883 2267 illam
1917 2203 2069 2268 eeclesiae
2092 2225 2160 2267 am·

166 2286 343 2369 Ephraim,
373 2285 618 2350 tabernaculum
641 2285 774 2367 Ioseph,
804 2294 839 2349 ut
861 2285 894 2348 in
918 2283 1019 2350 Sione
1048 2283 1141 2348 habi·
1191 2287 1396 2371 plitudinem,
1419 2310 1500 2370 quae
1518 2286 1624 2352 adhuc
1643 2289 1676 2351 in
1692 2310 1748 2370 spo
1767 2287 1955 2354 abscondita
1969 2298 2049 2354 erat.
2072 2287 2162 2355 Dicit

166 2382 269 2452 taret,
304 2391 402 2455 quam
426 2370 549 2436 dilexit.
595 2371 685 2453 Ergo
708 2391 837 2436 causam
860 2378 953 2434 notat
983 2369 1140 2452 propheta
1191 2374 1299 2457 igitur,
1322 2394 1376 2439 eos
1398 2374 1453 2457 qui
1476 2374 1565 2456 prius
1587 2374 1694 2438 infesti
1719 2374 1827 2438 hostes
1846 2374 1983 2451 fuerant,
2001 2375 2050 2439 vel
2069 2395 2160 2455 pror·

165 2479 225 2524 our
247 2458 354 2523 losum
378 2478 479 2522 unum
502 2457 575 2522 aliis
600 2457 790 2537 praetulerit
813 2456 920 2521 Deus:
954 2469 987 2519 et
1008 2475 1137 2521 oausam
1190 2480 1247 2524 sus
1270 2460 1377 2535 alieni,
1411 2480 1475 2524 non
1510 2468 1638 2522 tantum
1661 2458 1835 2524 familiares
1858 2460 1979 2525 amieos
2003 2461 2080 2538 lore,
2104 2460 2160 2524 sed

165 2543 285 2609 statuit
300 2564 365 2608 non
385 2544 418 2606 in
440 2542 502 2608 loci
520 2542 687 2627 dignitate,
705 2542 761 2607 sed
780 2543 924 2626 gratuito
936 2541 999 2606 Dei
1018 2560 1137 2605 amore.
1190 2544 1380 2609 inserendos
1403 2545 1437 2608 in
1460 2566 1560 2608 uuum
1584 2565 1709 2626 corpus,
1733 2555 1770 2608 ut
1791 2555 1986 2609 censeantur
2007 2545 2161 2609 Hieroso·

165 2629 279 2710 Quare
300 2628 328 2693 si
351 2629 520 2710 quaeritur
542 2626 628 2693 unde
652 2640 708 2692 aut
736 2648 794 2693 cur
823 2627 962 2693 excellat
983 2627 1137 2691 Hieroso·
1189 2628 1297 2714 lymac
1337 2632 1433 2696 cives.
1495 2630 1610 2694 Priore
1649 2630 1792 2695 membro
1833 2630 1928 2710 dicit,
1969 2631 2159 2696 Memorabo

165 2715 275 2799 lyma,
297 2715 438 2780 suffioiat
461 2714 568 2779 brevis
592 2713 776 2796 responsio,
807 2714 882 2796 quia
905 2713 951 2778 sic
973 2712 1045 2776 Deo
1069 2712 1138 2795 pla·
1190 2718 1379 2800 Aegyptum
1413 2725 1447 2780 et
1477 2715 1681 2798 Babylonem
1714 2716 1800 2780 inter
1832 2736 1921 2781 meos
1957 2710 2157 2782 domesticos.

164 2800 243 2867 cuit.
286 2800 395 2883 Atque
417 2800 480 2866 hoo
503 2797 635 2882 quidem
658 2799 761 2864 divini
783 2799 903 2863 amoris
934 2799 997 2863 luit
1019 2799 1137 2881 prinoi-
1190 2799 1341 2868 Secundo
1363 2799 1461 2880 addit,
1484 2800 1661 2873 Philistini,
1681 2801 1773 2885 'Pyrii
1791 2800 2021 2883 etAethiopes,
2040 2802 2158 2883 quibus

163 2887 273 2970 pium:
306 2887 382 2952 finis
403 2895 521 2962 autem,
546 2895 583 2950 ut
604 2894 711 2951 certus
734 2895 819 2950 esset
842 2885 958 2966 aliquis
981 2886 1078 2960 loeus,
1102 2882 1137 2947 in
1189 2887 1346 2952 hactenus
1380 2894 1507 2951 tantum
1540 2885 1602 2949 fuit
1636 2885 1806 2951 dissidium
1839 2908 1914 2951 cum
1942 2888 2061 2970 populo
2084 2888 2156 2965 Dei,

163 2993 230 3056 quo
263 2970 304 3036 ad
332 2970 505 3036 fovendam
542 2970 618 3035 fidei
648 2971 807 3035 unitatem
837 2971 1029 3036 consisteret
1058 2990 1137 3034 vera
1189 2993 1275 3037 nunc
1310 2971 1443 3055 perinde
1476 2971 1681 3036 consentient
1713 2992 1750 3035 ac
1773 2972 1800 3034 si
1833 2980 1942 3036 essent
1973 2971 2156 3054 indigenae.

163 3057 404 3142 religioneque
427 3056 468 3122 ad
491 3056 615 3122 Christi
639 3055 833 3135 adventum,
863 3064 895 3119 et
918 3056 1003 3120 unde
1027 3062 1137 3138 postea
1187 3057 1362 3122 Praeclara
1384 3055 1537 3121 ecelesiae
1559 3054 1710 3140 dignitas,
1742 3056 1826 3138 quod
1856 3055 1998 3138 undique
2021 3056 2062 3121 ad
2084 3078 2156 3120 eam

163 3146 202 3210 in
224 3163 336 3208 omnes
357 3141 472 3207 mundi
494 3142 607 3225 plagas
629 3148 787 3206 manaret.
823 3140 964 3206 Proinde
987 3141 1047 3205 hoe
1070 3141 1135 3205 elo·
1188 3143 1452 3227 aggregabuntur
1485 3141 1539 3224 qui
1572 3162 1642 3207 eam
1676 3140 1888 3224 spernebant:
1930 3154 1963 3206 et
1994 3143 2050 3224 qui
2083 3163 2155 3207 eam

163 3230 220 3315 gio
243 3229 400 3312 propheta
417 3227 682 3312 Hierosolymam
701 3227 907 3293 commendat
923 3226 1008 3309 quod
1026 3226 1134 3293 Deum
1187 3227 1359 3310 cupiebant
1380 3227 1522 3292 excisam
1545 3247 1582 3292 aa
1604 3227 1766 3309 perditam
1788 3228 1905 3292 summi
1934 3226 2065 3292 honoris
2086 3228 2155 3293 looo

164 3315 286 3381 habeat
308 3313 521 3381 architectum
543 3323 576 3379 et
598 3311 788 3395 praesidem.
834 3311 962 3377 Deinde
980 3312 1136 3394 quidquid
1187 3313 1314 3393 ducent,
1336 3314 1423 3378 cives
1445 3313 1516 3377 eius
1537 3333 1607 3378 sese
1630 3324 1664 3377 et
1686 3313 1806 3392 haberi,
1829 3323 1942 3394 sponte
1964 3333 2078 3378 omnes
2099 3334 2155 3395 pa·

164 3422 243 3484 prae
266 3400 337 3465 aliis
367 3399 447 3464 loeis
473 3399 685 3465 excellentiae
713 3397 825 3482 habet,
859 3398 923 3463 Dei
951 3399 1074 3481 gratiae
1104 3408 1137 3462 et
1187 3399 1269 3465 triae
1292 3417 1370 3465 suae
1393 3398 1629 3463 renuntiabunt
1650 3397 1686 3462 in
1708 3420 1772 3481 qua
1795 3399 1884 3481 prius
1907 3397 2154 3481 superbiebant:

163 3485 329 3569 adoptioni
352 3484 516 3551 adscribit.
561 3482 658 3565 Quod
686 3483 810 3550 Sionem
839 3504 897 3567 pro
927 3483 1135 3569 lerosolyma‚
1188 3484 1403 3567 undecunque
1425 3504 1502 3567 ergo
1524 3483 1593 3548 nati
1616 3483 1692 3564 sint,
1713 3483 1782 3549 sive
1805 3505 1846 3549 ox
1864 3484 2061 3562 Palaestina,
2084 3486 2153 3550 sive

163 3587 198 3637 et
213 3576 326 3653 poetae
356 3590 414 3655 pro
443 3581 511 3637 toto
539 3570 629 3635 urbis
657 3568 829 3653 complexu
859 3570 985 3653 posuit,
1015 3570 1135 3652 duplex
1186 3593 1226 3636 ex
1258 3570 1449 3653 Aethiopia,
1481 3569 1550 3634 sive
1583 3569 1686 3652 Tyro,
1719 3570 1957 3652 profitebuntur
1990 3591 2025 3634 se
2064 3571 2155 3636 urbis

163 3667 215 3724 est
236 3656 450 3741 synecdoche.
1185 3667 1317 3723 sanotae
1339 3676 1409 3722 esse
1431 3655 1529 3721 nives.
1574 3654 1717 3720 Hebraei
1739 3655 1827 3721 hune
1850 3656 1957 3721 locum
1980 3655 2026 3719 ita
2058 3676 2156 3739 expo·

249 3743 279 3807 3.
302 3741 468 3828 (Glorioso
490 3740 660 3827 aanor.)
690 3739 744 3806 Ad
757 3740 893 3806 verbum
909 3751 967 3818 est,
989 3740 1084 3821 Quod
1100 3742 1135 3806 in
1186 3752 1279 3826 nunt,
1303 3742 1514 3825 paucissimos
1536 3762 1577 3805 ex
1599 3740 1672 3805 aliis
1695 3740 1846 3824 gentibus
1869 3741 2065 3824 prodituros,
2099 3741 2155 3824 qui

164 3839 199 3895 te
232 3827 373 3907 dicitur,
406 3835 484 3893 sunt
516 3848 568 3893 res
602 3826 768 3910 gloriosae.
825 3824 1048 3910 Spectandum
1085 3837 1136 3893 est
1185 3828 1317 3912 ingenio
1350 3839 1408 3892 aut
1429 3827 1550 3892 virtute
1572 3835 1756 3908 praestent:
1789 3825 1845 3892 sed
1868 3828 1902 3891 in
1924 3826 2047 3892 Israele
2064 3846 2155 3911 mag·

163 3917 344 4000 prophetae
378 3913 560 3990 eonsilium,
597 3912 648 3977 vel
680 3913 790 3997 potius
821 3933 884 3995 quo
916 3922 1039 3995 spectet
1071 3912 1134 3978 Dei
1185 3936 1263 3980 num
1286 3915 1353 3979 lore
1377 3921 1582 3996 proventum.
1625 3912 1703 3991 Vix,
1725 3912 1889 3995 inquiunt,
1923 3912 2046 3997 singuli
2068 3911 2156 3995 apud

162 4000 298 4083 spiritus
331 4020 390 4082 per
419 4020 455 4064 os
487 3999 668 4082 prophetae
700 3997 802 4081 ipsius
836 3998 978 4081 loquens.
1024 3997 1134 4078 Quum
1184 3999 1312 4085 Tyrios,
1333 3997 1525 4082 Aegyptios,
1544 3998 1729 4079 Aethiopes,
1747 4008 1779 4062 et
1791 3997 1922 4080 quosvis
1940 3997 2029 4076 alios,
2048 4011 2155 4063 exsta·

164 4085 301 4151 humilis
335 4104 372 4151 ae
405 4083 558 4167 despecta
590 4091 674 4150 esset
707 4083 807 4149 totius
839 4084 948 4168 populi
982 4084 1133 4165 conditio,
1185 4087 1267 4152 bunt
1289 4084 1385 4150 laude
1408 4083 1498 4166 digni
1520 4082 1682 4148 homines:
1707 4092 1744 4147 ut
1759 4083 1786 4148 si
1801 4084 1872 4165 quis
1888 4083 1962 4148 talis
1981 4084 2032 4167 sit,
2052 4083 2153 4169 digito

162 4171 261 4236 multi
284 4181 457 4253 etgraves
474 4169 618 4252 undique
638 4168 817 4235 adversarii
835 4170 1002 4253 instarent,
1023 4172 1133 4253 paucis
1184 4171 1359 4238 monstrari
1393 4179 1490 4252 queat
1523 4167 1564 4232 ob
1597 4168 1781 4232 raritatem:
1814 4168 1871 4232 sed
1893 4170 1928 4232 in
1952 4168 2034 4235 Sion
2055 4171 2155 4234 viret

162 4257 293 4322 animus
315 4264 501 4338 suppeteret
523 4253 564 4319 ad
586 4255 747 4322 vincenda
778 4254 954 4333 obstacula,
990 4257 1134 4338 quotidie
1184 4259 1234 4324 air
1255 4261 1404 4335 mestar,
1426 4254 1486 4318 hoc
1508 4264 1557 4318 est
1580 4274 1700 4336 magna
1717 4254 1780 4318 erit
1798 4254 1912 4318 talium
1924 4255 2026 4338 copia.
2055 4254 2152 4319 Chri-

163 4363 251 4406 nova
283 4341 394 4424 aliqua
425 4342 561 4406 mutatio
593 4347 722 4423 praeter
753 4362 844 4424 spem
877 4343 1068 4424 exoriretur,
1102 4352 1135 4408 et
1184 4344 1282 4408 atiani
1317 4342 1382 4406 lere
1411 4361 1476 4405 uno
1498 4359 1655 4404 consensu
1680 4338 1719 4403 ad
1743 4339 1913 4404 Christum
1935 4341 2090 4418 referunt,
2113 4360 2151 4406 ao

162 4426 343 4511 periculum
362 4435 448 4491 esset
465 4447 506 4491 ne
518 4446 570 4490 res
585 4430 620 4490 in
636 4426 779 4491 deterius
791 4426 947 4509 paulatim
964 4427 1133 4510 collapsae,
1184 4430 1378 4495 existimant
1410 4423 1503 4489 reddi
1536 4444 1667 4488 causam
1700 4443 1760 4489 cur
1790 4424 1878 4490 inter
1899 4424 2149 4508 Hierosolymae

162 4511 296 4578 tandem
318 4533 450 4595 pessum
472 4512 574 4577 hant:
598 4512 654 4577 vix
676 4511 744 4576 ulla
765 4520 896 4578 sanotae
910 4512 1134 4579 urbisinstau·
1184 4517 1271 4581 cives
1293 4509 1486 4578 numerandi
1508 4510 1573 4575 sint
1590 4510 1645 4591 qui
1669 4509 1828 4575 haetenus
1845 4510 1991 4575 extranei
2009 4508 2151 4587 luerunt,

163 4600 246 4664 ratio
267 4599 391 4681 sperari
425 4606 563 4680 poterat.
606 4597 657 4663 Ne
687 4596 911 4681 desperatione
944 4600 1028 4665 victa
1064 4622 1133 4666 suc·
1184 4601 1328 4683 adeoque
1360 4596 1478 4662 infensi
1504 4595 1631 4660 hostes:
1665 4595 1742 4678 quia
1763 4595 1886 4661 scilicet
1907 4593 1975 4661 illio
1997 4608 2151 4661 nascetur

163 4683 320 4750 oumbant
341 4682 439 4749 corda
460 4682 615 4765 fidelium,
637 4681 755 4748 idonea
776 4683 902 4749 fultura
930 4686 1132 4768 supponitur,
1184 4686 1351 4763 Christus,
1384 4683 1477 4748 ouius
1509 4681 1651 4747 officium
1690 4693 1741 4747 est
1779 4680 1927 4747 homines
1967 4680 2150 4764 dissipatos,

164 4769 250 4854 quod
273 4768 369 4835 aliter
391 4768 430 4833 de
453 4768 563 4834 futuro
584 4769 655 4834 eius
676 4777 764 4834 statu
784 4768 937 4852 loquutus
957 4772 999 4836 sit
1019 4770 1133 4836 Domi·
1184 4771 1278 4855 quasi
1309 4770 1417 4835 lacera
1450 4765 1601 4844 membra,
1634 4767 1670 4831 in
1704 4764 1778 4831 fidei
1810 4767 1970 4831 unitatem
2003 4775 2036 4831 et
2057 4788 2148 4850 spem

163 4876 236 4933 nus,
258 4854 469 4939 nequeenim
492 4853 626 4920 dubium
648 4862 699 4920 est
715 4854 795 4937 quin
813 4875 833 4920 a
849 4855 1012 4938 praesenti
1024 4877 1133 4922 rerum
1184 4859 1272 4922 vitae
1294 4864 1446 4921 aeternae
1468 4851 1628 4937 colligere.
1672 4852 1767 4916 Prior
1800 4851 2026 4936 interpretatio
2048 4873 2149 4935 quum

163 4940 318 5024 adspectu
350 4949 544 5007 revocentur
576 4938 632 5011 ad,
648 4940 888 5023 promissiones,
922 4962 1004 5024 quae
1042 4964 1132 5026 spem
1183 4946 1226 5009 sit
1247 4961 1379 5025 prorsus
1410 4947 1528 5015 coacta,
1562 4937 1756 5003 refutatione
1779 4960 1845 5002 non
1866 4937 1975 5022 idiget.
2020 4937 2149 5004 Deinde

164 5025 286 5092 dabant
318 5023 517 5092 incredibilis
548 5024 679 5109 gloriae.
736 5026 825 5110 Ergo
865 5029 1014 5111 quamvis
1051 5028 1133 5094 nihil
1182 5029 1263 5095 satis
1284 5027 1394 5110 liquet,
1413 5024 1551 5089 Iudaeos
1568 5020 1685 5089 stolida
1696 5022 1869 5089 ambitione
1880 5021 2040 5101 inductos,
2057 5025 2149 5106 quasi

163 5131 358 5196 magnopere
380 5111 502 5176 laetum
524 5123 688 5195 appareat,
712 5111 795 5178 filios
817 5120 928 5178 tamen
949 5113 1014 5180 Dei
1044 5115 1133 5181 iubet
1183 5116 1260 5181 dota
1291 5132 1389 5196 opera
1420 5121 1568 5192 torquere
1601 5108 1690 5173 huno
1722 5109 1839 5175 locum.
1883 5108 1979 5189 Quod
2005 5109 2148 5175 afferunt

162 5198 322 5282 propheta
343 5196 443 5263 verbo
464 5205 597 5279 erectos,
626 5197 718 5281 quasi
749 5197 785 5263 in
817 5198 948 5282 specula
976 5209 1072 5279 stara,
1096 5209 1132 5267 ut
1182 5198 1373 5275 Christiani,
1407 5215 1592 5278 quanquam
1622 5201 1755 5278 propter
1785 5195 1945 5279 argutiam
1969 5195 2074 5278 primo
2095 5195 2148 5260 in·

162 5285 325 5368 patienter
346 5290 534 5367 exspectent
554 5302 637 5366 quoe
658 5283 818 5366 promissa
832 5296 919 5351 sunt.
953 5284 1131 5354 Hoomodo
1183 5289 1269 5355 tuitu
1291 5280 1462 5368 plausibile
1494 5288 1552 5359 est,
1585 5280 1668 5345 nihil
1699 5291 1808 5347 tamen
1837 5280 1935 5347 habet
1967 5281 2078 5348 solidi:
2113 5291 2147 5346 et

232 5383 344 5441 casta
360 5399 452 5456 epea
491 5383 683 5442 raxam.
1909 5381 1942 5436 er
