4658 5856
119 368 182 435 are
945 362 1161 432 assurios
1184 363 1301 429 xxn.
1778 439 1783 451 ⁸
2057 374 2121 439 226

205 560 234 625 8.
256 559 388 645 (Omnes
408 559 544 623 uidentes
566 557 636 643 me.)
666 559 728 624 Est
750 555 901 639 exegesis
923 553 1092 636 proximae
1116 597 1120 625 ,
1145 557 1241 621 metas
1272 574 1343 620 enm
1375 554 1556 642 tenear),
1586 558 1624 622 de
1652 564 1754 625 ventre
1782 562 1895 625 matris
1922 581 2007 627 meae
2028 561 2120 629 Deus

118 646 318 714 sententiae:
353 644 480 708 dixerat
508 665 543 709 se
566 643 688 709 infimis
717 644 910 726 quibusque,
944 649 979 703 et
1000 638 1093 721 qnasi
1144 661 1233 705 meus
1253 661 1296 706 as.
1342 641 1393 704 12.
1418 641 1469 705 Ne
1482 643 1598 724 proctd
1619 643 1761 710 diameter
1783 667 1804 710 a
1825 667 1881 726 me,
1915 648 1991 729 qnia
2022 648 2120 712 tribu-

118 733 230 818 populi
252 730 435 814 quisquiliis
464 751 535 796 esse
562 731 699 812 probro:
732 749 820 794 nune
850 725 969 810 quihus
992 724 1092 808 vulgo
1146 728 1221 793 latio
1238 727 1423 810 propiusque
1444 733 1497 809 est,
1520 728 1597 811 qnia
1618 750 1705 796 nano
1726 732 1887 797 auxilinm
1907 735 2022 815 smnus.

119 821 256 884 allectus
268 817 384 882 luisset
396 817 523 898 probris
534 816 657 892 recitat,
681 835 798 896 nempe
814 811 900 895 quod
916 810 1091 875 verborum

120 904 246 990 probris
269 924 335 966 nen
366 903 520 982 contenti,
551 915 620 966 tum
652 902 737 967 labia
759 896 991 983 protrahendo,
1022 876 1120 971 turni
1231 897 1280 962 10.
1304 896 1405 981 (Certe
1438 904 1472 963 tu
1505 899 1629 965 eductor
1661 901 1771 986 mena)
1815 905 1964 970 Rursum
1997 927 2117 971 novum

118 989 295 1076 quatiendo
323 989 439 1071 capita,
469 987 683 1070 petulantiam
711 990 745 1050 iu
775 996 868 1068 gestu
893 985 963 1064 ipso
986 982 1094 1063 prodi·
1118 998 1120 1015 ²
1146 984 1361 1048 munitionem
1374 985 1472 1069 erigit
1483 985 1603 1064 David,
1616 1008 1680 1069 qna
1690 987 1831 1055 Satanae
1843 991 2012 1056 machinas
2024 992 2121 1056 sust-i-

119 1077 237 1143 derint.
283 1074 368 1139 Nam
401 1073 486 1157 quod
519 1074 645 1155 aperire
674 1074 708 1137 in
737 1071 834 1147 labio,
869 1090 928 1152 pro
952 1067 1094 1133 convitia
1118 1078 1121 1141 f
1145 1083 1221 1132 nent
1239 1089 1276 1134 ae
1294 1070 1439 1151 repellat.
1473 1071 1609 1155 Colligit
1626 1074 1713 1137 enirn
1735 1075 1795 1139 Dei
1815 1077 1979 1151 beneficia,
2002 1077 2119 1159 quibus

120 1163 267 1247 prolerre
300 1159 433 1242 quidam
468 1174 653 1242 exponunt,
692 1158 774 1221 mihi
814 1174 994 1239 congruere
1027 1173 1093 1217 non
1118 1148 1121 1203 4
1146 1155 1271 1236 pridem
1290 1154 1448 1222 didicerat
1465 1158 1571 1240 ipsum
1590 1158 1652 1222 sihi
1670 1180 1741 1225 esse
1760 1172 1897 1245 patrem.
1932 1164 2005 1228 Imo
2028 1179 2119 1226 aute·

121 1249 321 1329 videtum
350 1247 437 1309 enirn
468 1264 708 1329 supervacuum
739 1253 797 1321 est,
828 1254 865 1305 ut
886 1261 984 1322 saepe
1007 1239 1093 1320 apud
1118 1222 1121 1311 i
1146 1261 1243 1323 quam
1266 1253 1465 1318 nasceretur,
1495 1245 1559 1308 tale
1588 1247 1717 1324 paterni
1747 1249 1869 1313 amoris
1892 1249 2034 1332 speciem
2057 1248 2118 1313 sibi

120 1336 300 1400 Hebraeos.
342 1332 459 1413 Itaque
483 1341 612 1397 vertere
634 1330 770 1413 placuit,
793 1328 944 1393 diducunt
966 1324 1093 1401 labium,
1119 1314 1122 1413 i
1146 1327 1246 1391 luisse
1275 1347 1294 1390 a
1322 1329 1392 1392 Deo
1423 1328 1607 1394 exhibitum
1641 1333 1749 1407 refert,
1785 1340 1820 1397 ut
1852 1335 1970 1398 merito
2005 1335 2119 1400 mortis

121 1421 197 1504 quia
227 1419 281 1483 hio
309 1429 420 1501 gestus
442 1426 492 1482 est
512 1416 621 1500 palam
644 1426 678 1480 et
699 1413 932 1481 contumeliose
954 1410 1093 1475 illuden·
1119 1416 1122 1512 l
1146 1412 1286 1495 caligine
1308 1434 1482 1496 oppressus
1515 1417 1614 1479 vitam
1646 1418 1686 1482 ah
1716 1418 1786 1500 ipso
1827 1440 1960 1501 sperare
1988 1418 2117 1485 audeat.

121 1510 214 1572 tium
257 1503 325 1570 Sed
347 1502 431 1584 quod
453 1503 602 1585 sequitur
624 1502 720 1584 longe
739 1501 883 1565 atrocius
900 1497 970 1574 fnit,
993 1516 1093 1578 quum
1119 1528 1122 1563 l
1146 1497 1244 1563 Hane
1267 1501 1356 1564 enim
1378 1500 1587 1583 prudentiam
1612 1502 1712 1568 dictat
1734 1504 1870 1586 spiritns
1893 1504 2054 1587 fidelibus,
2080 1517 2118 1569 ut

121 1591 309 1668 obiicerent,
331 1588 439 1653 Deum
453 1609 549 1673 quem
568 1588 629 1654 sihi
647 1598 773 1669 patrem
793 1584 959 1668 professus
978 1586 1094 1658 luerat,
1147 1583 1180 1646 in
1204 1584 1302 1650 rebus
1324 1585 1461 1668 trepidis
1484 1588 1671 1652 testimonia
1690 1587 1820 1655 divinae
1844 1591 1998 1656 bonitatis
2028 1590 2118 1654 eolli-

122 1681 161 1744 ah
191 1697 230 1742 eo
259 1696 330 1741 esse
360 1695 523 1739 aversum.
576 1673 707 1740 Scimus
730 1673 815 1735 enim
839 1668 1011 1747 Davidem,
1039 1668 1095 1733 nbi
1147 1679 1237 1752 gant,
1259 1689 1342 1751 quae
1365 1672 1497 1737 valeant
1519 1674 1560 1737 ad
1584 1672 1779 1739 fulciendam
1802 1674 1908 1741 fidem.
1950 1675 2006 1742 Sic
2030 1679 2116 1740 enim

122 1785 157 1830 se
175 1763 296 1829 iniuste
315 1760 464 1825 damnari
482 1761 517 1824 iu
535 1759 658 1827 mundo
677 1759 817 1834 videbat,
836 1757 902 1820 hnc
920 1755 1095 1837 confugere
1147 1755 1356 1820 statuendum
1380 1768 1437 1837 est,
1463 1779 1564 1840 quum
1587 1760 1649 1824 Dei
1672 1781 1840 1843 nunquam
1862 1763 2017 1844 fatigetur
2039 1762 2118 1826 lihe-

122 1850 267 1924 solitum,
301 1855 339 1911 nt
371 1846 433 1910 sibi
464 1846 545 1910 hene
575 1845 726 1910 conscius
761 1844 868 1907 Deum
903 1839 1039 1905 haberet
1060 1841 1095 1904 in
1148 1841 1270 1919 rulitas,
1294 1863 1353 1909 nee
1376 1845 1447 1910 eins
1469 1844 1601 1910 divitias
1624 1846 1799 1912 exhauriat
1822 1849 1963 1931 largitio,
1992 1849 2119 1913 siouta

122 1936 212 2000 coele
235 1931 407 1998 vindicem.
452 1932 550 1997 Nune
572 1932 619 1996 illi
643 1930 843 2012 exprobrant
859 1948 981 2004 omnes,
1005 1926 1095 1990 inani
1119 1922 1122 1977 Ι
1148 1927 1253 2009 prima
1280 1929 1418 1995 infantia
1447 1940 1573 2014 patrem
1605 1952 1678 1996 enm
1706 1935 1834 2017 experti
1861 1954 1984 2010 snmus,
2017 1933 2116 1998 talem

122 2022 278 2086 iactantia
318 2030 439 2082 temere
472 2018 646 2101 gloriatum
681 2036 751 2081 esse
784 2014 824 2078 de
857 2013 980 2078 auxilio
1016 2011 1094 2075 Dei:
1119 1980 1122 2051 i
1148 2011 1188 2076 ad
1223 2014 1376 2080 ultimum
1411 2037 1513 2099 nsque
1547 2018 1676 2083 senium
1710 2020 1803 2083 nobis
1836 2020 1914 2085 fore.
1959 2018 2054 2098 Quod
2083 2040 2118 2083 sc

122 2107 186 2172 Ubi
208 2115 259 2171 est
281 2104 336 2169 ille
354 2102 455 2183 Dens,
478 2105 642 2186 inquiunt,
665 2103 699 2166 in
723 2121 820 2183 quem
842 2097 1015 2165 recubuit?
1040 2097 1096 2160 nbi
1119 2056 1125 2155 i
1147 2098 1270 2163 fatetur
1292 2122 1391 2167 mann
1413 2101 1479 2166 Dei
1501 2103 1654 2169 eductum
1678 2125 1718 2168 cn
1738 2111 1832 2183 utero,
1861 2111 2003 2186 etenpcr
2023 2104 2118 2169 abac

121 2193 177 2258 ille
210 2211 303 2256 amor
331 2209 395 2272 quo
425 2192 568 2254 confisus
596 2187 668 2253 est?
714 2186 849 2251 Nullnm
879 2195 928 2247 est
952 2182 1095 2248 Satanae
1119 2174 1124 2273 i
1147 2187 1260 2250 uentris
1291 2185 1353 2251 sibi
1384 2188 1492 2252 datum
1523 2212 1593 2255 esse
1624 2189 1762 2255 fiduciae
1792 2193 1972 2268 materiam,
2003 2212 2119 2256 sensns

123 2279 228 2362 magis
257 2276 353 2341 letale
383 2275 484 2339 telum
516 2275 556 2338 ad
587 2272 806 2339 vulnerandas
828 2275 963 2347 animas,
997 2289 1095 2351 qnam
1118 2288 1122 2325 l
1148 2281 1206 2349 est,
1241 2271 1287 2335 ita
1317 2274 1511 2340 naturaliter
1538 2276 1574 2339 in
1602 2275 1708 2339 lucem
1738 2277 1868 2358 prodire
1895 2276 2050 2351 infantes,
2086 2287 2119 2341 et

122 2365 199 2429 dnm
222 2363 452 2446 promissiones
474 2360 537 2424 Dei
560 2361 595 2425 in
619 2358 798 2424 ludibrium
822 2355 980 2420 vertendo
1003 2376 1093 2437 spem
1147 2355 1230 2422 laete
1261 2367 1410 2424 materno
1443 2362 1542 2443 pasci,
1576 2369 1614 2425 ut
1646 2361 1713 2426 illie
1746 2363 1888 2428 reluceat
1916 2362 2119 2426 admirabilis

122 2451 217 2515 nobis
239 2460 391 2514 excutere
414 2457 529 2512 tentat.
582 2446 780 2526 Quanquam
811 2463 876 2506 non
902 2440 1095 2522 simpliciter
1147 2441 1210 2506 Dei
1239 2443 1454 2525 providentia.
1506 2446 1645 2511 Vilescit
1668 2445 1799 2530 quidem
1831 2450 1892 2513 hoe
1924 2448 2116 2512 miraculum

121 2537 231 2601 irritas
252 2534 353 2599 luisse
376 2533 515 2598 Davidis
537 2551 659 2616 preces,
687 2539 720 2594 et
742 2529 889 2594 fallacem
912 2547 1006 2610 quem
1030 2527 1094 2592 iac·
1147 2526 1277 2593 assiduo
1300 2550 1380 2595 usn:
1406 2553 1521 2597 vorum
1545 2533 1605 2598 nisi
1629 2533 1831 2615 ingratitudo
1853 2545 1986 2615 stupore
2009 2533 2117 2599 oeulos

122 2623 214 2687 tabat
237 2621 298 2686 Dei
331 2639 474 2683 amorem
508 2618 636 2683 dicunt:
670 2617 726 2681 sed
760 2635 833 2679 eum
864 2614 993 2695 oblique
1021 2633 1093 2694 per·
1119 2648 1122 2697 q
1147 2622 1277 2680 nostros
1301 2616 1432 2696 velaret,
1463 2618 1498 2682 in
1528 2621 1579 2683 sui
1608 2619 1857 2683 admirationem
1881 2640 1940 2683 nos
1963 2635 2118 2701 raperent

123 2710 293 2791 stringunt
310 2714 465 2788 tanquam
485 2703 701 2788 hypocritam,
724 2703 778 2783 qni
799 2701 880 2765 falso
892 2699 955 2763 Dei
974 2718 1093 2762 nomen
1119 2715 1123 2769 3
1147 2708 1303 2781 quotquot
1335 2703 1479 2769 eduntur
1512 2706 1547 2770 in
1578 2704 1701 2769 mundo
1732 2716 1855 2786 partus.
1909 2703 1997 2786 Quid
2030 2706 2116 2769 enim

123 2814 228 2876 aque
248 2792 375 2856 alienus
397 2799 476 2869 erat,
499 2790 699 2855 obtenderet.
734 2788 845 2868 Quam
862 2784 978 2851 acerba
997 2786 1095 2847 l'uerit
1119 2774 1123 2915 j
1147 2785 1256 2850 obstat
1284 2791 1458 2870 quominus
1487 2791 1522 2855 in
1560 2811 1619 2854 suo
1650 2790 1771 2855 foetore
1801 2792 1922 2856 centies
1954 2798 2119 2874 putrescat

124 2879 267 2956 tentatio,
289 2876 425 2961 quisquo
447 2897 488 2939 ex
510 2878 640 2958 proprio
662 2896 761 2939 sensu
780 2874 954 2938 aestimare
971 2880 1093 2952 potest:
1147 2870 1260 2949 foetus,
1295 2883 1469 2958 antequam
1502 2879 1601 2942 instet
1634 2877 1791 2941 nascendi
1823 2878 2013 2955 maturitas,
2055 2878 2118 2941 nisi

123 2966 176 3030 sed
208 2964 352 3030 remedio
383 2982 445 3043 quo
478 2983 556 3026 naus
587 2971 638 3026 est
665 2962 829 3027 sincerum
858 2957 995 3021 fiduciae
1017 2977 1094 3021 suae
1147 2957 1222 3039 quia
1245 2959 1335 3025 Deus
1368 2981 1489 3027 arcana
1522 2974 1555 3027 et
1587 2963 1907 3044 incomprehensibili
1940 2965 2061 3028 virtute
2083 2966 2118 3027 in

124 3054 273 3116 affectum
297 3048 463 3132 probavit:
486 3049 562 3129 quia
580 3047 641 3112 uisi
653 3045 763 3110 Deum
783 3046 948 3109 habuisset
966 3055 1093 3106 eertum
1147 3043 1295 3124 sepulcro
1328 3050 1442 3111 vivum
1476 3047 1643 3115 custodit?
1696 3049 1766 3112 Iam
1798 3049 1832 3112 iu
1866 3049 1969 3114 lucem
2000 3050 2117 3128 editus,

124 3149 249 3215 testem,
290 3154 458 3216 nunqnam
488 3155 586 3197 ausus
618 3144 705 3198 esset
744 3131 981 3214 querimoniam
1007 3127 1093 3192 hanc
1119 3144 1121 3191 l
1147 3149 1247 3210 quum
1270 3131 1312 3194 sit
1334 3133 1495 3199 obnoxius
1518 3145 1566 3199 tot
1588 3134 1740 3213 miseriis,
1772 3134 1910 3216 digitum
1942 3143 2051 3199 autem
2076 3135 2116 3198 nd

124 3223 162 3286 ad
190 3242 268 3288 enm
301 3219 436 3284 deterre.
487 3217 600 3299 Quare
628 3217 738 3282 danda
766 3238 865 3300 opera
896 3227 945 3281 est
967 3214 1093 3296 quoties
1119 3218 1121 3271 l
1147 3233 1183 3276 se
1212 3215 1393 3280 iuvandum
1422 3239 1555 3285 movere
1584 3231 1735 3301 nequeat,
1770 3220 1931 3301 quomodo
1958 3219 1998 3283 ad
2030 3219 2115 3284 diem

124 3307 313 3394 hypocrisin
345 3305 438 3370 nobis
471 3306 637 3369 obiectant
669 3303 835 3386 homines,
880 3317 918 3367 ut
958 3301 1093 3363 interior
1146 3320 1248 3362 unum
1284 3303 1420 3385 viveret,
1453 3306 1517 3371 nisi
1552 3327 1628 3370 enm
1661 3305 1827 3387 exciperet
1859 3307 1949 3371 Deus
1982 3317 2118 3389 paterno

122 3395 228 3459 cordis
250 3392 420 3458 sinceritas
443 3390 529 3472 apud
552 3389 660 3453 Deum
691 3408 749 3472 pro
773 3389 866 3453 nohis
889 3385 1092 3469 respondeat.
1145 3387 1269 3467 gremio
1281 3387 1479 3455 fovendum?
1503 3393 1623 3457 Merito
1642 3391 2117 3475 itaquediciturinlanssnper

121 3484 231 3563 Atque
253 3478 334 3543 haee
357 3477 451 3541 nobis
473 3497 566 3541 saera
589 3476 631 3539 sit
653 3494 782 3552 ancora,
814 3476 939 3557 quoties
964 3470 1093 3536 morda-
1145 3490 1219 3535 cum
1239 3473 1367 3555 proiioi:
1390 3478 1466 3560 quia
1483 3479 1546 3542 nisi
1566 3488 1695 3543 teneros
1715 3477 1820 3541 foetus
1838 3488 1959 3559 paseat,
1982 3481 2120 3561 praesit·

119 3567 213 3632 cibus
241 3565 355 3630 sannis
384 3562 481 3627 fidem
505 3561 596 3627 nobis
630 3571 784 3625 excutere
817 3561 949 3624 molitur
979 3557 1092 3635 Satan,
1144 3576 1206 3637 qne
1228 3559 1380 3626 omnibus
1403 3566 1539 3629 nutricis
1562 3565 1689 3642 olficiis,
1710 3563 1745 3626 in
1768 3563 1838 3646 ipso
1862 3565 2015 3629 nascendi
2038 3566 2117 3628 arti·

116 3652 230 3718 Deum
249 3651 351 3716 citare
369 3658 495 3725 testem,
514 3660 550 3711 ut
572 3667 665 3710 snam
685 3649 718 3711 iu
738 3647 829 3711 nohis
849 3644 977 3710 tuendis
998 3645 1092 3709 iusti·
1143 3643 1215 3706 oulo
1248 3645 1311 3708 iam
1346 3668 1401 3712 eos
1435 3662 1630 3731 exspectant
1664 3660 1795 3714 eentum
1828 3663 1967 3726 mortes,
1999 3650 2117 3731 qnibns

117 3741 200 3804 nam
225 3744 367 3801 asserat:
386 3732 516 3815 quando
533 3733 625 3797 nulla
642 3732 767 3798 foedior
787 3732 986 3815 blasphemia
1005 3731 1091 3794 inuri
1143 3730 1254 3793 statim
1299 3734 1547 3801 suffocarentur.
1614 3733 1790 3801 Concludit
1834 3736 1966 3799 tandem
2008 3738 2117 3800 Duum

115 3832 230 3909 potest
252 3823 322 3887 eius
345 3821 480 3897 nomini,
505 3840 602 3901 qnam
627 3817 744 3897 dicere,
777 3840 864 3884 vana
893 3818 1013 3882 fiducia
1042 3819 1091 3881 in·
1143 3834 1239 3878 snum
1269 3816 1378 3896 fuisse,
1407 3821 1469 3884 etsi
1498 3822 1586 3885 enim
1617 3823 1658 3885 ad
1688 3820 1785 3883 bruta
1807 3841 1935 3903 quoque
1958 3822 2116 3887 animalia

113 3915 217 3977 flatos
234 3909 290 3992 qni
309 3928 399 3988 spem
419 3907 453 3968 iu
473 3926 511 3967 eo
529 3917 703 3988 reponunt,
726 3925 824 3987 seque
835 3905 930 3968 irrita
940 3903 1092 3986 opinione
1142 3900 1258 3966 similis
1293 3904 1362 3969 eius
1392 3906 1499 3989 gratia
1529 3909 1562 3970 in
1589 3907 1729 3989 speciem
1760 3905 1954 3986 ostenditur,
1992 3918 2116 3989 patrem

114 3999 272 4080 decipere
294 3993 350 4076 qui
373 4013 408 4058 se
427 3990 499 4054 Deo
522 4012 615 4056 caros
637 4011 709 4056 esse
732 3991 877 4072 persuasi
900 4001 987 4054 sunt.
1019 3989 1091 4053 Iam
1143 3987 1408 4055 tamenhnmauo
1421 4002 1548 4057 tanturn
1563 3995 1672 4076 generi
1686 3992 1894 4075 peculiariter
1911 4013 1947 4057 se
1965 3995 2116 4060 ostendit.

111 4103 220 4167 quum
243 4078 354 4145 eodem
379 4077 443 4142 telo
467 4079 631 4158 appetitus
652 4077 752 4140 fuerit
774 4076 864 4140 filius
886 4075 960 4155 Dei,
988 4075 1091 4140 nihilo
1143 4070 1305 4151 Quamvis
1334 4086 1443 4141 nutem
1473 4080 1613 4145 infantes
1644 4101 1707 4142 nen
1739 4079 1852 4141 statim
1876 4080 2003 4144 imbuat
2024 4081 2117 4147 Deus

112 4169 227 4253 magis
244 4163 403 4242 fidelibus,
422 4163 478 4246 qui
496 4167 566 4226 eins
584 4162 732 4226 membra
747 4174 835 4241 sunt,
854 4161 1091 4244 parcetSatan.
1143 4158 1192 4220 aui
1217 4161 1343 4239 notitia,
1374 4162 1496 4229 dicitnr
1525 4176 1633 4230 tamen
1658 4164 1721 4229 illis
1744 4160 1896 4227 fiduciam
1919 4166 2013 4232 dare:
2042 4169 2118 4251 quin

112 4257 233 4338 Quare
262 4249 323 4317 hoc
345 4251 460 4334 clypeo
482 4248 627 4312 munitos
650 4268 721 4312 esse
745 4248 909 4327 convenit,
938 4248 1091 4331 quamvis
1143 4264 1178 4307 re
1200 4245 1271 4326 ipsa
1293 4248 1469 4316 ostendens
1491 4251 1555 4316 sibi
1577 4272 1674 4316 curae
1696 4270 1766 4316 esse
1787 4269 1899 4314 eorum
1932 4254 2046 4331 vitam,
2075 4255 2115 4318 ad

112 4336 282 4425 deplorati
310 4337 378 4401 sint
405 4334 492 4416 apud
516 4333 672 4412 homines,
702 4335 729 4399 si
759 4345 868 4398 tamen
896 4353 991 4399 curae
1013 4355 1091 4399 anas
1143 4350 1177 4393 se
1208 4331 1446 4411 quodammodo
1479 4358 1533 4402 cos
1567 4347 1718 4415 revocat,
1754 4335 1851 4400 sicuti
1887 4338 1964 4403 alihi
1997 4340 2117 4403 dicitur

112 4428 153 4493 in
179 4426 289 4489 Deum
311 4422 497 4496 coniiciant,
522 4440 585 4482 non
607 4418 677 4484 sora
699 4420 811 4485 irritas
833 4441 946 4484 eornm
969 4440 1090 4502 preces.
1143 4415 1431 4495 pullosoorvornm
1444 4423 1499 4505 qui
1516 4444 1590 4488 eum
1609 4424 1768 4488 invocant
1790 4421 1887 4503 alere,
1904 4425 2072 4502 Psall47,
2085 4426 2116 4489 9.

114 4512 226 4578 Verbo
253 4488 299 4597 ᾖ)
330 4508 452 4591 optime
486 4505 682 4588 exprimitur
716 4517 833 4570 natura
865 4517 898 4569 et
928 4507 978 4570 vis
1005 4504 1090 4585 fidei,
1143 4498 1252 4581 Quum
1276 4516 1385 4570 autem
1408 4507 1501 4573 Deus
1523 4510 1648 4574 ratione
1669 4519 1817 4573 carentes
1840 4510 1886 4572 ita
1913 4513 2115 4594 praeveniat,

111 4621 202 4684 qnae
236 4597 271 4660 in
301 4594 362 4659 Dei
397 4591 635 4676 providentiam
666 4591 838 4674 reclinans,
872 4610 1023 4656 curarum
1058 4605 1091 4656 et
1142 4587 1308 4685 quaesitus
1331 4605 1363 4655 et
1384 4603 1520 4677 rogatus
1541 4616 1632 4677 spem
1655 4615 1789 4660 suornm
1813 4595 1950 4659 minime
1976 4598 2113 4661 frustra·

112 4683 342 4751 molestiarum
364 4679 518 4744 oneribus
540 4679 667 4741 animos
690 4686 819 4744 nostros
841 4677 948 4744 lavat·
1141 4672 1239 4753 bitur,
1267 4694 1332 4757 quo
1365 4679 1464 4744 etiam
1491 4691 1684 4764 argumento
1706 4680 1848 4746 luctatus
1871 4691 1920 4745 est
1941 4681 2049 4746 David
2073 4683 2114 4746 ad

1141 4759 1353 4826 tentationem
1377 4764 1584 4832 domandam.

204 4871 256 4936 10,
282 4867 370 4935 Certe
391 4872 426 4931 tu
446 4868 570 4933 eduum
590 4887 677 4932 mm
698 4887 731 4932 03
760 4887 797 4930 ex
826 4872 921 4945 utero,
949 4868 1090 4951 fiduciae
1227 4846 1276 4945 12.
1300 4845 1366 4948 (Nc
1382 4852 1494 4935 moen
1515 4852 1681 4937 disteden.)
1710 4852 1787 4916 Alia
1810 4854 1935 4916 ratione
1957 4864 2116 4934 provocat

115 4959 195 5025 mihi
207 4961 300 5024 aum
310 4952 514 5036 summer„
526 4954 638 5019 matris
648 4951 781 5038 mes),
800 4953 850 5018 11ο
865 4954 967 5034 Super
978 4959 1089 5036 peppo,
1139 4930 1202 4994 Dai
1215 4935 1480 5036 misericordiam,
1500 4937 1585 5020 qnod
1609 4948 1765 5022 urgeatur
1782 4940 1923 5003 summis
1941 4941 2114 5023 angustiis.

1138 5017 1208 5081 Nec
1241 5039 1318 5083 vero
1349 5022 1430 5087 mrhr
1467 5023 1601 5090 dubium
1631 5035 1680 5089 est
1709 5024 1786 5105 quin
1815 5025 1878 5089 sihi
1908 5028 2115 5108 preposuerit

177 5161 206 5230 ⁴)
215 5159 458 5214 l’authenrdemon
466 5176 625 5213 assentanea
635 5160 727 5213 surles
734 5158 900 5212 mammelles
909 5158 944 5210 de
953 5176 997 5211 ma
1006 5175 1087 5226 more,

118 5244 149 5283 cn
168 5246 277 5299 marna:
303 5246 346 5293 on,
371 5229 417 5298 qni
435 5227 502 5280 m'as
519 5228 607 5282 donne'
625 5243 784 5281 assentanea
803 5228 912 5295 lorsque
927 5227 956 5294 je
973 5244 1088 5296 sneqoya
1208 5221 1236 5295 ι“)
1253 5223 1317 5294 J’ay
1335 5229 1394 5282 esti
1418 5227 1486 5280 iette'
1504 5244 1550 5280 sur
1569 5232 1616 5295 toy
1634 5225 1682 5282 des
1700 5229 1727 5281 la
1749 5231 1873 5299 matrice,
1897 5247 1930 5286 en
1949 5248 2055 5303 mnrpc:
2079 5251 2116 5287 on

118 5302 155 5354 les
172 5298 341 5353 inammslles
357 5297 391 5349 de
409 5313 454 5349 ma
470 5312 551 5350 mere.
1138 5299 1298 5353 abandoned
1316 5304 1395 5351 entre
1412 5303 1455 5350 tes
1472 5298 1566 5350 mains.

219 5381 331 5439 Gabini
343 5397 441 5451 opera
475 5379 534 5437 Vol.
546 5380 662 5435 XXXI.
1878 5386 1911 5439 15
