4658 5856
222 343 284 407 127
1054 337 1271 406 Petaurus
1294 337 1376 404 XII.
2142 335 2207 403 tas

305 531 335 595 2.
357 528 490 614 (Defecit
510 528 695 595 misericors.
753 527 1000 609 Querimoniam
1033 525 1183 592 nonnulli
1237 546 1334 592 versu
1366 528 1483 592 melius
1518 527 1707 606 confirmat,
1747 548 1822 592 uam
1863 546 1991 593 summa
2029 524 2207 591 autoritate

221 615 645 699 esaepntantdeindignao
707 614 914 679 eiustornm:
936 632 974 679 ao
992 612 1021 678 si
1039 612 1183 688 dixisset,
1235 610 1400 695 praeditos
1422 632 1492 677 esse
1513 623 1650 696 oportet,
1679 614 1734 694 qni
1762 613 1796 677 in
1825 614 2002 679 mendaciis
2032 611 2095 676 sibi
2124 609 2207 677 satie

219 702 403 785 quicunque
424 702 620 782 aequitatem
641 699 802 781 fidemque
824 697 982 776 oolebant,
1012 699 1185 764 crudeliter
1236 717 1306 761 esse
1329 696 1481 779 praesidii
1504 707 1662 763 statuunt
1707 698 1816 781 Atque
1834 699 1888 763 hio
1910 712 1959 763 est
1980 716 2130 762 summus
2148 697 2207 760 im·

220 785 351 852 aSaule
372 786 472 852 fuisse
494 787 624 851 occisos.
658 785 729 868 Ego
751 804 831 849 vero
853 784 1033 866 simplicius
1055 784 1186 866 accipio,
1236 783 1365 865 pietatis
1386 782 1546 863 cumulus,
1568 804 1643 849 cum
1665 783 1723 849 tali
1745 782 1861 849 fidncia
1883 784 2064 867 insurgere,
2088 792 2127 847 ut
2142 783 2206 845 im·

219 872 300 937 nihil
314 872 453 954 amplius
465 870 694 936 beneficentiae
705 880 763 934 aut
774 870 922 934 veritatis
934 890 1005 935 csse
1018 870 1186 935 residuum
1235 868 1338 951 proba
1359 870 1534 935 verborum
1554 869 1711 934 iaetantia
1727 869 1779 934 ius
1797 879 1832 934 et
1847 870 1897 935 ias
1908 889 2005 934 omne
2017 875 2208 951 pervertere

219 958 307 1022 inter
340 957 497 1022 homines.
548 956 685 1020 Duabus
717 965 826 1019 autem
859 955 992 1021 vocibus
1026 955 1187 1039 expressit
1237 952 1320 1018 nihil
1343 953 1476 1037 pudeat:
1499 953 1634 1038 perinde
1651 955 1738 1019 enim
1760 955 1883 1019 iaciunt
1904 974 1942 1018 ao
1962 958 1989 1018 si
2008 962 2121 1038 aperte
2134 953 2207 1017 Deo

219 1041 307 1108 unde
338 1054 463 1108 oonstet
495 1061 573 1106 vera
600 1040 736 1106 iustitia
779 1039 1064 1121 Quemadmodum
1098 1041 1185 1105 enim
1236 1038 1299 1121 ipsi
1339 1040 1499 1122 proelium
1532 1039 1723 1106 indicerent
1777 1038 1873 1120 Quod
1907 1039 2039 1122 qnidam
2073 1039 2207 1122 legunt:

221 1133 305 1193 duae
326 1138 405 1193 sunt
425 1127 602 1192 iniustitiae
624 1127 757 1208 speeies,
786 1126 941 1191 violentia
962 1139 995 1190 et
1015 1128 1119 1192 fraus:
1141 1126 1187 1189 ita
1237 1125 1386 1209 Linguae
1416 1134 1545 1190 nostras
1574 1125 1815 1191 roborabimus:
1848 1126 1911 1190 etsi
1944 1123 2114 1190 tolerabile
2143 1135 2204 1200 est,

220 1215 304 1279 iuste
332 1216 466 1290 vivitur,
499 1232 599 1295 quum
628 1211 713 1276 bona
741 1210 805 1276 fide
833 1220 1006 1276 versantur
1036 1212 1124 1277 inter
1151 1230 1186 1276 se
1237 1211 1346 1276 minus
1383 1221 1492 1276 tamen
1533 1232 1606 1276 oum
1648 1211 1773 1276 ratione
1806 1210 2020 1295 grammatica
2052 1208 2211 1274 convenit

220 1300 367 1365 homines
397 1299 516 1380 absque
538 1298 669 1374 iniuria,
703 1305 736 1361 et
756 1303 903 1361 mutuam
924 1295 1012 1361 inter
1033 1317 1069 1362 se
1089 1296 1187 1362 socie-
1237 1305 1371 1380 propter
1392 1295 1534 1362 additam
1557 1295 1685 1361 literam
1707 1275 1741 1381 5
1785 1295 1914 1360 Deinde
1942 1295 2049 1378 aptior
2078 1305 2127 1359 est
2154 1293 2209 1360 hio

220 1393 322 1451 tatem
351 1386 413 1449 rite
434 1383 557 1460 fovent,
581 1402 681 1465 quum
703 1402 809 1464 neque
830 1381 940 1448 leones
962 1395 1050 1462 sunt,
1079 1402 1187 1465 neque
1238 1402 1362 1459 sensus,
1390 1382 1513 1464 linguis
1543 1381 1610 1447 suis
1638 1382 1814 1447 instructos
1836 1380 1953 1464 quovis
1976 1398 2207 1463 prorumperet

220 1472 344 1553 vulpes.
389 1468 485 1550 Quod
515 1468 543 1533 si
568 1476 680 1533 tamen
709 1488 792 1551 quae
820 1467 873 1533 hic
895 1467 1086 1533 describitur
1109 1489 1186 1534 con·
1238 1466 1510 1550 quemadmodum
1532 1487 1636 1551 genus
1658 1466 1718 1532 hoo
1747 1466 1916 1530 hominum
1942 1465 2010 1531 suis
2031 1465 2211 1531 calumniis

220 1557 304 1621 fusio
325 1575 384 1619 noe
406 1563 543 1637 premat,
575 1552 757 1619 cavendum
787 1562 836 1618 est
864 1574 906 1617 ne
928 1554 1091 1619 ululemus
1112 1575 1187 1619 cum
1239 1552 1351 1617 omnia
1371 1552 1565 1631 deformans,
1594 1553 1693 1618 solem
1723 1551 1865 1617 tenebris
1896 1559 2024 1617 tautum
2053 1572 2122 1616 non
2151 1550 2212 1616 ob·

220 1641 315 1724 lupis,
340 1640 390 1706 vel
412 1640 594 1706 communis
616 1640 774 1705 scelerum
793 1639 927 1704 lieentia
949 1658 1008 1704 nos
1030 1638 1187 1722 abripiat:
1240 1639 1337 1704 ducit.

219 1726 276 1792 sod
298 1727 405 1810 potius
426 1723 466 1788 ad
490 1724 678 1806 exemplum
700 1724 842 1790 Davidis
863 1746 921 1789 nos
943 1725 1133 1790 referamus.

305 1811 336 1875 3.
358 1810 550 1897 (Falisciam
560 1809 720 1894 loquitur.)
750 1811 883 1874 Partem
900 1810 991 1875 illam
1008 1811 1188 1875 iniustitias
1325 1810 1355 1874 6.
1378 1809 1509 1893 Propter
1529 1808 1732 1874 coemtionem
1753 1808 1891 1892 inopum,
1911 1813 2041 1890 propter
2060 1808 2212 1892 qondam

220 1899 284 1963 boo
312 1918 409 1963 versu
439 1904 531 1960 notat
560 1916 642 1978 quae
664 1897 795 1960 veritati
816 1897 979 1962 contraria
996 1907 1054 1961 est.
1098 1894 1189 1959 Dicit
1232 1916 1413 1978 pauperum
1445 1915 1527 1961 nona
1554 1914 1730 1977 eesarqam,
1763 1893 1839 1959 dica
1868 1892 2001 1974 Ioum,
2026 1913 2148 1976 mnam
2174 1894 2212 1957 itt

220 1985 255 2048 in
276 2003 388 2048 eorum
411 2002 559 2047 sermone
581 1981 664 2045 nihil
687 2001 758 2046 esse
780 1981 943 2046 sincerum
965 1981 1017 2047 vel
1040 1981 1187 2063 simplex,
1238 1982 1341 2046 salute
1369 2001 1459 2063 quem
1487 1979 1683 2067 illoqaeatt).
1728 1980 1756 2042 l.
1780 1977 1918 2061 Eloquia
1940 1978 2057 2043 lebona
2087 1978 2213 2061 eloquia

219 2069 297 2152 quia
318 2068 359 2132 ad
381 2065 559 2132 fallendum
581 2067 700 2131 intenti
721 2066 796 2131 sint.
841 2066 977 2131 Modum
999 2075 1112 2150 postea
1133 2066 1188 2131 de·
1234 2087 1338 2149 para:
1366 2071 1526 2152 arpentum
1552 2067 1661 2148 funem
1681 2065 1717 2131 ir
1738 2066 1852 2131 eximio
1873 2065 1974 2129 catino
1995 2068 2107 2147 terrae,
2131 2085 2211 2145 pur·

220 2153 303 2233 linit,
326 2154 401 2235 qnia
419 2152 542 2217 scilicet
558 2151 725 2219 blanditiis
744 2153 1012 2235 quisquesooium
1024 2152 1186 2234 illaqueet
1236 2158 1345 2237 patum
1365 2153 1485 2235 septies.

221 2240 362 2303 Fontem
386 2258 510 2321 quoque
532 2247 565 2303 et
586 2238 724 2320 primam
747 2257 879 2302 eausam
914 2237 1076 2320 designat,
1113 2239 1189 2320 quia

222 2323 318 2390 eorde
348 2324 467 2406 duplici
497 2323 681 2405 loquantur.
725 2323 816 2388 Haeo
839 2344 917 2387 vero
939 2321 1047 2388 cordis
1069 2324 1122 2407 (ιιι
1142 2323 1189 2386 ita
1325 2322 1357 2387 6.
1383 2323 1532 2409 (Propter
1562 2320 1785 2406 sommam.)
1838 2321 1911 2385 Iam
1943 2320 2005 2385 sibi
2036 2320 2211 2386 materiam

223 2408 348 2494 loquar)
378 2409 549 2491 duplicitas
580 2409 740 2493 bilingues
768 2417 802 2474 et
826 2408 1018 2490 flexiloquos
1040 2408 1189 2473 homines
1240 2411 1472 2473 oonsolatiouis
1494 2410 1644 2491 proponit
1654 2405 1775 2487 David,
1798 2406 1882 2488 qnod
1905 2427 1971 2470 non
1988 2426 2147 2488 passurus
2167 2406 2212 2470 eit

222 2494 337 2561 reddit.
370 2492 466 2561 Unde
477 2504 509 2558 et
523 2493 700 2559 blanditiae
709 2494 852 2559 Hebraei
864 2475 1189 2600 mpbnadivisione
1241 2494 1332 2558 Deus
1354 2494 1472 2576 impios
1493 2495 1564 2558 sine
1586 2495 1652 2558 fine
1674 2499 1707 2556 et
1729 2490 1824 2557 modo
1842 2493 1888 2556 ita
1904 2492 2058 2575 massari.
2080 2492 2212 2556 Verum

222 2581 402 2646 nominant.
447 2580 532 2644 Nam
564 2588 602 2642 ut
629 2579 794 2662 integrum
824 2599 880 2642 cor
900 2583 1043 2662 ingenue
1066 2598 1189 2662 expan·
1240 2586 1280 2642 ut
1301 2600 1336 2643 ee
1358 2589 1391 2643 et
1412 2581 1492 2644 alios
1520 2580 1556 2643 in
1584 2579 1645 2644 hac
1674 2577 1822 2643 doctrina
1846 2576 2009 2642 efficacius
2029 2579 2212 2657 confirmet,

222 2667 304 2731 dunt
336 2663 453 2749 quibus
486 2664 686 2747 propositum
720 2672 770 2728 est
803 2664 962 2727 veraciter
990 2684 1088 2747 agere
1115 2683 1188 2728 cum
1241 2663 1350 2728 Deum
1384 2666 1489 2746 ipsum
1523 2663 1648 2728 inducit
1678 2663 1873 2746 loquentem.
1928 2663 1992 2729 Est
2023 2663 2113 2726 enim
2150 2662 2212 2728 hoc

221 2751 395 2834 proximis:
426 2750 472 2813 ita
494 2747 609 2831 perfidi
631 2759 664 2811 et
685 2747 817 2813 fallaces
838 2758 964 2830 partem
987 2749 1121 2815 affectus
1138 2750 1189 2813 sni
1241 2750 1346 2832 magis
1376 2750 1605 2831 emphaticam,
1640 2749 1697 2814 ubi
1732 2750 1766 2812 in
1800 2747 1941 2812 medium
1970 2746 2081 2830 prodit
2108 2748 2212 2830 Deus,

223 2835 423 2900 reconditam
445 2842 570 2910 tenent,
601 2840 633 2897 et
660 2832 876 2897 simulationis
898 2834 970 2897 itroo
999 2844 1125 2917 tegunt,
1152 2840 1191 2898 ut
1242 2844 1275 2898 et
1296 2853 1353 2899 ore
1375 2856 1434 2900 suo
1455 2835 1661 2899 liberatorem
1678 2853 1713 2899 se
1730 2834 1859 2899 miseris
1877 2830 1990 2900 adesse
2007 2835 2211 2916 pronuntiat.

224 2920 306 2983 nihil
324 2921 404 2983 certi
426 2928 526 3000 queat
547 2940 588 2983 ex
606 2939 718 2983 eorum
735 2937 885 2984 sermone
902 2918 1020 3002 colligi.
1044 2919 1097 2986 Sit
1113 2939 1190 3003 ergo
1243 2919 1364 2986 Subest
1400 2920 1499 2986 etiam
1535 2941 1654 3003 magna
1682 2919 1845 3002 emphasis
1874 2919 1909 2983 in
1936 2919 2093 2985 adverbio
2120 2940 2213 3000 aare,

223 3004 365 3086 simplex
387 3024 493 3069 sermo
514 3011 634 3084 noster,
663 3013 702 3069 ιιι
723 3004 893 3069 character
915 3004 957 3069 sit
978 3007 1059 3070 recti
1080 3006 1189 3071 animi.
1242 3026 1307 3088 quo
1329 3006 1492 3088 signifieat
1512 3005 1604 3070 Deus
1625 3005 1764 3070 salutem
1787 3002 1873 3089 apud
1895 3025 1930 3069 se
1951 3006 2044 3070 nobis
2066 3005 2115 3069 ita
2140 3026 2213 3071 esse

1242 3093 1426 3175 repositam,
1459 3101 1499 3156 ut
1530 3111 1595 3154 non
1628 3091 1739 3155 statim
1768 3110 1840 3154 eam
1863 3091 2021 3172 proferat:
2055 3111 2091 3155 se
2120 3092 2211 3155 enim

309 3175 339 3238 4.
373 3173 509 3239 Excidat
542 3173 657 3239 iebova
696 3178 803 3242 omnia
835 3173 920 3244 labia
952 3174 1189 3255 blanditiarum,
1242 3177 1398 3244 haetenus
1408 3177 1547 3242 iacuisse
1558 3175 1645 3255 dicit,
1668 3174 1770 3241 donea
1783 3195 1917 3241 suorum
1930 3175 2072 3241 miseriis
2093 3185 2128 3241 et
2144 3175 2212 3242 ola·

224 3260 363 3343 liuqrram
384 3259 628 3343 maqnificentioe
650 3261 826 3344 loqueram.
871 3263 901 3328 5.
935 3261 997 3343 Qus
1025 3262 1190 3326 caeam.-
1241 3261 1386 3328 moribus
1407 3261 1653 3346 expergefactus
1676 3260 1783 3326 fuerit.
1816 3261 1908 3343 Ergo
1926 3261 2051 3343 quoties
2069 3262 2212 3328 iniurias

224 3346 359 3429 Linguis
391 3346 507 3410 noctu
526 3344 759 3413 roborabimur:
787 3349 870 3414 labia
893 3353 1000 3414 rostra
1017 3366 1113 3429 peaes
1133 3366 1191 3413 aas
1241 3349 1393 3423 hostium,
1417 3351 1560 3429 rapinae,
1583 3357 1616 3410 et
1637 3346 1835 3411 vastationes
1858 3345 1941 3410 nihil
1964 3347 2058 3412 nobis
2080 3356 2213 3430 praeter

223 3437 311 3497 sunt:
337 3431 409 3513 qais
430 3434 532 3494 aester
552 3431 696 3497 ominus
724 3434 794 3498 est?
1239 3435 1403 3518 lacrymas
1424 3443 1457 3498 et
1467 3433 1606 3515 gemitus
1628 3432 1789 3513 reliquum
1812 3431 1939 3511 laoient,
1962 3432 2211 3499 meminerimus

1239 3521 1304 3584 iam
1327 3518 1439 3584 adesse
1460 3529 1588 3601 tempus
1610 3538 1672 3600 quo
1701 3516 1793 3581 Deus
1821 3515 1861 3579 ad
1885 3516 2041 3582 indioinm
2070 3538 2210 3604 surgere

309 3598 472 3680 Querelae
496 3600 758 3681 imprecationem
780 3602 933 3677 annectit,
957 3610 993 3665 ut
1013 3598 1104 3665 Dens
1133 3603 1188 3666 ab·
1241 3606 1330 3668 velit.
1353 3604 1445 3667 Haeo
1466 3603 1579 3667 eadem
1601 3601 1748 3667 doctrina
1769 3602 1895 3666 animos
1917 3612 2047 3668 nostros
2070 3604 2210 3669 adtols·

224 3683 352 3750 scindat
366 3682 504 3769 perfidas
522 3684 660 3768 linguas.
679 3685 875 3769 Quanquam
895 3706 971 3751 vero
989 3684 1122 3749 dubium
1141 3699 1190 3749 est
1240 3692 1379 3753 rent-iam
1401 3690 1540 3752 formare
1562 3686 1667 3766 debet,
1689 3708 1729 3752 ue
1753 3686 1924 3751 molestum
1946 3686 2042 3752 nobis
2061 3690 2107 3754 sit
2123 3691 2213 3755 inter

224 3779 355 3853 optetne
377 3770 500 3835 destrui
523 3770 663 3851 perfidos
686 3771 843 3853 homines,
864 3771 1040 3854 anprivari
1060 3781 1188 3833 tantum
1240 3776 1373 3838 miseros
1395 3785 1429 3836 et
1450 3775 1564 3855 inopes
1586 3773 1721 3848 censeri,
1742 3791 1881 3854 quorum
1893 3772 2029 3837 Deusse
2044 3774 2211 3842 vindicem

225 3855 362 3920 nocendi
399 3854 568 3921 facultate:
607 3866 779 3922 contextus
817 3868 926 3921 tamon
966 3854 1007 3920 ad
1045 3856 1187 3937 priorem
1239 3860 1307 3924 fore
1326 3859 1494 3940 promittit.
1539 3859 1580 3922 In
1602 3857 1744 3923 secundo
1767 3856 1912 3922 membro
1934 3878 2050 3924 versus
2075 3860 2212 3927 variant

225 3960 357 4004 sensum
380 3941 484 4024 magis
507 3960 567 4004 nos
590 3938 730 4020 deducit,
763 3951 800 4006 ut
821 3942 912 4007 Deus
946 3937 1188 4025 quoquomodo
1238 3944 1441 4025 interpretes.
1484 3942 1603 4008 Ponere
1629 3944 1663 4006 in
1691 3943 1791 4007 salute
1819 3942 1985 4007 nonnullis
2013 3946 2213 4012 tantundem

226 4024 352 4089 aboleat
360 4038 484 4106 pestem
501 4024 601 4092 illam.
631 4025 727 4106 Quod
746 4038 855 4092 autem
874 4026 1047 4109 praeterita
1064 4024 1188 4088 malitia
1240 4029 1327 4092 valet
1356 4048 1394 4091 aa
1423 4027 1561 4091 salutem
1588 4028 1665 4091 dare
1694 4027 1748 4091 vel
1778 4027 1895 4091 afferre
1925 4048 1962 4094 ao
1988 4029 2015 4093 si
2045 4044 2214 4115 nauper-

226 4124 294 4174 tam
323 4111 476 4174 ardenter
503 4111 537 4173 in
561 4110 690 4195 linguas
711 4113 891 4177 virulentas
909 4110 1085 4185 invehitur,
1111 4109 1188 4174 hinc
1239 4133 1377 4177 vacuum
1400 4123 1493 4191 esset,
1515 4110 1571 4176 sed
1593 4113 1701 4193 potius
1722 4113 1844 4176 iniuste
1861 4116 2026 4194 oppressis
2043 4117 2212 4183 restitutio

225 4195 408 4278 oolligimus
437 4205 559 4275 quanto
590 4216 631 4259 ex
659 4195 711 4261 his
742 4197 814 4277 plus
844 4218 949 4262 noxae
971 4196 1126 4260 senserit:
1156 4203 1189 4256 et
1239 4201 1273 4262 in
1302 4200 1465 4281 integrum
1496 4196 1704 4278 promittitur.
1756 4196 1823 4262 Sed
1856 4197 1941 4279 quod
1965 4201 2114 4283 sequitur
2135 4204 2212 4286 plus

226 4287 313 4346 certe
341 4279 457 4364 gladiis
484 4299 521 4343 ac
549 4278 624 4344 telis
645 4279 795 4345 omnibus
816 4281 919 4364 magis
941 4279 1090 4345 exitiales
1111 4286 1189 4343 sunt
1239 4282 1438 4347 difficultatis
1460 4282 1493 4345 in
1516 4281 1726 4346 recontinet
1757 4281 1903 4347 Verbum
1925 4297 1995 4366 mg
2018 4307 2106 4354 nunc
2127 4290 2214 4354 suff·

225 4364 356 4430 fraudes
369 4373 402 4428 et
414 4363 605 4428 calumniae.
637 4364 811 4429 (laetarum
831 4385 871 4429 ex
889 4364 1031 4430 secundo
1042 4363 1188 4428 membro
1238 4369 1315 4443 lare,
1334 4388 1420 4431 nunc
1435 4366 1617 4446 illaqueare,
1635 4365 1798 4431 interdum
1817 4368 1915 4432 etiam
1927 4369 2015 4452 loqui
2034 4372 2213 4456 significat.

226 4450 345 4519 elarius
365 4460 452 4532 patet
474 4447 587 4531 quoles
608 4447 683 4513 illae
700 4450 822 4514 fuerint
839 4448 1188 4530 adulationesquarum
1239 4451 1304 4533 Qui
1327 4450 1501 4533 proloqui
1520 4449 1581 4513 hoc
1598 4450 1667 4515 looo
1685 4453 1827 4534 positum
1845 4462 1974 4536 putant,
1996 4456 2060 4539 ipsi
2079 4479 2213 4543 quoque

226 4536 376 4620 proximo
405 4554 502 4600 versu
532 4532 617 4597 iacta
644 4533 707 4597 fuit
738 4535 871 4599 mentio.
925 4534 1067 4616 Quidam
1100 4535 1188 4598 enim
1239 4538 1326 4600 inter
1354 4557 1389 4600 se
1418 4536 1622 4600 dissentiunt.
1681 4536 1823 4618 Quidam
1854 4547 2006 4604 vertunt:
2037 4542 2213 4627 Loquetur

227 4622 390 4688 serviliter
410 4629 443 4684 et
464 4618 575 4702 putide
592 4617 775 4696 adulantur,
799 4628 836 4683 ut
852 4622 957 4701 parati
975 4621 1043 4684 sint
1060 4617 1188 4701 quidvis
1239 4620 1300 4686 sibi
1325 4621 1423 4698 Deus,
1453 4619 1512 4683 hoo
1533 4629 1591 4697 est,
1622 4622 1706 4703 apud
1728 4641 1763 4686 se
1785 4621 1952 4689 decernet:
1983 4646 2067 4708 quae
2097 4652 2215 4713 super-

226 4710 332 4775 faoere
354 4717 387 4771 et
407 4705 491 4788 pati:
514 4703 569 4769 sed
592 4703 646 4767 hic
664 4702 826 4768 diversum
844 4725 947 4788 genus
960 4704 1067 4768 David
1088 4711 1188 4782 notat,
1240 4726 1342 4772 vacua
1364 4706 1446 4769 foret
1468 4725 1505 4768 ao
1525 4703 1646 4788 frigida
1674 4708 1833 4789 repetitio,
1861 4711 1938 4791 quia
1959 4710 2023 4775 iam
2050 4717 2215 4783 retulerat

225 4814 344 4879 nempe
364 4794 420 4876 qui
442 4788 635 4855 blandiendo
663 4809 698 4852 se
726 4798 834 4852 tamon
865 4789 1034 4874 magnifiee
1057 4790 1188 4863 iactant,
1241 4789 1302 4854 Dei
1344 4789 1518 4852 decretum.
1570 4791 1677 4873 Magis
1711 4792 1808 4856 etiam
1842 4804 1989 4860 eoactum
2024 4808 2074 4865 eat
2122 4802 2213 4884 quod

226 4891 260 4945 et
280 4878 484 4962 captionibus
513 4874 681 4940 audaciam
704 4873 908 4955 permiscent.
952 4873 1026 4938 Non
1050 4894 1127 4955 orgo
1149 4871 1189 4935 de
1240 4876 1295 4937 alii
1329 4874 1369 4939 ad
1402 4874 1575 4954 quemlibet
1607 4879 1732 4957 piorum
1766 4879 1931 4944 referunt:
1967 4887 2061 4964 quasi
2098 4887 2214 4954 David

227 4964 357 5030 sordido
386 4973 417 5029 et
445 4962 570 5045 plebeio
593 4959 794 5025 adulatorum
825 4979 924 5042 grego
953 4958 1104 5041 loquitur,
1133 4956 1187 5020 sed
1241 4960 1383 5024 vicissim
1411 4959 1497 5038 ipsos
1526 4958 1565 5023 do
1591 4960 1654 5024 fide
1683 4974 1716 5024 et
1744 4967 1927 5030 constantia
1949 4965 2012 5033 Dei
2035 4971 2213 5055 loquentes

228 5050 350 5115 audeus
381 5048 630 5116 calumniatores
662 5046 868 5128 perstringit,
907 5045 961 5126 qui
995 5064 1061 5107 non
1096 5042 1190 5106 modo
1258 5098 1276 5105 ..
1303 5098 1307 5103 .
1413 5096 1444 5103 .-

227 5136 372 5202 suaviter
399 5155 434 5199 se
462 5135 640 5209 insinuant,
678 5131 734 5195 sed
767 5128 980 5213 grandiloqua
1012 5126 1189 5193 mentiendi
1327 5156 1354 5227 ι)
1372 5160 1473 5225 ootuye

227 5220 361 5286 libidine
379 5219 519 5284 obruunt
536 5220 670 5284 miseros
688 5215 844 5280 homines.
878 5212 973 5294 Quod
991 5222 1025 5278 st
1042 5211 1188 5295 sequenti
1240 5227 1259 5281 ll
1276 5227 1324 5295 luy
1341 5228 1405 5279 tend
1424 5230 1471 5282 doe
1482 5180 1554 5300 inqu.

1501 5164 1527 5215 ui
1536 5163 1561 5215 le
1572 5162 1709 5215 merebant
1718 5165 1782 5217 tend
1792 5165 1840 5218 doe
1857 5168 1925 5238 lnqs,
1942 5187 1977 5224 etv
1989 5191 2099 5245 marqe:
2110 5178 2213 5235 Heba:
