4658 5856
162 316 223 382 701

161 534 253 591 casu,
281 529 376 592 nepte
397 530 419 574 ι
440 506 610 592 Desmort
637 512 711 572 sunt
739 508 950 575 exaltationes.
995 511 1024 576 8.
1052 512 1134 593 Quia

162 601 255 667 Deus
276 599 371 664 iudea
392 600 512 676 estffl)
535 594 585 659 bic
606 592 761 673 humiliot,
783 599 811 659 et
832 593 883 659 bic
905 595 1009 662 elevat.

250 771 279 835 1.
301 767 366 852 (No
382 765 524 848 pedae.)
558 764 611 829 De
634 765 695 829 hac
717 765 930 848 inscriptione
948 767 1016 839 dixi
1035 789 1135 851 quan·

163 869 234 923 tum
268 855 347 920 satis
379 863 450 916 erat
481 851 615 916 Psalmo
645 849 703 923 57,
734 852 762 917 1.
819 851 870 916 De
903 864 1036 920 auctore
1069 876 1134 920 non

163 940 337 1009 admodum
367 938 486 1003 laboro.
538 934 618 1002 Sive
653 936 753 1001 luerit
780 936 910 1019 David,
943 941 1013 1004 sive
1049 940 1135 1006 alius

163 1028 336 1113 quispiam,
359 1022 470 1088 statim
493 1023 534 1087 ab
557 1021 650 1084 initio
672 1023 887 1104 prophetase
915 1026 949 1089 in
978 1027 1132 1110 gaudium

163 1129 196 1181 et
224 1112 476 1199 gratulationem
506 1105 653 1172 effundit.
699 1109 744 1172 Et
770 1110 919 1193 repetitio
950 1112 1134 1195 emphatica

163 1213 213 1266 est
250 1198 290 1264 ad
320 1192 570 1280 exprimendum
600 1192 700 1257 studii
729 1195 877 1259 ardorem
911 1198 946 1261 in
978 1198 1134 1263 cauendis

163 1286 227 1352 Dei
259 1282 419 1349 laudibus.
473 1279 545 1343 Etsi
578 1292 689 1344 autem
723 1281 824 1345 verba
855 1293 932 1346 sunt
965 1285 1134 1367 praeteriti

164 1371 334 1454 temporis,
366 1367 451 1432 ratio
477 1377 589 1428 tamen
612 1364 757 1446 postulat
778 1367 813 1430 in
835 1368 982 1434 futurum
1005 1379 1134 1452 tempus

162 1458 301 1524 resolvi:
323 1453 409 1537 quod
433 1452 517 1534 apud
541 1450 711 1516 Hebraeos
733 1453 813 1518 satis
835 1455 950 1519 tritum
969 1468 1027 1521 est.
1061 1456 1134 1520 Nisi

162 1545 245 1608 forte
267 1549 501 1608 commemoret
522 1536 699 1619 propbeta,
727 1536 836 1603 Deum
865 1539 943 1605 olim
973 1542 1013 1606 ob
1037 1540 1133 1605 bene·

162 1630 237 1694 ficia
259 1647 342 1710 quae
360 1625 531 1708 praestitit,
554 1620 721 1687 laudatum
742 1622 844 1689 fuisse
866 1627 901 1690 in
919 1628 1039 1710 populo
1058 1648 1133 1692 suo:

163 1726 201 1779 ut
224 1714 284 1779 hoo
313 1712 409 1775 modo
439 1730 512 1773 eum
542 1707 583 1771 ad
612 1712 891 1790 perseverantiam
920 1712 1067 1788 inducat,
1097 1722 1135 1778 ιι

164 1801 216 1865 sui
239 1797 356 1863 similis
378 1814 449 1860 esse
471 1814 620 1876 pergens,
644 1793 783 1860 subinde
806 1817 891 1862 nova
919 1799 1052 1863 laudum
1082 1820 1134 1863 ar·

163 1896 323 1969 gumenta
345 1880 540 1963 suppeditet.
585 1880 726 1945 Mutatio
748 1903 905 1964 personae
934 1886 967 1948 in
991 1882 1135 1949 secundo

163 1970 312 2034 membro
334 1967 490 2049 quosdam
513 1965 708 2046 interpretes
731 1969 862 2051 impulit
879 1971 919 2033 ad
938 1969 1133 2034 subaudien-

164 2057 241 2120 dum
265 2073 445 2139 pronomen
468 2051 643 2115 relativum
665 2066 766 2136 7278,
789 2074 826 2118 ac
849 2056 876 2119 si
897 2055 1019 2120 dictum
1039 2067 1133 2135 esset,

163 2140 306 2205 Domine
328 2136 565 2203 celebrabimus
584 2150 626 2213 te,
650 2148 684 2200 et
706 2160 825 2203 nomen
848 2153 942 2204 tuum
965 2163 1066 2225 prope
1084 2153 1135 2206 est

163 2229 204 2292 iis
227 2228 282 2309 qui
304 2234 440 2290 narrant
462 2223 622 2289 mirabilia
645 2234 711 2289 tua.
754 2224 827 2307 Ego
849 2237 958 2291 autem
988 2250 1052 2291 non
1075 2227 1134 2291 du·

163 2313 232 2378 bito
250 2315 326 2395 quin
346 2308 505 2393 propheta
522 2309 691 2373 indefinite
707 2311 853 2392 posuerit
866 2313 1001 2377 verbum
1017 2334 1133 2378 narra»

163 2398 254 2477 bant,
277 2412 309 2462 et
331 2397 480 2478 copulam
504 2395 711 2477 usurpaverit
734 2397 805 2461 vice
827 2399 967 2463 causalis
989 2399 1133 2482 copulae,

163 2496 201 2549 ut
223 2504 320 2565 saepe
343 2482 414 2546 fieri
444 2481 536 2544 solet.
582 2479 705 2546 Sensus
732 2481 834 2564 igitur
862 2483 923 2548 hoc
952 2484 1048 2549 modo
1077 2505 1133 2566 op·

163 2571 242 2634 time
260 2571 352 2633 fluet:
372 2567 607 2631 Confitebimur
627 2565 684 2629 tibi
701 2567 803 2649 Deus,
822 2569 899 2650 quia
916 2572 1133 2653 propinquum

163 2666 215 2720 est
237 2674 356 2717 nomeu
380 2663 490 2716 tuum:
519 2652 655 2734 ideoque
676 2652 860 2719 referentur
882 2656 1044 2721 mirabilia
1066 2664 1133 2720 tua.

163 2740 305 2806 Eosdem
329 2739 416 2803 enim
439 2738 525 2802 haud
549 2738 645 2803 dubie
667 2759 844 2822 praecones
867 2741 934 2806 lore
964 2742 1043 2806 dicit
1072 2741 1133 2805 mi·

162 2826 314 2890 rabilium
333 2823 406 2901 Dei,
424 2844 505 2906 quos
523 2822 653 2888 dixerat
670 2824 890 2891 celebraturos
909 2829 979 2892 eius
995 2827 1133 2897 laudem.

162 2912 208 2976 Et
237 2924 323 2976 certe
351 2908 458 2986 Deus,
495 2911 652 2987 virtutem
682 2932 776 2975 suam
807 2914 1002 2990 exserendo,
1031 2914 1135 2978 servis

162 2997 231 3062 suis
254 3017 290 3061 os
313 2995 420 3078 aperit
441 2994 482 3058 ad
505 2997 689 3060 enarranda
711 3019 771 3060 sua
792 3017 900 3079 opera.
937 2999 977 3062 In
997 3018 1133 3074 summa,

162 3083 318 3165 intelligit
340 3086 457 3146 iustam
482 3080 635 3145 laudandi
659 3083 720 3146 Dei
743 3083 914 3147 materiam
944 3097 1133 3167 suppetere:

162 3170 240 3251 quia
259 3189 294 3232 se
312 3167 455 3232 ostendit
473 3177 601 3248 praesto
619 3168 687 3232 lore
706 3167 746 3231 ad
765 3188 859 3250 opem
874 3170 941 3233 suis
955 3168 1133 3234 ferendam.

165 3255 287 3320 Nesaea
320 3252 384 3318 Dei
421 3272 480 3336 pro
510 3253 655 3334 potentia
690 3253 775 3317 sumi
813 3254 893 3319 satis
925 3266 1036 3319 notum
1067 3264 1132 3320 est:

159 3341 344 3421 praesentia
375 3359 450 3403 vero
479 3338 549 3402 eius
577 3339 630 3402 vel
660 3339 882 3421 propinquitas
911 3350 1063 3405 censetur
1093 3339 1133 3405 ab

162 3425 285 3490 auxilio
308 3423 393 3508 quod
414 3425 448 3487 in
473 3425 664 3488 necessitate
686 3426 782 3488 offert
803 3427 907 3489 servis
930 3429 1007 3491 suis.

249 3511 279 3577 3.
303 3510 421 3595 (Quum
454 3512 675 3590 assumpsero.)
729 3520 800 3610 'ty'
833 3511 993 3576 Hebraeis
1026 3512 1131 3577 locum

163 3596 219 3660 vel
250 3595 335 3660 diem
365 3594 534 3660 condicere
563 3595 743 3679 significat:
777 3616 895 3661 nomen
925 3618 1001 3662 vero
1030 3610 1132 3692 'lym

164 3703 206 3746 ex
229 3703 266 3747 eo
288 3681 471 3757 deductum,
495 3701 560 3764 quo
582 3679 635 3746 hio
656 3683 762 3746 utitur
784 3682 957 3764 propheta,
987 3697 1053 3747 tam
1081 3705 1131 3749 sa·

162 3788 235 3833 oros
258 3781 438 3834 conventus
460 3787 556 3848 quam
580 3765 648 3831 dies
671 3768 785 3846 festos,
814 3784 941 3832 coetum
972 3771 1069 3833 etiam
1098 3771 1130 3833 in

162 3853 225 3917 Dei
250 3856 380 3917 nomine
403 3852 574 3917 collectum
598 3854 771 3936 siguificat.
814 3854 918 3918 Porro
940 3876 1040 3937 quum
1062 3877 1130 3919 cer·

163 3953 234 4003 tum
253 3941 304 4014 sit,
323 3937 431 4001 Deum
451 3939 502 4004 hic
520 3938 705 4020 loquentem
726 3938 845 4014 induci,
863 3950 1000 4022 uterque
1017 3962 1131 4006 sensus

117 4090 123 4100 ,
163 4045 230 4088 non
253 4024 339 4088 male
361 4023 510 4106 quadrat,
533 4025 617 4106 quod
641 4025 732 4089 Deus
749 4038 916 4108 assumpto
935 4026 1054 4109 populo
1072 4047 1131 4090 suo

162 4130 216 4174 res
234 4109 407 4191 dissipatas
425 4121 635 4174 revocaturus
650 4111 694 4174 sit
712 4112 744 4174 in
764 4109 946 4193 legitimum
966 4111 1129 4176 ordinem:

162 4195 215 4259 vel
245 4195 332 4276 quod
360 4207 578 4278 opportunum
608 4194 772 4261 iudicandi
803 4207 932 4278 tempus
960 4196 1018 4261 sibi
1042 4218 1130 4261 sum·

163 4281 356 4363 plorassit.
401 4279 484 4343 Nam
508 4280 664 4362 populum
687 4301 782 4345 suum
806 4281 845 4346 ad
877 4295 1006 4365 tempus
1035 4303 1128 4364 expo·

162 4387 245 4430 nens
268 4366 409 4430 hostium
433 4365 571 4441 libidini,
594 4365 725 4431 videtur
747 4387 821 4430 eum
845 4369 1028 4452 negligere:
1051 4389 1128 4450 que·

162 4452 370 4515 madmodum
383 4452 410 4516 si
426 4473 505 4535 grex
521 4452 642 4532 absque
658 4465 787 4534 pastore
805 4450 971 4535 dispersus
984 4466 1128 4536 vagetur.

161 4536 356 4602 Remedium
380 4557 457 4621 ergo
489 4539 677 4618 promittere
706 4538 820 4602 volens
849 4539 947 4604 rebus
973 4540 1126 4615 confusis,

161 4624 278 4687 merito
308 4624 348 4686 ab
379 4623 530 4688 ecclesiae
560 4623 749 4687 collectione
777 4625 900 4707 incipit.
952 4623 989 4688 Si
1017 4637 1126 4688 tamen

160 4709 266 4792 magis
288 4709 411 4791 placeat
433 4710 473 4772 de
495 4722 640 4791 tempore
662 4708 859 4791 intelligere,
888 4710 949 4774 hac
972 4731 1048 4775 voce
1070 4709 1126 4773 ad·

160 4807 271 4859 monet
294 4795 384 4857 Deus
408 4797 568 4877 patienter
591 4794 759 4858 ferendum
782 4816 868 4877 esse,
899 4796 974 4860 dum
999 4797 1126 4877 reipsa

160 4879 304 4944 declaret
325 4881 453 4944 venisse
471 4892 635 4944 maturum
656 4891 783 4962 tempus
802 4882 1002 4964 corrigendis
1020 4881 1127 4945 vitiis:

162 4966 238 5046 quia
260 4966 348 5029 solus
371 4967 440 5048 ipse
461 4986 563 5029 annos
586 4977 619 5030 et
646 4964 713 5029 dies
742 4965 777 5029 in
808 4977 967 5049 potestate
999 4965 1125 5046 habeat,

160 5102 359 5113 *—

246 5169 259 5199 '
291 5171 327 5222 du
347 5170 452 5233 Desert,
471 5186 504 5222 en
522 5184 626 5236 merge:
644 5187 678 5222 on
696 5170 732 5223 du
750 5170 824 5223 Midi.

229 5238 259 5266 *¹*
292 5240 360 5292 Dieu
378 5249 421 5293 est
438 5240 508 5307 iuge,
524 5253 674 5306 sartargo:
692 5256 727 5293 ou
743 5255 881 5309 gouverns
900 5241 925 5295 le
944 5240 1048 5293 monde.

964 320 1182 389 PSALMUS
1206 321 1351 388 LXXV.

2089 325 2153 392 702

1186 519 1219 576 et
1240 511 1361 594 optime
1390 518 1500 577 teneat
1530 510 1685 577 articulos
1714 523 1748 574 ιι
1776 519 1948 576 ιιοιιιιιι.
1994 511 2039 576 Ει
2066 524 2153 579 certe

1187 597 1251 661 huc
1285 597 1390 679 magis
1421 597 1558 676 inclino,
1594 599 1700 661 Deum
1734 596 1867 661 arbitrio
1904 619 1963 661 suo
1995 597 2153 665 subiicere

1186 682 1270 765 quod
1294 683 1435 747 libenter
1453 684 1493 748 ad
1512 706 1547 749 se
1567 683 1716 747 homines
1733 692 1896 766 raperent,
1920 704 2037 765 nempe
2055 686 2153 749 finem

1187 778 1219 832 et
1246 769 1378 832 modum
1409 769 1505 833 malis
1531 770 1721 851 praeficere,
1751 783 1785 832 ιι
1815 769 2021 849 tempestive,
2052 790 2154 851 quum

1187 855 1296 919 visum
1318 854 1431 931 luerit,
1461 875 1596 938 surgere
1626 856 1666 918 ad
1696 874 1774 918 suos
1803 854 1996 919 liberandos.
2040 853 2154 934 Quan-

1187 961 1284 1023 quam
1308 941 1397 1021 prior
1419 941 1516 1005 etiam
1539 942 1762 1023 interpretatio
1785 939 1825 1003 de
1847 939 2029 1022 colligenda
2053 941 2153 1006 ecole-

1187 1027 1234 1091 sia
1257 1025 1338 1089 mihi
1362 1026 1440 1090 satia
1462 1027 1592 1091 arridet.
1637 1024 1826 1090 Absurdum
1849 1045 1927 1089 vero
1958 1024 2060 1090 videri
2090 1047 2154 1092 non

1187 1110 1283 1176 debet
1307 1132 1409 1193 neque
1432 1133 1592 1194 asperum,
1615 1111 1668 1178 hic
1690 1111 1798 1176 induci
1822 1109 1886 1174 Dei
1908 1130 2095 1193 personam,
2117 1122 2156 1176 ut

1187 1197 1330 1261 vicissim
1353 1197 1499 1262 fidelium
1524 1201 1607 1263 votis
1629 1195 1833 1280 respondeat.
1867 1196 1960 1261 Haeo
1982 1198 2070 1261 enim
2094 1198 2153 1281 hy·

1187 1284 1355 1365 potyposis
1377 1283 1479 1349 multo
1508 1284 1670 1349 efficacior
1699 1293 1749 1347 est
1777 1302 1874 1365 quam
1905 1283 1933 1346 si
1963 1283 2155 1364 simpliciter

1187 1368 1327 1432 dixisset
1349 1369 1510 1453 propbeta
1533 1371 1641 1435 Deum
1664 1367 1797 1433 tandem
1819 1366 1889 1432 lore
1919 1380 2065 1450 tempore
2094 1389 2153 1434 suo

1187 1452 1340 1519 ecelesiae
1356 1455 1528 1538 vindicem,
1547 1468 1583 1519 ut
1601 1454 1779 1537 dispersam
1798 1465 1831 1516 ιι
1849 1453 1989 1519 laceram
2011 1453 2153 1537 colligat.

1186 1539 1263 1604 Huc
1287 1540 1393 1604 tendit
1414 1540 1588 1606 verborum
1610 1558 1752 1606 summa:
1776 1537 1934 1620 Quamvis
1955 1559 2018 1603 non
2041 1542 2153 1604 statim

1186 1625 1365 1707 opituletur
1387 1628 1456 1692 suis
1478 1629 1587 1702 Deus,
1617 1646 1785 1708 nunquam
1803 1637 1912 1689 tamen
1936 1645 2048 1689 eorum
2071 1624 2152 1689 obli·

1187 1712 1285 1787 visci,
1314 1710 1370 1776 sed
1394 1713 1572 1777 remedium
1596 1713 1681 1792 quod
1703 1713 1737 1775 in
1761 1721 1912 1794 promptu
1935 1721 2000 1787 est,
2024 1710 2153 1775 differre

1186 1797 1221 1859 in
1240 1804 1368 1878 tempus
1386 1797 1549 1863 idoneum.
1585 1798 1838 1862 Rcctoa'udicare
1856 1797 2049 1862 tantundem
2067 1797 2154 1861 valet

1186 1892 1283 1964 atque
1306 1904 1358 1947 res
1381 1884 1527 1950 turbatas
1549 1892 1583 1948 et
1605 1884 1835 1966 incompositas
1857 1882 2018 1946 adducere
2032 1883 2065 1947 in
2085 1902 2153 1947 me·

1186 1967 1299 2032 liorem
1329 1979 1465 2034 statum:
1495 1971 1581 2036 sicut
1611 1969 1689 2035 dicit
1717 1969 1841 2033 Paulus
1870 1968 1901 2032 2.
1923 1967 2039 2033 Thess.
2069 1969 2104 2046 1,
2132 1968 2152 2032 6

1186 2063 1442 2119 ιοιιιιιιιιιιι
1465 2076 1536 2120 esse
1557 2056 1700 2119 iustitiae
1722 2053 1795 2129 Dei,
1819 2054 2052 2118 relaxationem
2076 2053 2153 2117 dare

1187 2138 1334 2204 afflictis:
1358 2143 1463 2223 etqui
1482 2143 1635 2207 innoxios
1652 2141 1815 2224 affligunt,
1834 2139 1977 2204 vicissim
1996 2139 2151 2223 affligere.

1187 2224 1278 2289 Deus
1306 2246 1383 2308 ergo
1405 2229 1455 2292 sui
1479 2227 1574 2292 officii
1598 2247 1669 2291 esse
1697 2227 1889 2308 pronuntiat
1911 2223 2069 2289 moderari
2100 2247 2152 2289 ros

1187 2311 1343 2388 turbatas,
1366 2314 1461 2376 etad
1486 2314 1682 2395 aequitatem
1705 2331 1908 2392 componere,
1932 2321 1969 2374 ut
1992 2330 2050 2374 nos
2073 2308 2153 2375 haec

1186 2398 1382 2479 exspectatio
1404 2399 1439 2461 in
1461 2399 1613 2463 omnibus
1631 2397 1771 2462 miseriis
1787 2397 1947 2461 sustineat
1964 2416 2001 2460 ao
2018 2395 2151 2460 soletur.

1271 2482 1301 2546 4.
1325 2481 1505 2569 (Dissolutc
1526 2489 1570 2549 est
1592 2483 1699 2567 terra.)
1742 2483 1815 2548 Hoc
1839 2482 1934 2545 multi
1958 2483 2152 2563 interpretes

1186 2569 1313 2649 proprie
1335 2569 1525 2634 existimant
1547 2583 1731 2653 competere
1757 2569 1793 2632 in
1816 2565 1942 2638 Christi
1969 2587 2152 2648 personam,

1186 2653 1278 2717 ouius
1300 2653 1446 2719 adventu
1468 2656 1594 2721 concuti
1616 2656 1758 2737 oportuit
1781 2665 1902 2717 terram
1925 2673 1998 2716 cum
2021 2653 2087 2717 suis
2102 2653 2151 2716 in·

1185 2737 1281 2802 colis:
1313 2741 1390 2822 quia
1411 2742 1532 2806 scimus
1554 2742 1589 2805 in
1613 2740 1674 2805 hoc
1697 2759 1835 2824 regnare
1864 2749 1900 2802 ut
1924 2748 2065 2802 veterem
2094 2737 2150 2803 ho·

1186 2824 1306 2889 minem
1328 2825 1473 2908 aboleat,
1503 2837 1536 2892 et
1558 2827 1728 2909 spirituale
1751 2825 1820 2890 eius
1847 2844 1988 2906 regnum
2011 2824 2151 2906 incipere

1186 2930 1206 2972 a
1235 2912 1340 2976 carnis
1370 2913 1521 2978 interitu:
1555 2915 1602 2976 sio
1634 2924 1743 2976 tamen
1777 2920 1815 2974 ut
1848 2910 1964 2974 deinde
1997 2919 2152 2991 sequatur

1186 2996 1264 3058 novi
1287 2996 1428 3063 hominis
1451 2999 1653 3062 instauratio.
1699 2994 1774 3076 Quo
1797 2995 1894 3060 etiam
1925 2993 2074 3059 referunt
2102 3015 2151 3059 se-

1185 3081 1323 3144 cundam
1357 3095 1481 3164 partem
1517 3105 1646 3157 versus,
1680 3082 1840 3147 mabiliam
1873 3080 2034 3145 columnas
2067 3081 2152 3144 ιιιιι

1185 3184 1223 3229 ιι
1238 3166 1266 3228 si
1282 3166 1434 3234 Christus
1455 3167 1592 3234 diceret:
1616 3167 1835 3248 Simulatque
1857 3167 1891 3247 in
1914 3164 2057 3229 medium
2079 3185 2152 3249 pro-

1186 3249 1289 3326 diero,
1319 3262 1407 3318 terra
1430 3277 1503 3320 cum
1525 3256 1593 3321 suis
1614 3253 1730 3320 incolis
1753 3252 1910 3334 liquescet
1932 3271 1969 3316 ιι
1991 3250 2150 3316 solvetur:

1186 3336 1243 3399 sed
1266 3357 1341 3401 mox
1373 3360 1443 3404 eam
1474 3342 1576 3407 firmis
1606 3360 1643 3405 ao
1673 3338 1785 3404 solidis
1814 3337 1946 3402 fulturis
1976 3337 2150 3417 stabiliam,

1184 3422 1260 3502 quia
1277 3422 1369 3488 electi
1388 3427 1505 3507 spiritu
1524 3448 1595 3492 meo
1613 3423 1775 3501 renovati,
1798 3446 1862 3489 non
1881 3423 2021 3504 amplius
2042 3422 2151 3488 herbis

1186 3507 1235 3570 vel
1263 3511 1435 3577 emarcidis
1464 3512 1600 3578 fioribus
1629 3523 1726 3575 erunt
1756 3511 1895 3585 similes,
1925 3508 1982 3573 sed
2013 3510 2150 3590 praediti

1185 3613 1271 3657 nova
1292 3607 1325 3660 et
1345 3597 1478 3662 insolita
1499 3596 1709 3663 firmitudine.
1750 3597 1854 3677 Atqui
1877 3614 1943 3658 non
1966 3606 2043 3676 puto
2066 3596 2150 3661 hanc

1184 3681 1346 3762 argutiam
1379 3684 1508 3749 venisse
1541 3683 1720 3766 prophetae
1753 3683 1787 3746 in
1821 3689 1980 3757 mentem,
2015 3679 2150 3764 ideoque

1183 3766 1375 3846 simpliciter
1399 3770 1613 3851 interpretor,
1634 3769 1784 3851 quamvis
1806 3765 1965 3831 dissoluta
1987 3766 2030 3829 sit
2052 3775 2149 3850 terra,

1183 3850 1217 3912 in
1241 3849 1304 3916 Dei
1327 3863 1435 3919 tamen
1465 3875 1565 3919 manu
1595 3875 1665 3920 esse
1695 3854 1765 3918 eius
1794 3853 1943 3917 fulturas.
1989 3850 2150 3918 Cohaeret

1183 3936 1270 3999 enim
1302 3937 1355 4003 hic
1383 3961 1499 4005 versus
1529 3961 1602 4006 cum
1632 3940 1806 4022 superiore.
1850 3936 2033 4002 Confirmat
2061 3939 2149 4003 enim

1183 4022 1290 4086 Deum
1313 4036 1497 4108 opportuno
1520 4037 1665 4110 tempore
1695 4045 1834 4106 aequum
1864 4030 1897 4087 ιι
1926 4034 2050 4088 rectum
2080 4024 2150 4089 fore

1182 4106 1342 4173 iudicem:
1364 4111 1441 4192 quia
1462 4112 1556 4178 facilc
1578 4114 1607 4177 oi
1631 4112 1683 4191 sit,
1706 4111 1835 4175 etiamsi
1857 4118 1925 4172 tota
1942 4110 2058 4174 mundi
2080 4132 2148 4175 ma·

1181 4193 1281 4257 abina
1303 4196 1497 4273 conciderit,
1519 4218 1672 4280 reparare
1694 4215 1809 4261 omnes
1832 4195 1905 4259 eius
1926 4196 2046 4261 ruinas.
2091 4196 2148 4261 In·

1182 4289 1270 4342 terea
1292 4301 1356 4343 non
1380 4281 1491 4348 dubito
1513 4285 1590 4366 quin
1610 4285 1790 4364 respexerit
1807 4281 1968 4364 propheta
1986 4282 2027 4346 ad
2045 4283 2147 4363 ipsam

1181 4385 1289 4429 rerum
1325 4380 1486 4434 naturam.
1540 4369 1699 4449 Quamvis
1731 4370 1817 4431 enim
1852 4368 1959 4432 locum
1999 4368 2147 4432 infimum

1180 4450 1328 4515 coelestis
1343 4454 1623 4519 circumferentiae
1637 4464 1771 4536 occupet
1788 4463 1885 4531 terra,
1904 4452 2020 4535 quibus
2039 4465 2148 4517 tamen

1180 4535 1399 4603 fundamentis
1417 4541 1542 4617 nititur,
1561 4541 1622 4605 nisi
1643 4539 1728 4623 quod
1746 4558 1903 4621 suspensa
1921 4539 2021 4602 estin
2040 4537 2147 4603 medio

1180 4621 1278 4686 aere?
1323 4622 1453 4690 Deinde
1475 4647 1578 4709 quum
1600 4635 1649 4691 tot
1670 4645 1772 4708 aquae
1794 4637 1964 4707 penetrent
1993 4644 2053 4705 per
2081 4645 2148 4688 me·

1180 4707 1250 4771 dias
1272 4708 1341 4773 cius
1363 4732 1475 4788 venas,
1498 4733 1605 4777 annon
1628 4713 1700 4793 ipsa
1721 4730 1848 4792 quoque
1871 4708 2052 4784 difflueret,
2083 4710 2145 4774 nisi

1179 4812 1298 4858 aroana
1315 4793 1379 4859 Dei
1399 4797 1519 4861 virtute
1537 4795 1757 4863 stabiliretur?
1792 4794 1967 4859 (laetarum
1986 4794 2147 4877 propheta

1179 4878 1220 4942 ad
1235 4892 1385 4945 naturam
1402 4881 1559 4961 alludens,
1574 4883 1673 4947 altius
1686 4890 1796 4945 tamen
1814 4880 2016 4945 conscendit:
2035 4900 2147 4963 quam·

1180 4965 1230 5027 vis
1253 4965 1413 5050 collapsus
1435 4969 1479 5033 sit
1502 4969 1605 5046 orbis,
1636 4987 1734 5050 penes
1757 4967 1864 5030 Deum
1894 4987 1965 5031 esse
1987 4965 2065 5032 dare
2087 4989 2145 5030 no·

1180 5071 1253 5114 vam
1277 5052 1473 5119 firmitatem.

1265 5137 1293 5201 d.
1316 5137 1411 5219 (Dixi
1433 5137 1581 5222 insanis.)
1626 5138 1803 5220 Postquam
1833 5136 1948 5202 sibiet
1974 5138 2047 5203 aliis
2068 5139 2145 5204 fide

1178 5221 1262 5287 libus
1284 5223 1346 5287 Dei
1369 5225 1509 5290 olficium
1531 5235 1607 5289 ante
1629 5224 1739 5289 oculos
1761 5224 1885 5306 statuit,
1908 5244 1996 5290 nunc
2021 5223 2061 5289 de
2083 5227 2144 5290 im·
