4658 5856
162 333 226 400 4‘1‘1
957 334 1173 403 PSALMUS
1195 334 1358 402 XLVIII.
2090 333 2154 399 478

166 524 257 609 pitur
279 523 350 590 loco
381 540 409 608 χ)
432 525 483 590 vel
513 505 554 612 ²7,
583 525 644 592 hoe
671 535 736 603 εει,
765 524 804 590 de
827 527 924 603 urbe,
955 525 1007 590 vel
1029 523 1134 607 quoad
1187 545 1297 589 eorum
1317 535 1445 590 mentes
1462 523 1543 591 fides
1561 523 1759 606 tranquillet,
1778 536 1811 589 et
1829 522 1869 589 ad
1887 524 2052 590 silentium
2068 543 2153 589 com·

165 609 291 678 urbem.
324 608 438 694 Neque
461 612 550 676 enim
572 610 680 678 dicere
698 611 800 676 voluit
817 612 985 695 propheta,
1007 610 1134 676 Ieroso·
1187 622 1296 693 ponat.
1347 609 1485 676 Summa
1513 610 1614 694 igitur
1643 622 1709 692 est,
1739 609 1871 688 fideles,
1903 630 2006 693 quum
2035 610 2154 674 misere

165 696 275 782 lymae
297 706 467 763 narratum
488 697 590 763 fuisse
612 695 777 775 fidelibus,
807 699 916 762 Deum
938 697 1044 763 servis
1066 695 1134 761 suis
1187 694 1428 779 affligerentur,
1460 717 1526 761 non
1554 695 1653 761 fuisse
1683 708 1792 760 tamen
1822 717 1840 759 ε
1870 695 1975 780 gradu
2005 694 2153 770 deiectos,

167 803 262 867 opem
284 800 355 846 esse
372 783 533 849 laturum:
555 782 611 848 sed
631 784 738 847 Deum
757 782 797 847 ab
815 783 907 848 initio
925 781 1026 848 fidum
1046 779 1134 846 urbis
1186 782 1264 863 quin
1287 780 1514 847 recumberent
1532 783 1566 846 in
1581 779 1645 845 Dei
1663 781 1839 847 auxilium:
1864 782 1941 864 quin
1957 783 2065 864 potius
2083 783 2154 846 eius

166 887 244 935 suae
272 865 374 933 fuisse
400 867 584 946 custodem,
619 878 653 934 ει
680 889 809 952 semper
839 868 937 933 talem
967 869 1046 933 fore.
1090 867 1135 930 Et
1186 869 1310 949 gratiae
1341 868 1500 949 patientia
1522 878 1554 931 et
1574 888 1631 950 spe
1653 868 1786 932 ianuam
1808 867 2005 950 patefecisse.
2050 867 2154 932 Porro

166 952 360 1020 nominatim
381 952 472 1019 urbis
493 952 558 1019 Dei
578 956 615 1018 lit
636 956 775 1032 mentio,
805 956 966 1036 quianon
997 952 1133 1018 eandem
1185 952 1248 1017 hcc
1267 951 1308 1016 ad
1326 952 1553 1020 illustrandam
1573 952 1636 1016 Dei
1654 953 1794 1036 gratiam
1814 953 1929 1037 valuit,
1950 952 2036 1036 quod
2054 975 2177 1035 quum·

168 1040 352 1124 promiscue
374 1039 526 1105 omnibus
548 1039 688 1105 salutem
739 1039 896 1116 remittit,
927 1037 985 1104 sed
1015 1037 1134 1121 populo
1186 1037 1227 1102 ab
1256 1039 1326 1103 eius
1356 1041 1601 1122 exspectatIcne
1626 1037 1817 1121 penderent,
1846 1060 1911 1103 non
1941 1038 2064 1104 fuerint
2085 1041 2154 1103 fru-

168 1126 271 1192 electo
291 1131 323 1188 ει
334 1125 500 1208 peculiari.
532 1124 697 1190 NomenI
765 1145 812 1205 ce,
828 1125 870 1190 ad
887 1123 1134 1208 exprimendam
1185 1123 1290 1187 sueti.
1336 1123 1431 1190 Unde
1459 1126 1558 1190 etiam
1587 1124 1696 1208 colligi
1725 1138 1834 1206 potest
1855 1125 1946 1190 utilis
1968 1124 2154 1202 admonitio,

166 1211 231 1279 Dei
253 1210 409 1277 virtutem
431 1212 571 1293 positum
594 1221 660 1276 est:
690 1211 747 1277 sed
777 1231 853 1276 mcx
875 1210 1001 1276 addunt
1023 1208 1135 1274 fideles
1186 1207 1351 1291 prohiberi
1374 1211 1503 1275 anobis
1519 1209 1583 1276 Dei
1602 1210 1770 1287 auxilium,
1793 1210 1869 1292 quia
1887 1210 2067 1276 diffidimus
2084 1211 2155 1274 eius

166 1316 260 1364 asum
281 1315 346 1362 oeae
367 1295 486 1377 Deuca,
516 1295 676 1362 notandae
698 1296 883 1380 adoptionis
904 1317 1017 1374 causa,
1041 1308 1078 1359 ut
1099 1294 1134 1358 in
1185 1294 1465 1376 promissionibus,
1495 1317 1554 1362 nec
1582 1317 1660 1378 prae
1688 1294 1829 1361 tumultu
1859 1297 2002 1379 patimur
2030 1296 2071 1360 ad
2094 1316 2155 1360 nos

168 1403 243 1450 eum
264 1402 416 1465 sperare,
438 1390 472 1447 ct
493 1381 699 1448 familiariter
720 1382 761 1447 ad
784 1401 859 1446 eum
880 1382 976 1449 confu
1001 1401 1055 1446 ere
1076 1398 1134 1444 au·
1185 1401 1288 1462 usque
1318 1382 1419 1446 fluere
1447 1383 1596 1467 gratiam,
1626 1402 1709 1464 quae
1738 1379 1910 1446 silentibus
1931 1391 1981 1446 εει
2002 1382 2154 1465 reposita.

167 1468 275 1534 deaut
312 1467 407 1548 Quod
426 1487 505 1534 vero
524 1468 558 1532 in
576 1467 711 1534 concilio
733 1467 857 1533 Niceno
873 1403 1023 1546 secundo,
1047 1466 1135 1530 hunc
1186 1464 1253 1530 Sed
1283 1466 1359 1549 quid
1381 1467 1442 1533 sibi
1465 1467 1545 1546 vult,
1575 1468 1610 1531 in
1630 1467 1731 1533 medio
1752 1466 1882 1549 templi?
1913 1489 1956 1532 an
1979 1467 2064 1549 quod
2086 1467 2153 1534 illic

168 1554 273 1622 locum
310 1563 476 1619 torserunt
504 1553 579 1618 boni
608 1551 761 1639 patresff)
791 1563 828 1617 ut
863 1553 1039 1636 probarent
1068 1572 1134 1616 non
1186 1559 1316 1617 tantum
1343 1573 1435 1636 spem
1462 1573 1557 1619 suam
1585 1553 1728 1618 aluerint
1756 1552 1889 1618 fideles?
1920 1573 2021 1636 quum
2044 1566 2155 1618 autem

167 1640 315 1707 sufficere
329 1638 509 1705 doctrinam
523 1639 559 1703 iu
568 1638 708 1722 templis,
726 1639 788 1704 nisi
801 1637 841 1704 ad
852 1638 1133 1706 confirmationem
1185 1637 1322 1720 quisque
1345 1639 1478 1705 domum
1500 1660 1594 1705 suam
1612 1648 1698 1704 essct
1718 1659 1881 1716 reversus,
1902 1660 2033 1721 sperare
2050 1637 2154 1703 desie-

166 1721 357 1792 aocederent
378 1724 525 1807 picturae
546 1733 580 1790 et
602 1724 834 1812 imaginesffl)
864 1725 962 1789 nimis
984 1719 1136 1807 pudenda
1185 1720 1276 1788 rint?
1320 1724 1392 1789 Imo
1422 1737 1548 1790 certum
1578 1735 1627 1790 est
1652 1725 1799 1807 spemin
1823 1725 1944 1807 templo
1967 1734 2154 1807 conceptam

167 1811 229 1876 fuit
258 1809 428 1876 insulsitas
456 1816 490 1876 et
520 1810 623 1875 relatu
654 1809 807 1895 indigna,
844 1811 908 1875 nisi
940 1807 1026 1892 quod
1056 1807 1135 1874 utile
1186 1807 1318 1874 domum
1337 1810 1497 1889 retulisse,
1516 1813 1651 1876 utinea
1661 1820 1850 1877 constanter
1861 1822 1997 1876 starent.
2028 1809 2153 1875 Verum

166 1896 260 1963 nobis
279 1904 329 1962 est
345 1896 530 1980 intelligere
545 1894 746 1961 horrendum
765 1897 799 1960 in
816 1896 948 1961 modum
966 1914 1135 1978 percussos
1186 1895 1263 1978 quia
1285 1898 1480 1977 promiserat
1495 1894 1597 1976 Deus,
1619 1897 1726 1963 locum
1748 1895 1841 1960 illum
1861 1895 1917 1960 ubi
1935 1896 2155 1974 invocaretur,

167 1982 267 2048 fuisse
288 1982 408 2065 spiritu
431 1981 604 2065 vertiginis
625 1989 660 2046 et
681 1983 841 2065 stuporis,
870 1980 988 2064 quibus
1018 1999 1136 2064 propo·
1186 1978 1296 2045 sedem
1325 1990 1359 2047 et
1388 1981 1585 2048 domicilium
1616 1982 1749 2048 virtutis
1777 1994 1808 2044 ct
1832 1983 1954 2061 gratiae
1976 2001 2054 2046 suae
2076 1983 2154 2061 fore,

167 2068 267 2134 situm
299 2075 371 2132 erat
399 2066 567 2134 eeclesiam
597 2066 661 2132 Dei
692 2068 876 2151 corruptela
909 2067 966 2131 illa
993 2066 1135 2131 inficere.
1186 2086 1276 2133 nunc
1299 2065 1411 2133 dicunt
1432 2067 1545 2134 fideles
1566 2090 1601 2133 se
1623 2069 1753 2133 oraculo
1770 2067 1826 2131 illo
1845 2069 1952 2144 fretos,
1977 2088 2041 2132 non
2061 2067 2155 2134 dubi·

169 2152 324 2220 Clausala
345 2173 472 2231 versus,
494 2151 732 2237 lerosolymam
755 2175 775 2219 a
796 2153 922 2220 eunctis
944 2149 1059 2216 mundi
1082 2170 1136 2216 ur·
1187 2165 1272 2216 tasse
1288 2152 1366 2235 quin
1385 2175 1419 2218 se
1437 2152 1529 2218 Deus
1545 2155 1786 2219 misericordem
1804 2166 1836 2218 et
1854 2153 2031 2237 propitium
2048 2163 2156 2218 osten·

169 2239 263 2306 bibus
286 2238 452 2316 discernit,
475 2258 559 2321 quae
580 2258 657 2304 suas
679 2238 801 2305 habent
823 2237 1079 2316 vicissitudines,
1100 2244 1137 2301 ut
1187 2236 1287 2314 deret,
1307 2239 1384 2319 quia
1401 2248 1525 2304 certum
1546 2238 1704 2304 haberent
1721 2239 1922 2321 praesentiae
1934 2240 2005 2306 eius
2016 2239 2154 2324 insigne.

169 2323 301 2390 nonnisi
337 2324 379 2389 ad
411 2334 539 2407 tempus
576 2325 725 2389 floreant.
775 2324 864 2405 Quia
893 2332 1003 2389 autem
1032 2330 1137 2389 status
1186 2322 1301 2406 Neque
1334 2325 1422 2388 enim
1452 2334 1598 2389 nostrum
1629 2335 1679 2388 est
1706 2346 1747 2388 ex
1777 2326 1908 2406 proprio
1940 2347 2040 2391 sensu
2072 2327 2153 2392 ima·

168 2409 389 2495 lerosolymae
411 2430 430 2475 a
448 2408 519 2475 Deo
538 2408 692 2475 fundatus
709 2418 770 2491 est,
791 2411 879 2475 inter
897 2410 1004 2474 varias
1021 2406 1137 2472 mundi
1187 2409 1303 2492 ginari,
1332 2410 1439 2474 Deum
1463 2411 1531 2475 lore
1554 2410 1648 2475 nobis
1670 2409 1885 2487 liberatorem,
1915 2410 1973 2476 sed
1994 2421 2155 2493 quatenus

170 2495 401 2562 conversiones
421 2496 537 2560 firmus
559 2504 739 2579 permanet.
761 2525 764 2529 ·
783 2496 857 2561 Non
885 2495 1006 2559 mirum
1036 2494 1137 2577 igitur
1187 2494 1275 2559 ultro
1297 2515 1333 2559 se
1355 2497 1449 2561 nobis
1470 2496 1575 2561 offert.
1615 2496 1686 2561 Iam
1709 2496 1737 2560 si
1760 2494 1933 2560 umbratile
1955 2494 2037 2560 illud
2058 2517 2154 2579 prae·

171 2583 198 2647 si
221 2601 280 2664 per
302 2581 490 2647 continuam
512 2591 657 2646 aetatum
686 2581 823 2659 seriem,
855 2581 946 2646 Deus
975 2579 1087 2646 urbem
1117 2599 1137 2642 a
1188 2579 1312 2646 sentiae
1340 2579 1403 2645 Dei
1437 2582 1620 2665 symbolum
1654 2581 1714 2646 sub
1749 2581 1820 2664 lege
1848 2579 1957 2646 valere
1986 2602 2024 2646 eo
2052 2602 2155 2663 usque

168 2688 203 2734 se
221 2666 357 2733 electam
375 2674 514 2744 tueatur,
536 2667 570 2731 in
588 2686 652 2748 qua
669 2667 811 2732 nominis
828 2666 878 2733 sui
897 2665 1136 2731 invocationem
1189 2664 1307 2743 debuit,
1337 2680 1374 2730 ut
1401 2667 1504 2731 vitam
1527 2677 1697 2751 sperarent
1717 2665 1829 2732 fideles
1849 2666 1881 2731 in
1905 2665 2013 2731 media
2035 2681 2153 2733 morte:

170 2772 299 2836 semper
332 2752 406 2818 vult
438 2750 588 2818 residere.
644 2750 742 2832 Quod
782 2762 891 2818 autem
930 2751 1070 2818 abducto
1103 2750 1137 2813 in
1187 2772 1286 2834 quum
1310 2752 1351 2817 ad
1373 2773 1433 2818 nos
1450 2751 1659 2818 descenderit
1671 2753 1827 2829 Christus,
1850 2764 1887 2817 ut
1904 2751 2008 2817 multo
2028 2750 2156 2834 plenius

168 2838 320 2905 exsilium
350 2837 468 2921 popule
498 2838 575 2904 urbs
597 2837 697 2904 semel
726 2838 835 2904 excisa
863 2837 940 2920 luit,
973 2858 1046 2903 cum
1076 2836 1137 2902 hae
1188 2857 1248 2902 nos
1288 2839 1374 2921 patri
1410 2859 1470 2904 suc
1502 2840 1730 2923 coniungeret,
1772 2837 1922 2920 quamvis
1954 2858 2086 2903 sursum
2118 2859 2157 2906 ac

168 2922 332 2993 sententia
353 2943 419 2988 non
443 2933 576 3007 pugnat,
599 2923 674 3006 quia
695 2922 762 2989 iam
783 2931 859 2990 ante
877 2923 1031 2989 vaticinio
1049 2922 1136 2987 Iere-
1188 2922 1340 2988 deorsum
1362 2924 1537 2989 misceatur
1559 2923 1728 3000 mundum,
1750 2924 1837 2989 iusta
1859 2922 1952 2989 nobis
1970 2923 2157 3006 quiescendi

171 3010 257 3077 miae
274 3014 407 3075 ostensa
424 3008 533 3075 luerat
543 3009 719 3088 restitutio,
736 3008 853 3074 Ierem.
865 3008 917 3087 27,
929 3008 982 3074 22.
1000 3007 1137 3090 ideoque
1188 3028 1286 3074 causa
1314 3018 1375 3074 est.
1419 3010 1563 3074 'l'antum
1592 3007 1700 3073 danda
1728 3018 1779 3075 est
1806 3029 1912 3092 opera,
1942 3021 1978 3073 ut
2001 3030 2103 3092 purus
2125 3023 2158 3076 ct

169 3105 247 3162 tunc
269 3095 413 3160 maxime
435 3115 530 3178 quam
552 3094 667 3161 stabile
698 3103 785 3160 esset
813 3114 894 3178 opus
923 3114 1036 3169 suum,
1065 3112 1137 3175 pro-
1187 3093 1316 3177 integcr
1345 3095 1432 3177 apud
1461 3116 1520 3159 nos
1548 3094 1657 3178 vigeat
1679 3092 1743 3159 Dei
1766 3092 1885 3174 cultus,
1912 3114 1976 3176 quo
1999 3096 2157 3178 templum

170 3178 374 3249 bavitDeus.
407 3180 513 3258 Nunc,
536 3188 706 3263 postquam
729 3178 874 3246 adventu
897 3200 956 3245 suo
973 3178 1137 3243 saeculum
1188 3179 1259 3245 eius
1282 3179 1315 3242 in
1337 3178 1444 3243 medio
1467 3179 1572 3246 nostri
1592 3179 1761 3263 refulgeat.

171 3267 344 3333 renovavit
378 3265 548 3342 Christus,
584 3263 742 3348 quidquid
781 3265 858 3330 olim
894 3264 934 3330 ds
966 3265 1047 3329 urbe
1079 3262 1137 3328 illa
1276 3264 1326 3329 10.
1349 3262 1464 3350 (Sicuti
1482 3285 1593 3330 acmen
1609 3264 1721 3349 mum.)
1754 3263 1895 3345 Quidam
1914 3264 2005 3330 hunc
2022 3287 2156 3333 versum

173 3353 296 3419 dictum
318 3350 396 3430 luit,
425 3350 465 3416 ad
489 3351 692 3434 spiritualem
721 3350 956 3435 lerosolymam
986 3349 1137 3434 pertinet,
1188 3370 1261 3415 cum
1294 3350 1446 3432 proxima
1478 3351 1642 3416 sententia
1674 3358 1869 3417 contexunt:
1902 3370 1940 3417 ae
1970 3351 1999 3416 si
2033 3350 2156 3418 dictum

169 3457 253 3524 quae
275 3456 335 3520 per
355 3456 468 3501 omnes
489 3436 604 3502 mundi
628 3435 740 3519 plagas
762 3435 909 3520 dispersa
932 3444 990 3500 est
1027 3437 1136 3517 Atque
1188 3444 1290 3500 esset:
1314 3435 1465 3516 Domine,
1487 3445 1525 3501 tu
1547 3457 1614 3502 non
1636 3438 1758 3502 frustra
1779 3456 1898 3501 nemen
1921 3445 2014 3501 tuum
2037 3438 2087 3503 vis
2104 3459 2157 3505 ce·

171 3526 252 3591 haec
270 3522 426 3602 doctrina,
443 3522 568 3605 quotics
586 3522 704 3587 animis
722 3523 928 3601 fluctuamur,
949 3540 1137 3587 succurrere
1187 3521 1328 3586 lebrari:
1350 3522 1428 3605 quia
1446 3523 1543 3588 simul
1562 3523 1750 3605 suppeditas
1767 3523 1939 3587 materiam
1957 3521 2072 3588 laudis.
2107 3523 2159 3589 Ita

169 3609 264 3676 nobis
276 3607 382 3692 debet,
393 3606 548 3690 quidquid
560 3607 785 3674 discriminum
803 3608 980 3683 immineat,
998 3605 1135 3673 salutem
1188 3626 1304 3673 sensus
1326 3609 1399 3691 erit,
1420 3629 1537 3674 nomen
1561 3607 1626 3673 Dei
1647 3605 1828 3691 praedicari
1850 3629 1925 3673 eum
1948 3608 2081 3674 effectu:
2106 3610 2158 3674 vel

171 3694 326 3762 ecelesiae
349 3713 448 3776 quam
470 3692 563 3759 Deus
584 3692 757 3770 stabilivit,
784 3713 879 3776 posse
904 3692 1037 3775 quidem
1063 3712 1138 3776 gra-
1188 3693 1258 3758 eius
1287 3694 1467 3775 potentiam
1497 3694 1595 3759 simul
1624 3715 1698 3759 cum
1728 3694 1996 3776 promissionibus
2018 3703 2156 3760 exstare.

171 3780 257 3848 viter
284 3779 430 3859 concuti,
466 3777 523 3843 sed
558 3799 623 3844 non
659 3779 708 3843 ita
743 3778 930 3846 labefactari
966 3786 1004 3843 ut
1031 3777 1136 3845 cadat.
1189 3778 1257 3843 Alii
1280 3779 1376 3861 paulo
1399 3780 1547 3865 argutius
1570 3793 1749 3860 exponunt,
1771 3800 1871 3861 opera
1892 3779 1956 3843 Dei
1978 3799 2158 3862 congruere

172 3866 347 3934 Caeterum
378 3863 513 3930 verbum
545 3864 645 3930 futuri
676 3864 832 3947 temporis
861 3865 896 3928 in
925 3864 1136 3947 praeteritum
1188 3884 1263 3929 cum
1296 3866 1427 3929 nomine
1464 3866 1550 3944 eius,
1583 3867 1659 3946 quia
1685 3875 1821 3931 vocetur
1849 3842 1903 3950 bx
1924 3886 1943 3928 a
1964 3865 2158 3952 potentia,*)

170 3951 292 4019 resolvi
314 3959 429 4035 potest,
452 3948 509 4015 sed
531 3948 643 4015 eodem
665 3971 773 4016 sensu.
1189 3950 1266 4015 dum
1304 3970 1339 4014 re
1367 3950 1439 4033 ipsa
1469 3949 1673 4015 demonstrat
1702 3970 1769 4014 non
1798 3964 1919 4014 temere
1948 3949 2008 4015 hoc
2038 3971 2155 4017 nomen

252 4053 283 4119 9,
312 4050 605 4137 (Eumenem)
654 4052 760 4117 Docet
791 4052 846 4118 hio
877 4071 992 4117 versus
1024 4049 1138 4115 fideles
1189 4036 1251 4102 sibi
1272 4035 1372 4101 luisse
1390 4036 1587 4119 impositum,
1610 4034 1668 4100 sed
1686 4056 1798 4100 veram
1816 4054 1853 4098 ac
1868 4035 2011 4100 debitam
2026 4035 2156 4102 laudem

170 4140 270 4206 fuisse
303 4137 463 4204 divinitus
495 4151 657 4215 servatos,
701 4138 777 4220 qula
805 4138 840 4202 in
870 4158 999 4201 summa
1028 4156 1138 4200 rerum
1188 4121 1297 4187 tribui.
1334 4121 1433 4187 Prior
1454 4122 1623 4220 expositio,
1645 4121 1741 4186 sicuti
1763 4122 1873 4185 minus
1894 4134 2006 4186 coacta
2028 4131 2087 4199 est,
2110 4123 2158 4189 ita

167 4225 312 4291 omnium
342 4222 585 4306 perturbatione
615 4223 778 4306 patienter
807 4223 1005 4306 quieverint,
1037 4220 1138 4286 donec
1188 4209 1321 4289 PP⁰PI¹¹⁸
1360 4207 1485 4307 ἓῆθθὼῑ
1523 4206 1564 4306 Μ,
1597 4209 1698 4273 V⁰¹b³
1730 4217 1763 4306 θῑ,
1795 4216 1938 4271 mssfltflffl
1972 4208 2158 4290 prophetae,

168 4310 300 4376 tandem
322 4309 477 4374 misertus
498 4307 642 4391 ipsorum
662 4308 754 4374 Deus
772 4329 866 4392 0p0m
885 4307 1024 4373 afferret,
1061 4306 1138 4372 ver.
1190 4291 1298 4357 Deum
1328 4291 1451 4359 serhcet
1478 4293 1629 4375 operrbus
1652 4301 1774 4369 testari,
1804 4314 1839 4356 se
1864 4312 1930 4356 non
1952 4294 2073 4358 frustra
2094 4294 2157 4360 ooli

169 4396 247 4463 bum
269 4394 357 4460 enim
379 4393 566 4460 hebraicum
589 4405 685 4477 ΒΜ,
707 4393 792 4477 quod
815 4403 864 4460 est
885 4394 1015 4476 proprie
1032 4393 1137 4467 silere,
1189 4376 1276 4475 ειΡΜ,
1306 4377 1443 4443 1⁰d⁸0⁰⁸
1470 4399 1529 4461 9³⁰
1560 4399 1636 4445 V⁰f0
1664 4390 1697 4442 0⁸
1724 4379 1819 4476 ”⁰190
1849 4378 1930 4443 D00·
1982 4377 2048 4445 Sed
2079 4378 2157 4443 dum

169 4480 272 4548 animi
302 4479 572 4562 tranquillitatem
594 4489 696 4558 notat,
726 4479 813 4545 unde
835 4479 1017 4564 colligimus
1039 4479 1138 4543 luisse
1189 4463 1383 4545 Pstl'llfflllflm
1412 4462 1573 4563 θΧΡθΠάθ,
1588 4484 1670 4546 ‘1¹¹1lo
1698 4478 1859 4564 ⁸0I⁰¹Pl¹fr
1894 4461 1996 4546 sulm
2019 4469 2158 4531 extrema

168 4565 322 4651 periculis
350 4565 491 4649 agitatos
519 4564 640 4638 fideles,
670 4575 709 4631 ut
731 4585 789 4649 pro
811 4565 920 4631 carnis
941 4585 1038 4629 sensu
1061 4582 1137 4628 con·
1188 4552 1297 4629 ieme,
1316 4548 1622 4647 Pf⁰llh⁰ll²m‚⁸¹¹1¹d
1643 4549 1907 4649 {0¹‚100119l11110r
1930 4569 2062 4648 nempe,
2078 4571 2156 4633 (1¹¹0-

169 4651 312 4718 „temari
344 4662 477 4733 possent
509 4650 561 4715 vel
594 4671 827 4735 expavescere,
865 4648 1138 4736 quemadmodum
1190 4652 1319 4733 cunque
1353 4642 1540 4734 pervenerit
1576 4656 1717 4700 nominis
1747 4634 1807 4700 Der
1836 4634 1937 4734 lama,
1970 4646 2157 4719 ecgmturcs

169 4738 291 4804 seimus
323 4735 473 4801 hemines
504 4736 539 4800 in
572 4737 728 4802 continuo
756 4737 901 4803 tumultu
931 4736 1074 4817 versari,
1106 4746 1139 4800 et
1191 4720 1340 4785 h0m¹¹¹⁰⁸
1368 4740 1475 4804 ¹P³¹¹ffl
1504 4741 1575 4785 ⁰⁸⁸⁰
1596 4741 1725 4786 mmm
1748 4719 1845 4786 lffildfl
1867 4720 2018 4804 dlssmlffi
2046 4722 2158 4788 flubflfli

169 4823 264 4907 queri
284 4821 457 4887 maianis
478 4821 629 4889 curuans
650 4821 715 4889 nuo
736 4831 770 4888 ot
785 4822 864 4889 runs
880 4821 1015 4906 impelli,
1037 4821 1139 4887 coneo
1191 4804 1279 4905 onia
1313 4804 1364 4871 his
1390 4804 1512 4907 verbis,
1541 4807 1638 4871 tacita
1671 4806 1856 4905 anaticis·
1915 4804 2047 4872 Scimus
2079 4817 2158 4874 tuno

1192 4910 1311 4974 passim
1334 4890 1486 4959 volitasse
1503 4891 1663 4958 idolorum
1681 4911 1815 4956 nomina
1831 4911 1889 4974 per
1909 4902 2011 4957 totum
2029 4894 2156 4958 orbem:

1191 4975 1247 5042 sed
1281 4977 1493 5059 quantumvis
1520 4978 1664 5044 celebras
1696 4987 1806 5041 essent
1837 4976 1944 5042 fictitii
1977 4977 2036 5056 dii,
2073 4979 2158 5045 iusta

168 5131 236 5188 W
256 5044 473 5170 ’legs'am‘l
486 5050 577 5114 lm*
599 5060 643 5099 ⁰⁰⁸
660 5043 729 5100 ΝΜ
751 5045 914 5114 prcdhomes
931 5045 966 5099 ‘¹⁰
983 5045 1068 5100 ΡΜ
1092 5045 1139 5115 ‘¹¹¹³
1192 5061 1287 5128 laude
1316 5063 1467 5142 caruisse,
1497 5061 1582 5145 quod
1612 5060 1738 5127 nullum
1767 5060 1834 5127 illic
1863 5072 2007 5129 exstaret
2028 5063 2156 5148 signum

520 5181 561 5238 ed.

240 5182 254 5215 ‘
312 5183 350 5239 Is
372 5181 495 5309 noscas
547 5183 700 5307 XIeudicus
722 5181 834 5252 trottae:
863 5183 896 5237 cl.
921 5182 1012 5237 Instit
1036 5181 1065 5237 0.
1089 5182 1137 5237 111.
1597 5248 1602 5260 ἱ
1641 5250 1647 5261 ·

172 5253 188 5322 ς
204 5252 241 5309 88
256 5270 293 5311 ss.
309 5253 339 5323 (i.
358 5269 380 5309 e.
399 5253 432 5308 In
452 5291 460 5308 .
476 5251 491 5307 1
507 5267 530 5308 o.
589 5290 597 5308 .
615 5251 631 5320 ς
650 5250 684 5306 15
700 5252 749 5321 ss).
1278 5248 1307 5320 f)
1326 5248 1375 5305 En
1390 5264 1499 5319 mee:
1516 5248 1679 5305 obst-adue
1696 5248 1759 5304 lort.
