4658 5856
105 319 145 382 17

106 507 290 573 abstersum
320 506 353 570 iu
383 506 489 570 lucem
526 501 723 587 producitur.
769 501 920 583 Denique
951 501 978 566 61

105 619 270 685 invocatio
281 617 345 683 Dei
368 616 548 681 maximum
572 614 688 680 salutis
707 623 837 677 nestrae
859 613 980 695 praesi-

107 730 198 795 dium
222 740 282 812 est,
305 728 432 813 quando
445 749 509 792 non
530 726 661 792 aliunde
678 724 794 790 melior
806 745 844 789 ae
861 725 983 790 certior

106 843 175 926 peti
199 842 269 907 eius
291 850 398 925 potest
421 840 533 923 regula
555 859 652 921 quam
676 858 718 901 ex
741 840 801 904 hoc
823 835 922 901 libro:
946 843 983 900 ut

107 955 247 1036 quisque
269 954 303 1016 in
328 953 399 1017 eius
421 951 637 1034 intelligentia
657 950 778 1033 optime
801 949 982 1032 profecerit,

107 1067 227 1131 bonam
238 1064 387 1129 coelestis
397 1063 561 1128 doetrinae
569 1071 697 1144 partem
706 1063 769 1125 erit
777 1069 981 1144 assequutus.

109 1175 205 1243 Seria
227 1175 370 1259 precatio
389 1198 431 1239 ex
450 1175 651 1241 necessitatis
662 1185 792 1238 nestrae
804 1193 902 1239 66666
920 1174 984 1255 pri·

108 1308 211 1367 mum,
243 1285 358 1352 deinde
388 1308 429 1349 ex
458 1285 709 1368 promissionum
737 1285 800 1350 fide
829 1285 982 1351 nascitur.

109 1400 176 1465 Hic
198 1410 265 1462 tarn
285 1397 325 1461 ad
343 1398 429 1463 mala
440 1419 500 1462 sua
511 1397 681 1463 sentienda
696 1398 816 1479 optime
828 1418 983 1481 experge-

111 1514 193 1576 fient
209 1510 357 1590 lectores,
379 1530 477 1592 quam
497 1509 536 1575 de
553 1509 746 1592 quaerendis
766 1508 917 1573 remediis
928 1507 984 1573 ad·

110 1624 341 1689 monebantur.
366 1624 474 1704 Atque
497 1622 576 1687 adeo
599 1621 755 1704 quidquid
773 1619 814 1683 ad
833 1640 892 1684 666
915 1620 984 1683 ani·
1018 1693 1023 1701 ⁸

111 1734 249 1799 mandes
271 1734 377 1798 faeere
394 1743 510 1816 potest,
534 1734 587 1798 ubi
605 1731 748 1797 orandus
767 1743 816 1798 est
828 1731 927 1809 Deus,
951 1731 985 1794 iu

112 1846 175 1912 hoe
198 1846 280 1911 libro
302 1855 513 1913 monstratur.
537 1846 607 1911 Nec
625 1866 702 1910 vero
726 1852 853 1908 tantum
876 1864 986 1909 oecur-

112 1970 192 2023 ruut
214 1959 461 2042 promissiones:
485 1958 541 2024 sed
565 1959 650 2023 inter
672 1957 736 2020 Dei
757 1955 986 2020 invitationem

110 2082 144 2134 et
168 2072 275 2136 carnis
297 2071 542 2153 impedimenta,
575 2068 668 2134 nobis
697 2088 794 2150 saepe
824 2068 857 2130 in
881 2065 987 2130 medio

111 2183 269 2248 statuitur
292 2183 405 2263 quise
428 2182 469 2247 ad
492 2182 692 2265 precandum
715 2181 870 2263 accingit:
901 2186 938 2243 ut
960 2177 988 2243 si

113 2292 244 2376 qnando
266 2315 324 2359 666
348 2294 518 2377 exagitent
540 2295 651 2357 variae
670 2291 898 2370 dubitationes,
920 2291 988 2356 lue·

114 2405 178 2469 tari
204 2405 381 2483 diseamus,
412 2404 515 2470 donec
544 2405 625 2468 liber
654 2403 693 2468 ad
724 2403 835 2467 Deum
858 2404 989 2467 animus

114 2524 274 2600 assurgat.
297 2517 410 2599 Neque
432 2516 465 2581 id
478 2517 581 2593 modo,
604 2516 660 2580 sed
678 2537 736 2598 per
749 2515 988 2591 haesitationes,

114 2640 230 2708 metus,
262 2630 499 2712 trepidationes
521 2630 667 2693 nitamur
697 2639 806 2692 tamen
830 2627 871 2692 ad
894 2648 989 2691 oran-

116 2739 204 2819 dum,
224 2740 327 2805 donec
345 2741 453 2805 6616111
472 2761 617 2805 noanon
636 2742 810 2823 poeniteat.
836 2738 989 2804 Sicorim

116 2851 323 2917 statuendum
337 2864 394 2928 est,
404 2852 694 2935 quamvisianuam
707 2851 857 2935 precibus
870 2851 990 2916 nostris

117 2963 305 3045 praecludat
327 2964 518 3047 diffidentia,
548 2986 614 3029 666
642 2985 712 3029 6666
742 2972 850 3029 tamen
874 2962 990 3029 ceden-

117 3074 204 3152 dum,
235 3076 362 3157 quoties
385 3077 542 3142 vacillant
564 3078 665 3140 animi
689 3076 741 3140 vel
763 3073 991 3156 inquietudine

117 3188 278 3264 feruntur,
309 3187 413 3253 denec
442 3210 483 3253 ex
514 3191 582 3254 suis
612 3188 842 3253 certaminibus
870 3185 991 3252 victrix

118 3308 264 3383 emergat
285 3300 376 3365 fides.
400 3300 445 3364 Et
463 3301 574 3366 multis
586 3301 620 3364 16
639 3300 717 3365 16616
729 3299 991 3362 animadvertere

119 3410 193 3475 lieet
215 3432 329 3476 servos
348 3411 411 3476 Dei
434 3413 480 3476 ita
502 3414 699 3476 fluctuantes
717 3411 804 3473 inter
821 3409 991 3489 orandum,

118 3534 156 3585 ut
178 3522 313 3587 alternis
334 3522 457 3588 vicibus
480 3526 547 3587 fere
566 3525 710 3606 oppressi
730 3521 871 3605 palmam
891 3521 993 3584 arduo

118 3642 235 3699 conatu
258 3634 436 3699 obtineant.
467 3635 539 3700 11116
563 3637 602 3701 61)
625 3657 690 3700 666
713 3644 806 3716 parte
829 3653 863 3697 se
886 3630 994 3715 prodit

119 3746 226 3811 earnis
248 3746 439 3810 infirmitas:
464 3748 503 3811 ab
527 3747 629 3812 altera
648 3767 723 3811 vero
742 3768 776 3811 se
799 3744 921 3809 exserit
942 3744 993 3808 vis

119 3854 204 3935 fidei,
232 3858 259 3920 si
279 3878 343 3920 non
365 3868 430 3920 tam
451 3868 583 3922 strenua
602 3878 698 3940 quam
711 3856 889 3939 optandum
904 3858 995 3930 foret,

121 3976 237 4049 parata
258 3967 374 4032 saitem
404 3969 444 4032 ad
475 3970 675 4047 certandum,
707 3968 808 4034 donee
839 3967 996 4050 paulatim

122 4077 263 4143 solidum
286 4080 385 4144 robur
407 4082 562 4162 acquirat.

209 4205 295 4287 Quia
315 4215 422 4273 tamen
434 4210 568 4292 quaead
590 4211 748 4274 rationem
760 4209 822 4272 rite
845 4205 998 4289 precandi

125 4316 237 4380 velent
267 4327 334 4382 tete
364 4342 461 4404 opere
497 4342 612 4406 sparsa
642 4321 854 4404 reperientur,
885 4339 998 4402 super·

125 4447 231 4492 vacua
253 4431 447 4511 repetitione
469 4455 534 4498 non
556 4432 697 4498 onerabo
719 4433 864 4509 lectores,
893 4450 998 4511 neque

125 4539 223 4602 etiam
242 4542 395 4608 morabor
408 4566 518 4609 eorum
538 4565 755 4629 progressum.
779 4543 919 4606 'Pontum
938 4540 998 4605 hoc

125 4648 161 4712 in
194 4661 383 4720 transcursu
424 4656 567 4722 indicare
604 4677 721 4740 operae
753 4654 894 4738 pretium
928 4652 999 4732 init,

127 4766 286 4843 praestari
309 4768 403 4834 nobis
426 4768 488 4834 hoe
509 4769 602 4847 libro,
632 4788 696 4850 quo
718 4766 800 4831 nihil
824 4765 928 4847 magis
950 4772 1000 4829 est

127 4876 278 4956 optabile,
301 4901 366 4944 non
390 4879 485 4945 modo
508 4888 544 4943 ut
566 4877 737 4944 familiaris
759 4877 799 4941 ad
812 4875 920 4941 Deum
943 4896 1000 4959 pa-

130 4994 195 5050 teat
216 5008 374 5070 accessus,
404 4991 461 5056 sed
484 5000 521 5057 ut
543 4991 761 5067 infirmitates,
791 5009 873 5071 quas
896 4987 1002 5070 pudor

131 5093 317 5167 hominibus
346 5103 443 5169 fateri
470 5102 631 5185 prohibet,
660 5103 710 5166 fas
739 5122 774 5165 as
797 5101 936 5166 liberum
959 5101 1002 5165 sit

129 5220 238 5275 eoram
260 5234 298 5276 ee
318 5213 492 5297 explicare.
519 5214 590 5278 Iam
612 5233 691 5277 vero
714 5213 909 5279 sacrificium
932 5212 1001 5277 lau·

237 5312 346 5371 Caluini
360 5333 455 5385 opero.
493 5317 551 5371 Vel.
568 5317 684 5372 XXXI.

2066 307 2106 372 18

1136 497 1253 580 appuis
1276 496 1315 560 de
1338 502 1449 559 nostre
1472 494 1566 573 salut,
1597 515 1723 560 comme
1753 495 1837 559 ainsi
1859 495 1922 559 soit
1944 498 2040 576 qu’en
2064 514 2107 559 ne

1136 594 1213 666 peut
1225 581 1365 665 prendre
1377 579 1546 645 meilleure
1564 603 1606 644 66
1624 581 1698 663 plns
1716 580 1860 646 certaine
1877 580 1965 663 regle
1983 578 2109 645 d’icelle

1136 669 1271 733 ailleurs
1299 669 1395 749 qu'en
1426 687 1462 731 ce
1492 666 1588 745 livre,
1618 666 1710 731 selon
1739 666 1837 749 qu'un
1868 665 2000 729 homme
2028 686 2109 730 aura

1136 754 1210 819 bien
1233 755 1374 837 preufite
1394 773 1434 815 en
1457 751 1489 815 la
1512 753 1743 836 cogneissanee
1766 750 1910 834 d’iceluy,
1932 751 1954 814 11
1979 773 1998 814 6
2021 749 2108 815 66661

1136 840 1301 921 comprins
1323 839 1354 901 la
1376 837 1449 920 plus
1472 838 1585 921 grand’
1609 850 1682 920 pert
1701 838 1741 902 de
1759 838 1790 901 16
1813 837 1958 902 doctrine
1979 836 2108 902 celeste.
2214 896 2217 900 ,

1136 927 1188 990 La
1211 946 1311 1007 vraye
1332 925 1440 1007 priere
1463 934 1494 988 et
1513 925 1586 990 vive
1609 923 1745 1006 precede
1764 924 2017 1005 premierement
2032 921 2109 986 d’un

1137 1012 1311 1077 sentiment
1345 1009 1384 1075 de
1414 1020 1525 1076 nostre
1558 1010 1730 1088 necessita,
1770 1010 1846 1092 puis
1884 1028 1979 1091 apres
2013 1008 2110 1072 d'une

1138 1116 1330 1162 asseuranee
1352 1096 1494 1160 certaine
1513 1095 1553 1160 de
1575 1095 1607 1159 la
1629 1115 1803 1177 promesse.
1844 1092 1893 1159 Or
1915 1094 2004 1158 ostii
2027 1094 2109 1158 ainsi
2150 1116 2151 1119 ¹

1137 1185 1234 1266 qu’en
1258 1204 1293 1248 66
1311 1182 1393 1247 livre
1411 1181 1459 1247 les
1477 1181 1625 1246 hommes
1644 1188 1756 1245 serent
1778 1180 1844 1244 fert
1855 1180 1930 1244 bien
1943 1178 2111 1244 resveilleu

1139 1276 1159 1333 6
1181 1269 1283 1333 sentir
1305 1268 1392 1333 leurs
1414 1287 1523 1345 maur,
1546 1277 1580 1331 et
1601 1275 1703 1349 quant
1725 1275 1760 1331 et
1781 1274 1884 1348 quant
1906 1265 2049 1330 advertis
2072 1264 2111 1330 de

1139 1353 1296 1420 chercher
1318 1353 1365 1419 les
1386 1353 1541 1418 remedes.
1582 1354 1635 1416 En
1659 1372 1782 1416 somme
1808 1362 1880 1417 tout
1902 1373 1938 1417 ee
1956 1353 2009 1434 qui
2032 1359 2112 1434 peut

1140 1440 1245 1506 servir
1268 1447 1288 1504 6
1310 1459 1392 1504 6666
1415 1458 1611 1521 aeeourager
1634 1437 1742 1520 quand
1765 1437 1788 1501 11
1812 1447 1863 1502 661
1896 1439 2048 1519 question
2072 1434 2112 1500 de

1140 1526 1228 1609 prier
1250 1526 1345 1604 Dieu,
1369 1545 1450 1589 nous
1473 1533 1524 1588 est
1545 1524 1701 1607 enseigue
1725 1544 1766 1587 en
1787 1544 1823 1590 ce
1846 1523 1937 1587 livre.
1979 1523 2023 1587 Et
2045 1541 2111 1587 non

1141 1612 1323 1678 seulement
1345 1631 1387 1676 on
1409 1631 1430 1692 y
1455 1611 1522 1674 voit
1544 1609 1591 1673 les
1609 1630 1802 1692 promesses,
1827 1610 1909 1673 mais
1922 1618 2113 1673 souventes·

1140 1698 1203 1762 ieis
1226 1705 1317 1762 entre
1339 1696 1369 1761 le
1391 1696 1598 1761 eenviemcnt
1620 1695 1660 1760 de
1683 1696 1769 1760 Dieu
1792 1703 1826 1759 et
1854 1694 1902 1759 les
1925 1695 2112 1777 empesohe·

1142 1805 1234 1848 mens
1257 1782 1297 1846 de
1326 1783 1358 1846 la
1388 1781 1488 1858 cheir,
1520 1802 1603 1846 neus
1632 1788 1681 1847 ost
1710 1800 1867 1863 proposee
1896 1780 1928 1843 la
1949 1800 2113 1863 personne

1142 1871 1195 1952 qui
1218 1891 1252 1934 se
1275 1888 1411 1951 prepare
1434 1876 1466 1932 et
1488 1868 1605 1932 efforec
1629 1874 1649 1931 6
1670 1867 1768 1948 prier,
1800 1867 1864 1930 afin
1888 1886 1949 1948 que
1972 1867 1998 1930 si
2022 1865 2113 1947 quel-

1142 1978 1222 2038 ques
1252 1955 1313 2020 fois
1342 1975 1424 2018 nous
1458 1973 1542 2017 nous
1572 1966 1730 2017 treuvons
1760 1952 1865 2035 agites
1895 1950 1935 2015 de
1969 1951 2114 2016 diverses

1143 2042 1272 2119 doutes,
1304 2061 1386 2104 nous
1415 2041 1612 2121 apprenions
1642 2038 1682 2103 de
1712 2039 1844 2103 resister
1877 2046 1910 2102 et
1939 2039 2113 2115 combatre,

1143 2130 1270 2209 iusqu’a
1291 2147 1327 2190 ee
1350 2146 1412 2208 que
1434 2126 1558 2206 l’esprit
1580 2135 1687 2189 estant
1710 2123 1792 2188 libre
1811 2138 1842 2188 et
1862 2124 2057 2207 desveloppe
2075 2122 2115 2188 de

1144 2225 1216 2277 tous
1245 2233 1298 2277 ees
1329 2210 1605 2293 empeschomens,
1634 2209 1770 2274 s’esleve
1799 2209 1936 2274 aDieu.
1981 2210 2026 2274 Et
2049 2230 2115 2273 non

1143 2297 1324 2363 seulement
1346 2298 1423 2372 cela,
1447 2297 1528 2359 mais
1551 2296 1638 2360 aussi
1657 2299 1756 2376 qu’au
1772 2295 1883 2359 milieu
1907 2294 1963 2360 des
1982 2297 2116 2360 esbran·

1144 2386 1277 2458 lemene,
1296 2384 1436 2447 eraintes
1448 2393 1481 2444 et
1493 2381 1732 2458 tremblomens,
1752 2402 1933 2446 nous-nous
1947 2382 2117 2447 effercions

1145 2470 1311 2535 teutesfois
1340 2475 1360 2531 6
1395 2467 1498 2549 prior,
1532 2467 1663 2548 iusqu’a
1689 2486 1726 2530 ce
1756 2486 1817 2548 que
1852 2487 1934 2530 nous
1968 2470 2117 2532 sentiens

1145 2557 1283 2639 quelque
1314 2554 1509 2637 allegement
1538 2553 1595 2634 qui
1622 2573 1703 2616 neus
1733 2554 1864 2634 appaise
1894 2562 1927 2616 et
1955 2562 2116 2619 contente.

1145 2644 1211 2707 (lar
1243 2642 1276 2705 16
1308 2642 1371 2704 6611
1404 2660 1467 2721 que
1500 2639 1662 2703 desfience
1691 2639 1792 2702 ferme
1822 2639 1854 2701 16
1884 2648 1976 2719 porte
2008 2645 2028 2701 6
2057 2659 2118 2704 666

1145 2728 1277 2810 priores,
1308 2725 1465 2790 scaehens
1495 2724 1663 2789 teutesieis
1695 2724 1773 2806 qn’il
1796 2728 1879 2788 n’est
1900 2743 1958 2806 pas
1970 2726 2118 2806 question

1147 2815 1186 2878 de
1209 2834 1290 2877 nous
1312 2812 1425 2877 laisser
1449 2820 1633 2875 surmonter
1656 2819 1689 2873 ct
1711 2810 1844 2875 abbatrc
1873 2817 1980 2874 tontes
2002 2811 2064 2876 fois
2086 2819 2122 2876 et

1146 2910 1283 2982 quantes
1306 2919 1369 2979 que
1390 2916 1450 2961 nos
1462 2917 1576 2960 eoeurs
1594 2906 1667 2959 sont
1679 2895 1835 2961 vacillans
1855 2916 1898 2959 66
1916 2897 2021 2979 agitea
2040 2897 2120 2961 d'in·

1146 2983 1307 3067 quietudo,
1338 2985 1420 3048 meis
1449 2983 1518 3047 faut
1540 3002 1623 3046 nous
1652 2992 1820 3046 esvertuer
1850 2984 1977 3062 iusqn'a
1999 3004 2035 3046 ce
2058 3002 2121 3063 que

1146 3072 1177 3135 la
1198 3071 1255 3153 foy
1277 3070 1373 3135 vieue
1395 3069 1584 3132 finalement
1603 3074 1623 3131 6
1641 3067 1737 3130 sortir
1755 3066 1834 3132 hors
1853 3067 1892 3131 de
1905 3088 1958 3132 ees
1976 3068 2122 3134 eombats

1145 3157 1349 3222 victorianae.
1395 3156 1439 3218 Et
1470 3154 1508 3217 de
1538 3154 1623 3230 faict,
1653 3174 1694 3216 en
1725 3152 1887 3235 plusieurs
1910 3152 2055 3217 endroits
2077 3176 2120 3219 on

1147 3252 1225 3325 peut
1254 3241 1464 3322 appereevoir
1493 3240 1540 3302 les
1569 3239 1747 3302 serviteurs
1776 3238 1816 3302 de
1838 3237 1924 3301 Dion
1953 3238 2122 3304 tellement

1147 3331 1282 3392 flottans
1305 3347 1346 3390 66
1368 3325 1488 3389 1616661
1508 3324 1597 3389 leurs
1619 3323 1754 3405 priores,
1777 3345 1839 3405 que
1858 3323 1897 3387 de
1916 3323 2002 3387 deux
2024 3346 2123 3408 coups

1149 3415 1217 3477 l’un
1250 3419 1360 3477 estans
1393 3413 1486 3492 quasi
1531 3409 1678 3476 accablea
1713 3408 1753 3473 ils
1791 3416 1974 3491 emportent
2003 3417 2122 3477 tontes·

1148 3500 1211 3564 fois
1234 3499 1264 3563 16
1286 3497 1354 3580 pris
1383 3519 1423 3561 en
1453 3497 1638 3579 s'efforqant
1661 3496 1766 3559 6666
1793 3496 1924 3560 escient.
1969 3497 2022 3561 Iis
2044 3497 2123 3562 d’uu

1149 3594 1237 3651 coste
1260 3606 1294 3649 se
1316 3594 1462 3647 monstro
1491 3582 1672 3646 l'infirmite
1695 3580 1735 3645 de
1758 3581 1789 3644 la
1812 3580 1913 3658 cheir,
1944 3579 1984 3645 de
2008 3582 2125 3650 l’autre

1149 3673 1238 3736 aussi
1260 3691 1294 3735 se
1324 3668 1478 3751 desploye
1509 3668 1540 3730 16
1570 3677 1665 3732 vertu
1697 3665 1736 3730 de
1759 3667 1790 3730 la
1820 3667 1883 3750 foy,
1913 3667 1941 3730 si
1964 3688 2028 3732 666
2052 3677 2126 3733 1661

1149 3758 1307 3821 vaillante
1329 3764 1362 3819 et
1384 3773 1582 3836 courageuse
1612 3754 1688 3836 qu’il
1713 3752 1856 3817 sarcita
1879 3752 2012 3830 desirer,
2042 3775 2126 3838 pour

1150 3843 1181 3907 le
1204 3844 1309 3906 meins
1331 3849 1440 3922 preste
1463 3847 1483 3902 6
1505 3839 1669 3904 combatre
1692 3838 1824 3920 iusques
1847 3845 1867 3902 6
1890 3858 1927 3902 66
1957 3860 2019 3921 que
2041 3844 2125 3924 petit

1151 3936 1171 3992 6
1193 3928 1275 4010 petit
1298 3926 1358 3989 elle
1381 3927 1478 3988 viene
1501 3931 1521 3988 6
1543 3924 1634 3989 avoir
1656 3944 1720 3988 une
1741 3926 1829 3988 force
1851 3924 2036 4006 accomplie.

1237 4011 1420 4076 Toutesfois
1450 4031 1569 4093 ponrce
1604 4009 1700 4091 qu’on
1732 4018 1886 4074 trouvera
1919 4031 1960 4074 en
1992 4023 2064 4077 tout
2096 4014 2127 4079 le

1151 4100 1234 4164 livre
1256 4119 1315 4179 par
1337 4096 1366 4163 ei
1385 4118 1445 4178 par
1466 4096 1557 4160 16166
1568 4095 1684 4160 choses
1702 4115 1836 4178 propres
1854 4116 1940 4178 pour
1952 4100 2129 4184 enseigner

1152 4187 1184 4251 la
1206 4206 1308 4268 vraye
1329 4184 1474 4247 mauiere
1497 4182 1537 4247 de
1559 4183 1634 4247 bien
1657 4182 1755 4264 prier,
1784 4181 1815 4245 ie
1846 4202 1887 4245 ne
1910 4183 2128 4266 m'amuseray

1153 4271 1245 4355 point
1266 4270 1474 4334 maintennnt
1503 4276 1523 4334 6
1545 4269 1673 4333 traitter
1701 4269 1748 4334 les
1770 4267 1884 4333 choses
1912 4267 1990 4348 qu’il
2013 4272 2128 4338 faudra

1060 4389 1064 4395 -
1153 4359 1226 4439 puis
1249 4376 1343 4438 apres
1365 4364 1502 4437 repeter,
1533 4355 1573 4418 de
1594 4375 1676 4437 pour
1699 4354 1873 4420 d'arrester
1901 4352 1949 4418 les
1977 4355 2127 4437 lecteure,

1153 4452 1186 4506 et
1208 4444 1254 4507 les
1277 4441 1426 4506 retarder
1447 4439 1540 4522 qu’ils
1571 4461 1612 4504 ne
1635 4449 1769 4522 passent
1789 4451 1893 4504 outre.
1936 4437 2128 4510 Seulement

1153 4530 1219 4611 i'ay
1241 4537 1339 4610 pense
1361 4526 1437 4611 qu'il
1460 4527 1555 4592 estoit
1573 4526 1682 4591 besoin
1703 4525 1971 4589 demonstreren
1994 4541 2127 4609 pussant

1154 4635 1216 4697 que
1239 4634 1275 4680 ce
1297 4614 1379 4679 livre
1400 4634 1483 4678 nous
1505 4622 1640 4694 apperte
1662 4633 1708 4675 66
1735 4611 1809 4675 bien
1833 4612 1886 4692 qui
1910 4623 1961 4676 est
1982 4614 2126 4680 souhait·

1154 4700 1241 4764 table
1264 4720 1320 4764 sur
1342 4710 1417 4763 tous
1439 4707 1559 4778 autres,
1583 4697 1660 4763 e‘est
1680 4719 1742 4779 que
1759 4719 1825 4761 non
1842 4697 2022 4761 seulement
2044 4721 2127 4769 nous

1155 4806 1256 4851 avons
1279 4805 1369 4850 acces
1390 4784 1531 4847 familior
1554 4783 1692 4860 611166,
1721 4784 1804 4848 mais
1827 4783 1915 4847 aussi
1944 4783 2021 4863 qu'il
2046 4808 2127 4855 none

1155 4885 1206 4936 est
1228 4872 1348 4953 permis
1375 4880 1409 4933 61
1436 4870 1517 4934 libre
1547 4871 1586 4935 de
1616 4868 1787 4952 desployer
1815 4868 1936 4931 devant
1957 4866 2044 4935 Dien
2069 4895 2127 4940 666

1155 4957 1339 5034 infirmitea,
1369 4955 1541 5038 lesquelles
1563 4976 1646 5020 nous
1668 4976 1771 5019 avons
1799 4954 1897 5017 honre
1920 4951 1959 5017 de
1982 4954 2128 5027 deelarer

1156 5041 1277 5106 devant
1298 5042 1346 5107 les
1369 5041 1525 5106 hommes.
1545 5045 1598 5105 Au
1622 5052 1716 5116 reste,
1740 5061 1822 5121 pour
1839 5038 1931 5102 offrir
1954 5038 2129 5111 deuement

1158 5135 1178 5192 6
1208 5126 1295 5191 Dieu
1324 5128 1355 5192 le
1385 5128 1530 5192 sacrifice
1561 5125 1600 5191 de
1630 5127 1778 5208 louenge,
1809 5123 1916 5206 lequel
1947 5124 2085 5211 (comme
2107 5131 2130 5195 il

1158 5211 1298 5298 declaro)
1320 5213 1377 5295 luy
1390 5223 1440 5277 est
1457 5212 1523 5277 fort
1541 5211 1691 5295 agreable
1709 5223 1742 5275 et
1760 5211 1800 5274 de
1817 5211 2010 5278 tres-bonne
2022 5215 2133 5296 edeur,

1875 5313 1893 5366 2
