4658 5856
172 343 236 408 aas
953 296 1171 408 assumus
1193 341 1392 407 uxxvm.
2107 339 2170 405 ιιι

170 533 343 616 propinqui
376 541 483 597 terrae
517 530 652 597 Canaan
686 552 816 597 cursum
847 537 935 595 retro
971 532 1142 596 flexerant.
1197 530 1357 612 reputari,
1388 529 1451 595 nisi
1474 528 1559 613 quod
1582 549 1623 593 ex
1646 548 1727 612 pura
1749 528 1856 593 cordis
1877 529 2064 595 sinceritate
2094 553 2169 614 pro·

171 619 284 700 Quum
314 638 392 702 ergo
420 616 480 682 sibi
509 616 704 682 clausissent
731 617 933 700 ingressum,
964 615 1080 683 cecidit
1110 616 1143 680 in
1196 617 1317 681 fectum
1351 616 1459 681 fuerit.
1506 615 1593 696 Quia
1623 635 1702 679 vero
1735 613 1809 678 talis
1843 615 2014 699 integritas
2048 618 2169 701 passim

171 704 300 769 deserto
322 702 539 786 quadraginta
556 704 652 768 annis
669 703 830 767 immensa
847 701 1033 768 multitudo.
1066 700 1147 766 Dies
1197 702 1373 784 requiritur
1395 703 1429 765 in
1452 701 1540 786 lege,
1564 711 1720 782 tanquam
1744 698 1939 783 foedifragos
1962 713 2092 768 accusat
2113 703 2169 786 qui

170 791 279 873 priore
301 789 372 855 loco
393 790 502 872 pouit,
534 785 651 853 deiude
680 808 796 855 omncs:
827 809 864 853 ac
887 788 916 853 si
938 787 1059 855 diceret
1080 788 1144 851 Dei
1195 787 1310 852 foedus
1334 788 1395 853 Dei
1419 809 1483 852 non
1506 787 1667 852 coluerint
1689 807 1752 868 qua
1775 785 1908 850 decebat
1930 787 2004 853 fide.
2049 789 2168 854 Mutua

170 874 399 941 maledictione
422 875 604 956 praecisum
627 874 693 940 illis
715 875 815 939 fuisse
837 876 922 940 vitae
944 885 1083 956 tempus,
1107 882 1145 937 ut
1196 875 1282 938 enim
1306 871 1357 959 (nt
1378 873 1456 939 alibi
1479 872 1601 940 dictum
1625 872 1702 952 fuit)
1726 872 1840 955 relatio
1869 873 1956 936 inter
1984 873 2081 939 fidem
2110 897 2168 939 no·

170 962 266 1026 facilc
288 968 453 1025 constaret
474 961 507 1023 in
530 959 637 1025 medio
655 981 752 1025 cursu
771 961 857 1043 ipsos
875 959 1022 1026 deficere.
1055 958 1144 1024 Con·
1196 970 1297 1024 stram
1321 966 1354 1024 st
1375 958 1439 1024 Dei
1463 959 1576 1024 foedus
1600 957 1742 1023 tenenda
1764 968 1828 1035 est,
1856 970 1894 1023 ut
1916 958 2015 1024 huius
2037 961 2168 1025 veritati

170 1048 291 1130 sumpti
315 1067 392 1129 ergo
414 1046 547 1111 fuerunt
567 1045 635 1111 dics
656 1047 692 1111 in
712 1047 864 1123 cordate,
896 1048 972 1128 quia
1001 1065 1144 1108 evanue·
1198 1046 1338 1111 vicissim
1362 1066 1427 1109 non
1451 1045 1552 1109 fallax
1575 1044 1664 1109 illius
1687 1065 1864 1110 cousensus
1887 1044 2090 1128 respondeat.

170 1145 250 1198 runt
272 1133 376 1197 instar
403 1132 498 1196 fumi:
531 1132 609 1196 ammi
637 1132 671 1197 im
697 1132 910 1213 festinatione,
941 1131 1018 1214 qnia
1046 1131 1143 1195 celeri

171 1220 312 1283 transitu
328 1218 508 1282 fluxerunt.
541 1197 652 1303 ,¹qu
674 1214 805 1299 quidam
826 1229 957 1282 vertunt
974 1227 1142 1292 terrorem,
1281 1215 1333 1281 38.
1356 1215 1400 1281 Et
1427 1217 1494 1299 ipse
1521 1216 1697 1281 misericors
1725 1216 1865 1297 expiavit
1893 1216 2105 1298 iniquitatem,
2141 1223 2168 1283 et

170 1326 232 1388 ego
254 1302 385 1368 mallem
408 1302 619 1367 Tumultum:
653 1304 730 1386 qnia
750 1301 838 1368 haud
861 1300 958 1368 dubie
980 1303 1143 1387 significat
1194 1321 1257 1366 mom
1280 1302 1439 1385 perdidit:
1478 1308 1506 1367 et
1534 1301 1754 1384 multiplicavit
1781 1302 1824 1366 ad
1859 1303 2057 1367 commodam
2084 1305 2168 1367 mam

168 1391 331 1473 propheta
359 1387 572 1453 tumultuarie
600 1389 772 1471 abruptam
800 1389 866 1453 illis
894 1388 996 1454 fuisse
1029 1389 1142 1452 vitam.
1194 1396 1299 1465 mmm,
1329 1392 1356 1452 et
1383 1408 1444 1454 moa
1470 1389 1616 1453 excitavit
1642 1407 1763 1452 omnem
1790 1388 2035 1469 indignationem
2063 1409 2166 1456 suam.

170 1475 237 1543 Sed
261 1474 499 1540 Festinationis
521 1495 640 1538 nomeu
663 1477 749 1557 quod
770 1474 889 1540 clarius
911 1484 994 1558 erat,
1015 1484 1143 1538 mutare
1194 1473 1246 1538 39.
1270 1473 1314 1538 Et
1334 1474 1515 1540 recordatus
1536 1474 1680 1556 estquis
1700 1494 1773 1540 earo
1796 1478 1883 1538 suat:
1903 1474 2040 1555 spiritus
2061 1481 2166 1541 trams-

170 1562 272 1626 nolui.
319 1561 407 1626 Haec
441 1568 550 1625 autem
581 1561 667 1625 iusta
694 1561 892 1642 pertinaciae
920 1562 982 1625 fuit
1009 1579 1143 1638 merces,
1194 1559 1263 1626 ieme
1296 1564 1324 1623 et
1352 1579 1415 1625 non
1449 1565 1611 1626 reverteas.
1663 1559 1715 1624 40.
1750 1559 1874 1640 Quoties
1910 1560 2167 1627 exacerbaverunt

167 1649 258 1713 vires
288 1646 407 1729 quibus
438 1646 670 1728 superbiebant
706 1646 886 1712 emarcidas
917 1644 1069 1724 reddere,
1106 1655 1142 1709 ut
1193 1666 1262 1710 eum
1296 1647 1332 1709 im
1363 1645 1492 1723 deserto,
1533 1665 1671 1710 memore
1703 1647 1869 1720 affecerant
1905 1646 1941 1709 im
1972 1644 2165 1712 solitudine?

168 1733 318 1798 celeriter
339 1734 444 1798 instar
465 1731 599 1796 umbrae
622 1731 818 1796 diffluerent.
1193 1731 1244 1795 41.
1266 1726 1310 1796 Et
1329 1733 1449 1796 reversi
1469 1736 1543 1796 sarit
1564 1737 1591 1794 et
1611 1735 1803 1796 tentaverant
1824 1730 1943 1808 Deum,
1971 1736 1998 1796 et
2027 1737 2167 1797 sendum

256 1819 307 1884 34.
338 1819 457 1904 (Quam
489 1817 632 1883 eatae
661 1816 735 1903 eos.)
790 1817 864 1883 Hae
896 1816 1142 1883 circumstantia
1194 1817 1327 1883 Israelis
1347 1819 1663 1901 circumscripsermat.

168 1905 292 1971 crimen
316 1916 432 1987 anget:
463 1904 540 1985 quia
561 1903 617 1968 ubi
639 1902 799 1968 scelerum
821 1904 961 1968 convicti
982 1925 1017 1967 se
1039 1904 1141 1966 iustas

167 1991 313 2056 fatentur
334 2009 454 2073 poenas
476 1990 562 2067 dare,
584 2009 651 2053 nou
669 1989 794 2054 sincero
812 1997 920 2053 autem
939 1990 1047 2054 animo
1065 2008 1141 2069 eup-
1278 1989 1329 2054 38.
1360 1986 1417 2074 (Et
1448 1990 1516 2072 ipse
1547 1988 1745 2072 misericors.)
1799 1987 1873 2068 Quo
1907 1987 2023 2052 molius
2057 1999 2167 2071 pateat

166 2077 269 2160 plices
290 2078 391 2158 fiunt,
419 2077 483 2138 imo
505 2094 607 2157 prava
629 2074 836 2139 simulatione
857 2075 964 2139 Deum
987 2072 1141 2138 eludunt:
1192 2073 1284 2139 nulla
1305 2079 1432 2142 ratione
1458 2075 1558 2141 fnisse
1580 2074 1739 2139 flexibiles
1762 2083 1798 2138 ut
1819 2073 1964 2138 redirent
1986 2073 2026 2138 ad
2049 2097 2165 2140 sanam

166 2162 279 2226 minus
311 2159 509 2227 excusabilis
541 2170 592 2226 est
629 2181 740 2225 eornm
780 2161 942 2244 impietas.
998 2159 1035 2225 si
1069 2161 1141 2242 quis
1192 2172 1346 2240 mentem,
1379 2182 1466 2227 nunc
1499 2161 1578 2227 dicit
1610 2159 1715 2224 multa
1748 2180 1858 2224 eorum
1892 2171 2026 2243 peccata
2056 2159 2164 2224 Deum

166 2258 279 2312 mente
301 2259 415 2330 captus
438 2246 523 2310 mala
545 2266 604 2311 sua
627 2247 851 2324 consentiat,
875 2247 1053 2330 ignoscitur
1074 2257 1141 2310 stu·
1192 2247 1362 2312 tolerasse:
1385 2246 1441 2313 sed
1466 2248 1589 2329 quoties
1613 2248 1742 2311 veniam
1766 2245 1864 2326 dedit,
1886 2267 1950 2310 nou
1976 2247 2084 2310 minus
2104 2247 2164 2309 im-

164 2334 257 2416 pori:
281 2335 338 2416 qui
361 2353 438 2398 vero
461 2342 589 2396 reatum
608 2353 782 2413 agnoscere
800 2332 937 2416 cogitur,
959 2332 1009 2397 sui
1028 2342 1139 2395 tamen
1191 2333 1243 2413 pio
1270 2334 1341 2398 eius
1362 2332 1568 2417 indulgentia
1590 2331 1690 2396 fuisse
1713 2332 1839 2412 abusos,
1869 2352 1965 2413 quam
1990 2332 2164 2413 praefracti

165 2419 283 2483 similis
305 2429 429 2494 manet,
452 2417 503 2482 vel
527 2416 634 2481 iocata
658 2416 882 2501 deprecatione
905 2419 1051 2495 functus,
1073 2426 1138 2480 sta·
1192 2418 1322 2482 fuerant
1344 2419 1501 2483 adversus
1523 2420 1674 2502 rigorem.
1712 2416 1842 2481 Interea
1864 2439 1995 2482 causam
2019 2417 2165 2500 assignat

165 2505 224 2568 tim
248 2505 288 2569 ad
311 2504 480 2587 ingenium
503 2502 603 2566 rodit:
627 2502 688 2568 ban
710 2503 846 2586 perfidia
867 2525 903 2569 ee
924 2502 1137 2568 insanabilem
1191 2525 1249 2569 cur
1271 2525 1336 2568 non
1360 2505 1394 2568 iu
1417 2513 1523 2568 totum
1546 2504 1711 2587 perierint.
1749 2503 1821 2568 Etsi
1845 2502 1931 2567 enim
1955 2502 2047 2586 digni
2070 2513 2166 2567 erant

164 2610 237 2654 esee
267 2590 479 2654 demonstrat.
523 2587 717 2654 Subindicat
745 2598 854 2654 autem
882 2589 1041 2672 propheta
1071 2609 1136 2651 nou
1190 2590 1336 2664 interitu,
1359 2588 1467 2653 Deum
1491 2603 1601 2654 tamen
1623 2591 1705 2653 iram
1728 2609 1819 2652 suam
1837 2602 2037 2671 temperasse
2052 2589 2163 2669 refert,

164 2676 320 2760 vulgares
350 2674 401 2739 val
431 2676 584 2741 obscuras
614 2675 714 2739 fuisse
742 2694 879 2758 poenas,
910 2673 1026 2758 quibus
1056 2694 1138 2757 gene
1191 2687 1227 2739 ut
1248 2686 1396 2739 maneret
1418 2675 1548 2758 aliquod
1572 2675 1737 2739 residuum
1760 2695 1880 2739 semen.
1918 2674 1969 2738 Ne
1991 2675 2063 2758 quis
2086 2697 2163 2759 ergo

164 2761 311 2826 illatam
336 2760 498 2826 obstinata
522 2759 806 2842 adquaerendam
830 2762 939 2825 Deum
970 2760 1138 2843 compulsa
1191 2783 1231 2826 ex
1254 2761 1319 2825 illis
1341 2761 1504 2826 vindictae
1526 2761 1685 2844 exemplis
1707 2759 1884 2844 colligeret,
1906 2758 2015 2824 Deum
2037 2782 2164 2826 summo

164 2847 242 2911 fnit:
284 2867 387 2930 neque
409 2845 513 2911 solum
536 2846 636 2910 refert
657 2846 815 2912 scelerum
840 2847 939 2911 fuisse
961 2846 1137 2921 convictos,
1190 2848 1261 2912 iure
1283 2847 1399 2931 egisse,
1428 2847 1588 2931 propheta
1610 2847 1663 2912 hic
1685 2846 1847 2923 admonet,
1878 2845 2067 2923 mediocres,
2096 2848 2162 2912 imo

164 2932 222 2999 sed
245 2935 343 2996 etiam
367 2930 599 3014 redemptionis
621 2954 640 2995 a
662 2953 728 3014 qna
749 2931 954 3011 exciderant,
983 2952 1083 2997 sensu
1106 2943 1137 2996 et
1190 2935 1284 2997 mites
1308 2933 1407 2997 fuisse
1431 2952 1550 3016 poenas
1572 2953 1651 3014 prae
1673 2933 1842 2996 atrocitate
1864 2933 2056 2997 criminum:
2086 2935 2163 3015 quia

164 3019 323 3083 memoria
353 3019 451 3082 luisse
480 3025 591 3082 tactos.
634 3017 708 3082 Hoc
740 3016 836 3081 modo
866 3018 982 3081 melius
1012 3017 1137 3080 tollitur
1189 3017 1282 3083 Deus
1304 3039 1439 3083 manum
1458 3039 1550 3083 suam
1568 3018 1770 3095 sustinuerit,
1794 3038 1857 3081 non
1875 3028 1940 3080 tam
1960 3017 2162 3099 quidmeriti

164 3104 369 3188 ignorantiae
392 3113 596 3186 praetextus:
620 3123 656 3168 ac
679 3103 705 3167 si
730 3103 852 3167 diceret
873 3123 940 3167 non
962 3104 1063 3167 fuisse
1085 3104 1134 3165 in·
1188 3115 1299 3168 essent
1331 3106 1523 3188 respiciens,
1556 3124 1653 3186 quam
1686 3102 1794 3168 locum
1827 3103 1905 3167 dare
1940 3102 2051 3168 volens
2084 3125 2161 3169 suae

165 3189 368 3255 considerate
390 3188 550 3271 abreptos,
573 3189 625 3252 vel
649 3188 800 3271 deceptos
821 3208 940 3264 errore,
963 3188 1020 3252 sod
1043 3188 1135 3269 quasi
1189 3189 1438 3255 misericordiae.
1474 3188 1549 3254 Non
1571 3201 1620 3253 est
1643 3196 1751 3253 autem
1774 3208 1831 3252 cur
1853 3198 2027 3271 propterea
2049 3190 2162 3273 imagi·

165 3275 243 3340 data
264 3296 363 3358 opera
392 3275 514 3358 perfido
547 3273 674 3357 agendo
703 3274 738 3337 in
768 3295 802 3338 sc
833 3294 1025 3355 provocasse
1052 3276 1135 3338 iram
1188 3296 1304 3339 namur
1334 3275 1523 3340 mutabilem
1554 3297 1624 3340 esse
1646 3274 1765 3352 Deum,
1795 3274 1872 3338 dum
1904 3295 1992 3340 nunc
2014 3276 2161 3357 asperius

164 3361 246 3429 Dei:
270 3362 365 3426 sicuti
385 3361 421 3425 in
443 3360 532 3425 hunc
554 3360 652 3424 finem
676 3360 804 3441 aperuit
826 3359 891 3424 illis
909 3359 1001 3424 Deus
1018 3359 1135 3436 oculos,
1187 3381 1247 3425 nos
1274 3362 1422 3445 castigat,
1453 3381 1541 3425 nunc
1569 3361 1705 3426 comiter
1734 3359 1775 3423 ad
1800 3381 1835 3425 se
1858 3360 1976 3424 allicit:
2006 3364 2081 3443 qnia
2103 3383 2160 3443 pro

164 3459 204 3511 ut
226 3446 385 3529 perditam
408 3466 520 3511 eorum
544 3444 702 3509 malitiam
726 3445 872 3527 apertius
894 3444 1075 3528 detegeret,
1099 3465 1136 3509 ao
1187 3447 1433 3528 incomparabili
1456 3467 1515 3513 sua
1537 3447 1697 3529 sapientia
1715 3445 1855 3511 diversis
1870 3445 1974 3511 modis
1992 3449 2161 3529 experitur

163 3534 193 3597 si
216 3533 407 3616 hypocrisin
430 3541 463 3597 et
484 3531 659 3597 blanditias
681 3550 794 3594 eorum
817 3529 1005 3613 discutiens,
1028 3552 1046 3595 e
1069 3532 1136 3595 suis
1187 3553 1264 3597 num
1289 3553 1373 3614 quae
1394 3533 1437 3597 sit
1454 3553 1529 3614 spes
1546 3533 1695 3598 sanandi.
1729 3530 1795 3596 Sed
1815 3532 1891 3596 hinc
1905 3535 2022 3598 crescit
2040 3545 2159 3611 reatus,

165 3618 300 3683 latebris
322 3638 377 3683 eos
402 3618 547 3682 traheret
568 3617 603 3680 in
624 3616 739 3682 lucem.
784 3615 959 3681 Perfidiam
985 3637 1061 3681 vero
1083 3637 1136 3681 no·
1187 3621 1214 3683 si
1245 3638 1352 3699 neque
1382 3619 1541 3683 severitas
1564 3620 1634 3683 eius
1657 3640 1714 3683 uos
1737 3618 1882 3702 corrigit,
1909 3638 2014 3699 neque
2036 3618 2161 3683 emollit

163 3724 282 3770 cussus
309 3704 486 3787 propheta,
516 3705 591 3785 quia
621 3722 727 3784 neque
756 3712 844 3767 recto
873 3702 970 3768 corde
998 3702 1136 3768 confessi
1186 3704 1369 3769 elementia.
1421 3702 1609 3769 Notandum
1640 3714 1750 3769 autem
1782 3716 1840 3781 est,
1871 3701 1956 3786 quod
1983 3703 2074 3768 Deus
2105 3726 2161 3788 pe·

163 3791 286 3854 fuerint
316 3790 460 3873 culpam,
494 3809 599 3871 neque
630 3809 706 3852 vere
737 3787 873 3871 gloriam
904 3788 1136 3870 redemptionis
1186 3791 1327 3872 paruerit
1349 3789 1478 3872 populo,
1504 3809 1636 3855 oausam
1659 3788 1800 3854 adscribi
1821 3790 1891 3853 eius
1913 3789 2163 3871 misericordiae,

163 3874 237 3940 Deo
259 3875 446 3954 tribuerint,
469 3874 549 3939 dicit
566 3893 622 3938 eos
641 3894 694 3938 ore
710 3873 906 3939 blanditosct
922 3874 1031 3957 linqua
1050 3894 1134 3938 mea·
1185 3896 1268 3957 quae
1298 3874 1493 3940 naturaliter
1522 3876 1556 3939 in
1587 3876 1657 3959 ipso
1687 3874 1824 3939 residet:
1855 3885 1893 3937 ut
1921 3876 2062 3939 sciamus
2093 3898 2160 3941 nou

162 3962 236 4026 titos
253 3962 371 4043 faisse,
394 3981 457 4025 non
481 3959 565 4042 quod
588 3958 680 4023 nulla
702 3970 788 4024 esset
811 3960 950 4043 agnitio,
978 3960 1036 4025 sed
1059 3962 1135 4043 quia
1186 3960 1318 4026 aliunde
1340 3962 1439 4025 fuisse
1462 3961 1640 4024 adductum
1664 3970 1702 4024 ut
1725 3974 1791 4023 tam
1814 3979 1995 4043 propensus
2014 3972 2100 4025 esset
2123 3982 2160 4028 ao

163 4048 229 4112 oris
251 4047 407 4112 confessio
436 4045 554 4110 affectu
584 4065 713 4121 carens,
743 4044 929 4110 voluntaria
959 4066 1025 4109 non
1055 4056 1133 4111 erat.
1186 4046 1289 4112 facilis
1317 4044 1358 4110 ad
1388 4045 1528 4110 dandam
1560 4047 1699 4110 veniam.
1745 4046 1848 4109 Porro
1870 4046 1947 4127 quia
1971 4067 2036 4110 non
2059 4050 2159 4112 semel

163 4131 261 4216 Quod
284 4142 399 4196 notatu
423 4129 560 4214 dignum
583 4141 644 4194 est:
669 4131 744 4213 quia
762 4129 840 4197 hinc
862 4131 1046 4214 colligimus
1069 4152 1134 4195 uon
1186 4153 1290 4216 neque
1318 4153 1383 4196 uno
1410 4131 1506 4197 modo
1535 4132 1663 4216 ignovit
1684 4131 1785 4208 Dens,
1817 4130 1896 4197 dicit
1925 4132 2085 4215 propheta
2107 4154 2158 4198 ec-

161 4217 258 4283 modo
281 4239 423 4283 crassam
447 4216 634 4300 hypocrisin
657 4215 835 4281 cavendam
859 4236 944 4297 esse,
966 4218 1022 4281 ubi
1044 4216 1133 4281 aliud
1179 4221 1291 4301 piasse
1317 4217 1526 4298 iniquitaten,
1560 4223 1596 4281 at
1627 4237 1688 4281 aon
1714 4216 1876 4298 perderet:
1909 4218 2026 4282 deinde
2057 4240 2156 4302 quum

163 4302 250 4385 apud
273 4303 420 4368 homines
442 4303 613 4385 profitetur
637 4301 765 4385 lingua,
787 4323 885 4384 quam
908 4304 1037 4367 animus
1060 4324 1134 4367 seu·
1185 4304 1314 4386 saepius
1344 4315 1430 4366 esset
1458 4313 1650 4385 provocatus
1673 4301 1872 4367 avertendae
1894 4304 1962 4368 irae
1984 4325 2063 4369 suae
2094 4326 2158 4368 non

162 4390 239 4453 tiat:
263 4389 320 4454 sed
343 4389 585 4453 simulationem
608 4407 734 4470 qnoque
756 4389 862 4470 magis
884 4388 1054 4466 occultam,
1077 4389 1132 4453 ubi
1185 4390 1299 4457 fecisse
1326 4391 1441 4453 finem:
1474 4397 1638 4472 postremo
1669 4389 1837 4470 mitigasse
1865 4409 1994 4472 poenas,
2025 4410 2066 4453 ne
2090 4390 2161 4473 ipsa

164 4488 254 4540 metu
276 4488 407 4541 coaetus
429 4474 592 4540 serviliter
615 4472 782 4537 blanditur
804 4473 875 4539 Deo
897 4486 1055 4557 peccator,
1079 4475 1133 4558 qui
1185 4477 1347 4560 gravitate
1371 4475 1524 4558 populum
1546 4474 1730 4539 obruerent.

163 4573 274 4624 tamen
292 4560 431 4625 libenter
449 4559 604 4625 iudicium
621 4559 690 4623 eins
707 4559 875 4644 effugeret.
909 4561 1012 4642 Atqui
1030 4563 1134 4624 maior
1269 4562 1321 4627 39.
1345 4559 1404 4647 (Et
1430 4560 1608 4626 recordatus
1637 4558 1703 4645 est.)
1748 4559 1845 4625 Nunc
1868 4560 2004 4624 alteram
2027 4581 2158 4627 causam

161 4666 238 4729 pars
261 4647 323 4710 hod
344 4640 455 4712 morbo
484 4645 662 4710 exitialiter
691 4644 833 4710 laborat:
867 4649 943 4728 quia
974 4647 1048 4710 licet
1072 4646 1134 4710 Dei
1186 4647 1325 4723 adducit,
1356 4645 1440 4729 quod
1469 4646 1592 4711 scilicet
1614 4646 1757 4731 experiri
1780 4645 1924 4710 noluerit
1945 4646 2038 4711 Deus
2061 4649 2161 4713 robur

162 4732 316 4796 maiestas
338 4733 480 4814 aliquam
504 4732 569 4796 illis
592 4731 809 4794 reverentiam
839 4742 1049 4814 extorqueat,
1081 4752 1134 4796 ou·
1185 4754 1280 4799 snum
1312 4744 1425 4797 contra
1459 4731 1606 4797 homines
1640 4741 1759 4795 natura
1791 4733 1896 4796 fluxos
1927 4742 1959 4796 et
1989 4733 2158 4800 evanidos.

161 4827 277 4900 perant
299 4830 409 4882 tamen
433 4818 628 4883 exstinctam
651 4836 721 4880 esse
742 4837 871 4881 omnem
890 4818 995 4882 lucem
1016 4816 1133 4883 doctri·
1185 4818 1408 4901 Loquutionee
1431 4818 1517 4881 enim
1537 4839 1618 4900 quas
1636 4826 1781 4898 usurpat,
1805 4817 2016 4901 fragilitatem
2033 4832 2157 4897 notant,

163 4922 233 4967 nae.
279 4902 389 4983 Quare
413 4904 579 4968 nonsatis
602 4905 938 4968 estanunereverbo
963 4904 1039 4985 Dei,
1071 4903 1133 4967 nisi
1184 4925 1248 4986 qua
1287 4903 1481 4969 miserabilis
1521 4916 1571 4968 est
1603 4903 1773 4967 hominum
1804 4902 1955 4969 conditio.
2013 4904 2156 4970 Carnem

163 4988 296 5054 accedat
317 4991 421 5055 serius
443 4989 597 5068 affectus,
619 5008 680 5052 noe
701 5007 757 5050 cor
776 4999 924 5053 nostrum
949 4988 1068 5072 duplex
1092 4990 1136 5053 sit
1185 5009 1258 5056 cum
1299 4990 1417 5071 spiritu
1452 4990 1657 5071 frequentius
1689 4990 1851 5070 scriptura
1891 4991 2066 5056 committit
2099 5014 2157 5076 per

163 5074 215 5139 vel
239 5073 392 5142 divisum.
436 5072 515 5139 Ideo
543 5072 760 5140 simulationis
790 5094 921 5138 causam
951 5086 984 5138 ot
1010 5076 1132 5139 fontem
1185 5074 1379 5152 antithesin,
1413 5095 1475 5139 non
1504 5073 1600 5139 modo
1627 5075 1683 5139 ubi
1714 5094 1771 5156 per
1800 5095 1930 5140 carnem
1960 5077 2156 5161 intelligitur

163 5161 324 5243 propheta
346 5171 448 5238 notat,
472 5160 558 5243 quod
579 5180 643 5223 non
663 5159 785 5223 fuerint
802 5159 927 5224 stabiles
943 5181 980 5226 ac
996 5181 1135 5227 veraces:
1185 5169 1339 5243 corrupta
1361 5170 1395 5224 et
1416 5162 1536 5224 vitiosa
1559 5174 1685 5233 natura.
1717 5161 1949 5243 perspiritum
1972 5164 2154 5247 integritas,

165 5266 201 5311 ac
223 5247 250 5311 si
274 5247 412 5326 diceret,
439 5246 643 5311 mendacium
673 5256 707 5308 et
736 5245 899 5312 fallaciam
929 5266 1038 5310 coram
1063 5246 1134 5312 Deo
1186 5248 1226 5313 ad
1257 5266 1354 5329 quam
1382 5255 1599 5312 renascuntur
1627 5247 1685 5310 filii
1709 5245 1791 5311 Dei:
1820 5248 1996 5313 sedetiam
2019 5248 2077 5314 ubi
2099 5251 2155 5316 ho·
