4658 5856
167 376 225 444 361
261 434 266 441 .
953 374 1170 443 PSALMUS
1196 375 1363 442 XXXVI.
2087 380 2150 446 362

169 577 201 632 et
230 566 379 633 volentes
407 585 442 629 se
471 563 512 629 ad
541 564 738 648 peccandum
767 563 936 630 obdurent.
988 563 1134 629 'Eandem
1187 565 1342 629 virtutem
1362 585 1398 630 ac
1416 565 1595 648 potentiam
1613 585 1688 631 oum
1706 567 1777 650 pari
1796 566 1919 632 iustitia
1937 567 2150 649 reputandam

168 654 252 716 ratio
296 651 436 727 additur,
481 651 556 732 quia
595 650 661 716 illis
701 649 824 714 malum
859 670 923 715 non
957 649 1134 733 displiceat.
1187 649 1282 714 nobis
1315 671 1395 729 esse,
1439 650 1514 716 licet
1546 650 1706 716 mundum
1739 660 1861 717 temere
1896 654 2020 718 versari
2053 651 2152 719 dictet

168 737 363 802 Voluntaria
392 736 479 800 enim
508 736 647 802 caecitas
670 756 725 800 eos
747 737 948 819 praecipitat,
978 746 1015 801 ut
1037 735 1135 801 scele-
1187 736 1294 799 carnis
1317 756 1444 802 sensus.
1489 736 1676 801 Bonitatem
1700 737 1762 802 Dei
1781 758 1883 820 usque
1901 738 1941 802 ad
1959 738 2064 803 coelos
2081 759 2152 804 esse

169 822 257 888 ribus
280 823 367 887 ultro
388 841 422 886 sc
444 822 638 904 mancipent.
682 820 754 886 Iam
777 822 870 887 nobis
887 831 1035 887 occurrat
1052 821 1136 885 anti·
1188 820 1307 904 dicens,
1352 821 1524 887 altitudine
1560 822 1665 888 coelos
1698 824 1785 906 ipsos
1817 844 1955 906 aequare
1988 823 2149 908 intelligit.

168 909 271 974 thesis
303 909 390 972 inter
422 906 576 990 reprobos
598 916 631 972 et
652 907 781 972 fideles:
814 907 860 970 illi
883 928 918 971 se
941 908 1028 989 ipsos
1047 907 1136 972 falsis
1187 906 1312 971 Eadem
1342 909 1469 971 ratione
1497 907 1647 992 adiungit
1676 909 1845 973 veritatem
1875 911 1944 974 eius
1965 909 2151 993 pertingere

168 991 410 1059 adulationibus
439 992 619 1074 decipiunt,
652 991 686 1056 hi
714 1014 793 1056 vero
815 992 922 1057 severi
944 993 979 1055 in
1002 1012 1036 1058 se
1058 1000 1136 1058 sunt
1186 1013 1289 1075 usque
1318 991 1358 1056 ad
1388 991 1499 1058 nubes.
1544 993 1647 1057 Porro
1675 997 1796 1058 veritas
1824 995 1884 1060 hoc
1913 994 1983 1060 loco
2012 995 2064 1058 vel
2094 1017 2150 1077 pro
2266 1004 2270 1017 '

168 1100 333 1145 censores:
368 1078 417 1142 illi
450 1077 535 1142 laxis
564 1077 701 1143 habenis
723 1079 757 1140 in
780 1077 861 1143 vitia
882 1077 1064 1160 rapiuntur,
1102 1077 1136 1141 hi
1186 1077 1250 1143 fide
1268 1079 1424 1162 accipitur
1441 1098 1537 1160 quam
1556 1077 1648 1144 Deus
1665 1079 1698 1143 in
1718 1080 1786 1144 suis
1805 1080 1973 1162 promissis
1993 1091 2149 1162 praestat:

167 1164 359 1231 cohibentur
381 1164 493 1228 fraeno
515 1163 641 1228 timoris
659 1164 738 1229 Dei:
762 1163 810 1227 illi
832 1163 958 1228 cavillis
979 1162 1137 1248 obtegunt
1186 1162 1239 1229 vel
1268 1185 1327 1246 pro
1357 1164 1442 1229 iusto
1464 1173 1719 1246 temperamento
1747 1165 1782 1228 in
1806 1185 1868 1247 quo
1890 1165 2012 1248 liquida
2035 1175 2066 1229 et
2088 1167 2150 1231 mi·

169 1249 219 1314 vel
249 1252 362 1316 fucant
390 1270 449 1315 sua
478 1247 603 1326 delicta,
634 1258 666 1314 et
695 1250 801 1314 lucem
830 1250 864 1313 in
888 1250 1039 1315 tenebras
1060 1271 1136 1314 oon·
1187 1249 1275 1313 nime
1304 1248 1404 1313 fallax
1434 1249 1594 1315 rectitudo
1626 1251 1696 1314 eius
1723 1251 1925 1333 perspicitur.
1971 1249 2038 1318 Sed
2064 1272 2151 1316 oom-

168 1343 320 1413 vertunt,
342 1335 377 1398 hi
399 1354 479 1400 vero
501 1333 640 1400 libenter
662 1344 843 1418 agnoscunt
865 1355 899 1399 se
922 1355 1081 1417 peccasse,
1104 1344 1136 1398 ct
1186 1333 1297 1416 plures
1326 1333 1382 1399 alii
1411 1334 1472 1401 loci
1495 1334 1534 1398 ad
1559 1337 1787 1416 promissiones
1813 1336 1936 1401 referre
1957 1345 2086 1421 cogunt,
2116 1339 2149 1402 in

167 1423 311 1504 ingenua
337 1419 538 1487 confessione
558 1419 599 1483 ad
624 1420 857 1502 poenitentiam
886 1441 921 1485 se
943 1420 1133 1484 hortantur:
1186 1420 1304 1501 quibus
1336 1421 1505 1485 servandis
1538 1420 1678 1485 fideliter
1709 1421 1770 1485 sibi
1803 1429 1931 1486 constat
1960 1422 2062 1486 Dens.
2107 1423 2151 1487 Ilt

168 1506 216 1571 illi
244 1507 418 1590 repudiant
449 1525 565 1570 sanum
594 1526 689 1571 omne
718 1506 890 1584 iudicium,
922 1504 957 1569 hi
986 1506 1136 1570 advitae
1186 1505 1334 1587 sequitur
1352 1507 1448 1571 etiam
1467 1505 1621 1571 continuo
1637 1515 1710 1589 post
1727 1507 2033 1592 institiaeelogium,
2052 1528 2151 1590 quam

167 1593 272 1658 lucem
303 1610 468 1674 emergere
495 1610 622 1673 semper
645 1591 800 1673 cupiunt:
834 1591 882 1655 illi
911 1613 1009 1674 super
1031 1591 1136 1656 cubile
1187 1591 1323 1656 excelsis
1345 1591 1511 1656 montibus
1533 1600 1699 1676 comparat
1724 1591 1857 1676 (scimus
1879 1594 1967 1657 enim
1989 1593 2151 1659 Hebraeis

168 1679 357 1762 excogitant
378 1677 488 1741 varios
510 1675 662 1758 peccandi
681 1674 809 1755 modos,
832 1676 867 1741 hi
885 1677 998 1742 scdulo
1016 1676 1145 1763 intenti
1187 1675 1336 1741 divinum
1359 1677 1469 1741 vocari
1501 1676 1654 1760 quidquid
1683 1677 1825 1763 excellit)
1847 1679 1923 1760 quia
1945 1677 2011 1743 illic
2031 1678 2151 1744 clarius

168 1774 305 1828 suntne
323 1763 385 1828 sibi
402 1759 556 1846 peccandi
578 1761 787 1844 cupiditatem
805 1770 987 1827 accersant:
1008 1761 1136 1827 illialte
1187 1762 1327 1846 refulget
1356 1763 1425 1827 eius
1453 1762 1567 1846 gloria.
1624 1764 1795 1829 Postremo
1826 1763 1911 1840 dicit,
1940 1762 2059 1828 indicia
2087 1764 2151 1829 Dei

168 1871 203 1914 so
225 1848 420 1933 demergunt
447 1847 482 1911 in
504 1846 567 1912 Dei
588 1856 793 1930 contemptu,
822 1848 957 1913 bivero
979 1849 1014 1913 in
1037 1846 1135 1913 malo
1187 1850 1316 1931 magnis
1348 1859 1381 1913 et
1413 1847 1583 1931 profundis
1617 1849 1744 1933 abyssis
1772 1848 1892 1914 similia
1913 1870 1998 1914 esse:
2032 1850 2151 1931 quibus

168 1956 241 1999 rum
264 1953 397 1999 suorum
419 1931 626 2015 displicentia
648 1931 787 1998 libenter
809 1953 880 1999 sese
900 1942 1063 2000 exercent.
1188 1933 1297 1999 verbis
1327 1933 1490 2010 admonet,
1521 1954 1713 2016 quocunque
1742 1942 1909 1999 vertamus
1932 1934 2048 2012 oculos,
2078 1955 2150 2000 sur·

1189 2038 1261 2084 sum
1284 2027 1318 2083 et
1347 2020 1496 2083 deorsum
1526 2020 1612 2084 iusto
1640 2018 1705 2082 Dei
1731 2018 1851 2084 iudicio
1881 2021 1990 2084 omnia
2012 2019 2150 2102 disponi.

254 2104 285 2170 6.
308 2102 495 2182 laborasti
510 2103 607 2169 coeloe
623 2103 843 2169 misericordia
860 2107 925 2183 tuo,
946 2104 1064 2170 veritos
1080 2108 1136 2168 tuo
1189 2102 1281 2169 Solet
1307 2105 1342 2168 in
1371 2104 1535 2169 diversum
1568 2125 1698 2170 sensum
1728 2105 1820 2169 citari
1851 2104 1904 2170 hio
1931 2105 2028 2183 locus,
2066 2105 2151 2187 quod

167 2209 265 2270 toque
286 2191 329 2256 ad
349 2190 455 2254 cubes.
500 2189 528 2253 l.
542 2189 684 2254 ‚Iustitia
705 2194 761 2255 tuo
782 2190 862 2254 sicut
883 2195 999 2255 amnica
1019 2187 1135 2274 Bw),
1187 2189 1311 2255 scilicet
1328 2188 1448 2255 iudicia
1465 2189 1529 2254 Dei
1547 2198 1680 2273 captum
1703 2197 1851 2256 nostrum
1869 2191 1966 2274 longe
1985 2202 2148 2273 superent,

167 2275 288 2340 iudicio
318 2280 375 2341 tuo
408 2275 540 2358 abusam
570 2294 702 2358 mopso:
733 2274 884 2338 hommem
913 2280 940 2340 et
967 2277 1136 2340 iumentum
1188 2275 1316 2358 sintque
1337 2277 1442 2359 magis
1464 2275 1655 2340 abscondita
1676 2295 1774 2357 qnam
1798 2286 1834 2340 ut
1856 2296 1966 2340 eorum
1990 2277 2073 2341 ratio
2095 2297 2150 2361 ap·

167 2381 273 2426 aewos
295 2359 419 2426 chooa.
464 2360 494 2426 8.
520 2360 621 2441 Quom
643 2360 786 2440 precoro
807 2358 929 2426 bonitas
950 2365 1005 2425 tuo
1027 2359 1137 2426 Daci
1187 2359 1421 2445 prehendatur,
1461 2381 1521 2426 nec
1560 2362 1669 2444 inepte
1708 2360 1773 2426 huc
1813 2370 1943 2442 aptatur
1975 2361 2151 2428 similitudo

168 2447 273 2529 itaque
291 2445 354 2526 fitia·
381 2446 540 2513 bominum
562 2447 597 2510 io
617 2443 731 2510 umbro
752 2445 878 2510 olorum
899 2451 1026 2511 tucrum
1043 2447 1134 2527 confi·
1188 2445 1308 2529 abyssi.
1359 2446 1476 2511 Latius
1505 2457 1614 2511 tamen
1647 2454 1758 2529 patere
1779 2444 1918 2511 Davidis
1940 2447 2040 2512 verba
2061 2448 2151 2514 colli·

168 2532 247 2597 deut.
291 2531 322 2597 9.
344 2530 579 2598 caecantur
594 2531 790 2614 pinyucdiue
806 2530 918 2596 domus
934 2537 1013 2611 tuoe,
1035 2532 1135 2612 efflu-
1188 2532 1277 2614 gitur
1302 2553 1343 2595 ex
1371 2538 1538 2608 contextu,
1566 2552 1683 2614 nempe
1712 2531 1922 2614 quantumvis
1945 2553 2064 2616 magna
2085 2552 2150 2598 sce·

168 2619 217 2680 oio
243 2616 426 2683 ddieiorum
454 2621 581 2682 taonem
602 2615 728 2700 potabis
755 2636 815 2682 eos.
860 2619 910 2682 10.
944 2617 1027 2699 Quia
1048 2619 1135 2698 opud
1188 2617 1293 2680 lerum
1322 2616 1459 2701 abyssus
1487 2617 1575 2682 inter
1601 2617 1751 2682 homines
1781 2616 1935 2694 exundet,
1964 2627 2150 2700 terramque

168 2708 195 2767 te
215 2707 261 2768 est
279 2703 351 2783 foca
371 2705 460 2780 vitoe,
484 2706 512 2766 ct
533 2704 567 2767 iu
588 2701 705 2766 lumine
725 2706 776 2766 tuo
796 2702 949 2768 uidebitur
970 2702 1082 2768 lumen.
1188 2700 1313 2780 obruat,
1334 2703 1489 2767 maiorem
1511 2711 1623 2768 tamen
1644 2722 1716 2767 esse
1733 2702 1956 2784 providentiae
1973 2701 2037 2769 Dei
2055 2704 2151 2788 abys-

212 2846 214 2850 ,
323 2854 325 2859 ,
1189 2809 1271 2866 sum,
1303 2795 1339 2852 ut
1361 2789 1446 2853 iuste
1469 2789 1577 2853 omnia
1600 2789 1824 2871 dispensatae
1847 2796 2016 2871 temperet.
2060 2790 2150 2870 Quo·

253 2873 283 2938 6.
312 2871 449 2958 (chooo,
479 2873 522 2939 od
549 2871 654 2952 coelos,
681 2871 747 2959 ac.)
791 2872 913 2938 Putant
941 2873 1136 2956 interpretes
1188 2875 1250 2939 ties
1283 2894 1360 2957 ergo
1393 2874 1427 2937 in
1460 2893 1555 2939 caeca
1587 2882 1620 2939 et
1652 2873 1789 2939 obscura
1820 2875 1991 2940 iactatione
2019 2875 2152 2939 vacillat

169 2967 337 3041 postquam
368 2959 518 3041 exposuit
547 2956 658 3022 David
675 2966 802 3041 quanta
824 2960 945 3041 passim
968 2969 1136 3044 grassetur
1188 2958 1269 3024 fides
1287 2967 1409 3038 nostra,
1430 2960 1544 3024 veniat
1561 2959 1653 3024 nobis
1670 2960 1705 3023 in
1724 2966 1876 3036 mentem,
1898 2960 1930 3023 in
1950 2968 2020 3024 tota
2036 2961 2152 3026 mundi

167 3047 201 3107 in
224 3044 345 3109 mundo
376 3044 539 3126 corruptio
568 3053 601 3108 et
631 3045 842 3128 perversitas,
870 3047 1036 3110 occasione
1058 3044 1136 3110 hino
1188 3043 1421 3129 gubernatione
1455 3044 1574 3109 iudicia
1613 3043 1676 3109 Dei
1712 3044 1829 3108 merito
1861 3045 2000 3109 conferri
2033 3046 2151 3130 abysso

168 3140 299 3212 sumpta
331 3150 541 3212 prorumpere
584 3128 619 3190 in
652 3127 901 3193 admirationem
936 3127 1135 3195 incredibilis
1188 3151 1271 3212 quae
1299 3129 1423 3194 coelum
1453 3140 1486 3193 et
1518 3138 1640 3194 terram
1669 3129 1783 3211 implet
1814 3138 1909 3210 atque
1939 3140 2080 3212 occupat,
2113 3141 2152 3196 ut
2262 3153 2266 3160 ·

167 3216 344 3297 patientiae
373 3214 446 3292 Dei,
477 3213 560 3296 quod
592 3214 773 3278 humanum
796 3236 899 3297 genus
922 3224 1014 3279 tanta
1035 3215 1134 3280 scele·
1187 3216 1347 3279 immensa
1375 3235 1434 3278 sua
1462 3214 1677 3298 amplitudine
1705 3235 1799 3280 curas
1827 3234 1939 3278 omnes
1967 3225 2096 3281 nostras
2118 3226 2151 3281 et

168 3321 241 3365 rum
263 3300 401 3366 colluvie
426 3300 581 3364 refertum
611 3298 723 3363 favore
745 3311 778 3364 et
811 3300 1037 3365 benevolentia
1058 3320 1133 3382 pro·
1186 3299 1352 3364 molestias
1370 3298 1538 3383 deglutiat.
1576 3298 1673 3379 Quod
1691 3298 1781 3364 addit
1797 3300 1833 3363 in
1852 3301 1918 3363 fine
1936 3320 2058 3380 versus,
2082 3310 2150 3366 tam

169 3386 261 3470 sequi
283 3407 349 3450 non
372 3384 507 3450 desinat.
550 3384 623 3468 Ego
646 3405 724 3448 vero
745 3405 850 3467 nuper
872 3385 941 3449 dixi
963 3407 1015 3450 me
1036 3384 1134 3467 paulo
1185 3386 1331 3450 iumenta
1353 3406 1450 3467 quam
1472 3385 1622 3450 hominos
1643 3407 1663 3450 a
1684 3384 1756 3450 Deo
1773 3386 1911 3451 servari:
1935 3385 1999 3451 huc
2017 3396 2150 3469 spectat,

169 3470 264 3536 aliter
285 3472 416 3537 sentire.
462 3470 626 3553 Propheta
647 3469 735 3534 euim
753 3470 811 3535 ubi
829 3470 869 3535 de
886 3491 1015 3536 summa
1031 3470 1135 3535 homi·
1185 3491 1285 3554 quum
1308 3469 1399 3535 Deus
1430 3470 1470 3535 ad
1501 3470 1595 3536 bruta
1622 3493 1725 3553 usque
1747 3471 1903 3536 animalia
1923 3491 2033 3536 curam
2057 3493 2150 3539 suam

168 3578 247 3621 num
275 3556 436 3639 pravitate
464 3555 624 3634 disseruit,
657 3575 699 3619 ne
728 3555 797 3638 ipse
826 3576 952 3638 quoque
977 3567 1134 3639 tanquam
1186 3556 1339 3640 dignetur
1372 3556 1556 3632 extendere,
1589 3557 1692 3621 multo
1726 3557 1830 3640 magis
1863 3578 1935 3621 eum
1968 3559 2151 3640 prospicere

169 3641 288 3707 diluvii
314 3643 438 3724 impetu
466 3641 619 3724 abreptus
648 3640 785 3719 deficiat,
815 3662 850 3707 se
871 3642 980 3726 ipsum
1003 3642 1134 3726 colligit.
1185 3643 1282 3707 rebus
1315 3641 1477 3707 humanis.
1527 3642 1573 3707 Et
1605 3664 1684 3707 sane
1716 3642 1841 3725 quoties
1871 3642 1910 3707 de
1942 3643 2150 3724 providentia

170 3726 226 3792 Sic
248 3727 336 3793 enim
366 3728 433 3792 fere
462 3726 653 3791 damnamus
675 3727 800 3810 impios,
831 3737 868 3791 nt
897 3748 931 3792 se
954 3730 987 3792 in
1010 3729 1135 3793 aninros
1184 3727 1248 3793 Dei
1270 3728 1396 3810 obrepit
1418 3727 1586 3807 dubitatio,
1608 3727 1758 3813 clypeum
1781 3727 1870 3792 hunc
1891 3747 2054 3810 opponere
2077 3747 2151 3792 con·

170 3818 299 3878 nostros
327 3812 470 3878 insinuet
499 3811 663 3896 contagio:
692 3831 729 3876 ao
750 3813 808 3876 vix
830 3812 1026 3878 centesimus
1048 3814 1135 3896 quis·
1185 3813 1286 3878 venit.
1330 3813 1418 3877 Fieri
1442 3833 1508 3876 non
1531 3833 1626 3895 posse
1648 3823 1685 3876 ut
1706 3812 1796 3876 Deus
1818 3813 1873 3894 qui
1895 3813 2064 3894 pecoribus
2090 3813 2150 3877 ali-

171 3919 233 3981 que
250 3918 371 3982 purum
390 3919 425 3963 se
443 3911 475 3961 et
492 3896 653 3962 illibatum
675 3897 710 3960 in
730 3919 808 3962 vera
823 3898 1135 3981 pictatcconservat,
1185 3906 1296 3963 menta
1325 3896 1516 3980 suppeditat,
1547 3908 1720 3980 tueturque
1742 3899 1776 3960 in
1797 3918 1855 3963 suo
1876 3905 1973 3973 statu,
2004 3898 2150 3983 negligat

170 3991 344 4066 postquam
362 3982 402 4047 de
420 3984 558 4047 aliorum
577 3982 703 4048 malitia
722 3993 916 4065 conquestus
927 3993 987 4049 est.
1011 3983 1136 4050 Sensus
1185 3983 1365 4049 humanum
1395 4003 1507 4067 genus.
1551 3983 1635 4047 Nam
1664 3980 1750 4065 quod
1779 3983 1925 4047 iumenta
1952 3983 2081 4064 quidam
2110 3984 2150 4051 de
2215 4037 2220 4047 .

171 4089 249 4153 ergo
271 4079 336 4135 est:
366 4066 527 4150 Quamvis
549 4067 652 4134 tristis
671 4078 704 4135 et
726 4068 889 4133 horrenda
910 4071 1057 4134 confusio
1079 4090 1135 4151 ap·
1187 4069 1336 4136 belluinis
1362 4066 1547 4134 hominibus
1582 4068 1753 4152 allegorice
1782 4074 1957 4151 exponunt,
1991 4076 2150 4151 tanquam

170 4168 294 4237 pareat,
323 4176 406 4237 quae
436 4154 538 4218 instar
568 4155 652 4218 vasti
675 4154 815 4239 gurgitis
837 4154 1008 4220 absorbere
1029 4164 1136 4237 posset
1186 4155 1284 4219 nimis
1306 4161 1450 4220 coactum
1472 4152 1615 4237 repudio.

170 4241 242 4323 pias
259 4251 396 4318 mentes,
414 4238 578 4305 Davidem
597 4239 808 4305 nihilominus
821 4239 1135 4305 statueremundum
1271 4239 1301 4304 8.
1324 4239 1441 4324 (Quom
1464 4239 1604 4321 pretiosa
1631 4243 1676 4305 eat
1703 4239 1824 4304 taum
1851 4238 1930 4326 tuo.)
1973 4238 2069 4320 Quod
2092 4262 2149 4304 ex·

171 4327 307 4408 plenum
329 4346 399 4391 esse
421 4326 481 4389 Dei
505 4325 646 4390 bonitate
670 4343 707 4389 ao
728 4325 862 4403 iustitia,
886 4337 918 4391 et
939 4326 1062 4409 optima
1084 4345 1135 4389 ae·
1185 4332 1314 4410 ponunt
1342 4323 1474 4407 quidam
1497 4326 1674 4408 pretiosam
1696 4345 1766 4390 esse
1787 4325 1992 4390 clementiam
2015 4326 2087 4403 Dei,
2116 4337 2150 4391 et

171 4412 295 4494 quitata
323 4411 448 4476 eoelum
477 4417 511 4474 et
540 4418 660 4475 terram
692 4409 732 4476 ad
761 4411 832 4495 ipso
860 4412 952 4492 regi..
983 4411 1027 4475 Et
1048 4420 1135 4477 certe
1184 4410 1345 4494 pretiosos
1377 4410 1434 4492 qni
1466 4409 1501 4474 in
1533 4430 1572 4475 ea
1604 4409 1772 4475 confidunt
1804 4411 1971 4475 hominnm
2006 4410 2097 4487 filios,
2130 4432 2150 4475 a

172 4498 299 4579 quoties
321 4498 446 4562 animos
477 4502 606 4560 nostros
627 4496 771 4561 concutit
792 4517 829 4562 ac
851 4496 1000 4580 percellit
1020 4495 1134 4560 mnndi
1185 4497 1294 4562 verbis
1322 4503 1485 4560 remotum
1508 4502 1565 4560 est.
1609 4495 1716 4560 Nimis
1739 4496 1835 4560 etiam
1859 4508 1975 4580 argute
1997 4495 2147 4578 quidam:

172 4584 345 4666 corruptio,
374 4579 556 4647 cavendum
579 4590 628 4645 est
650 4603 698 4645 nc·
712 4602 826 4647 sensus
849 4595 958 4647 noster
980 4582 1135 4646 subsistat
1186 4581 1248 4646 diis
1270 4580 1330 4645 hoc
1352 4588 1402 4645 est
1424 4581 1550 4664 angelis
1572 4590 1605 4646 et
1626 4582 1702 4647 filiis
1718 4581 1888 4646 bominum
1906 4582 2060 4646 eximiam
2078 4602 2149 4646 esse

171 4669 206 4733 in
233 4669 402 4734 hominum
431 4665 556 4731 malitia
585 4667 638 4747 qui
661 4667 799 4732 miscent
822 4668 929 4732 omnia
950 4688 988 4731 ac
1008 4682 1135 4750 pertur·
1186 4667 1249 4731 Dei
1279 4666 1491 4731 clementiam.
1536 4668 1581 4732 Et
1601 4669 1701 4731 miror
1729 4667 1881 4731 rabbinos
1909 4668 1955 4730 ita
1977 4687 2148 4749 perperam

172 4755 261 4819 bant.
305 4752 374 4820 Sed
396 4755 428 4817 in
452 4753 513 4817 hac
536 4751 722 4816 turbulenta
739 4752 876 4835 caligine
894 4752 1052 4818 occultam
1071 4751 1135 4817 Dei
1186 4752 1304 4817 sudare
1325 4752 1359 4816 in
1384 4751 1578 4817 fabricandis
1598 4755 1799 4832 commentis,
1822 4773 1919 4835 quum
1939 4773 1998 4834 per
2015 4773 2050 4816 se
2068 4751 2149 4816 diln-

172 4838 410 4922 providentiam
439 4837 602 4920 suspicere
623 4837 785 4902 convenit.
830 4838 1003 4904 Caeterum
1027 4837 1135 4903 David
1186 4836 1276 4904 cidus
1297 4837 1341 4903 sit
1368 4837 1546 4920 prophetae
1576 4860 1699 4915 sensus,
1728 4859 1843 4920 nempe
1865 4839 1943 4920 qnia
1964 4838 2094 4902 excellit
2115 4852 2148 4903 et

173 4928 225 4991 hic
243 4938 383 5008 quatuor
400 4924 591 5008 praecipuas
602 4922 665 4986 Dei
685 4922 824 4987 virtutes
835 4945 893 5006 per
912 4921 1136 5009 synecdochen
1186 4945 1221 4988 se
1245 4923 1414 5006 magnifice
1436 4923 1558 5005 profert
1580 4923 1644 4988 Dei
1666 4923 1894 5003 misericordia,
1925 4921 1998 4986 ideo
2019 4923 2054 4987 in
2077 4944 2148 4987 um·

173 5024 350 5088 enumerat,
369 5010 556 5094 significans
574 5009 609 5071 in
627 5028 764 5086 summa,
786 5009 1055 5074 inaestimabilem
1072 5009 1137 5074 Dei
1188 5010 1246 5074 bra
1278 5011 1347 5073 eius
1380 5008 1542 5073 confidere
1575 5010 1659 5073 filios
1693 5009 1872 5072 hominum.
1928 5008 2015 5073 Nam
2047 5030 2149 5092 quum

1188 5104 1323 5160 eatenus
1343 5092 1406 5157 Dei
1429 5093 1605 5158 bonitatem
1622 5093 1804 5158 laudaverit
1823 5093 1940 5171 David,
1961 5115 2095 5177 quaese
2113 5096 2148 5159 in

242 5218 271 5285 a)
287 5230 390 5270 comme
406 5214 503 5268 hm,
519 5222 686 5282 mmm,
704 5227 739 5265 m
756 5227 865 5280 mm„
883 5213 961 5277 Heu,
979 5219 1137 5282 monugncc
1189 5200 1302 5246 omnes
1324 5187 1488 5245 creaturas
1517 5180 1678 5256 diffundit,
1711 5188 1798 5245 recte
1820 5178 1905 5263 (meo
1927 5179 2056 5266 iudicio)
2078 5202 2148 5247 sen·

172 5287 206 5340 de
227 5286 303 5340 Dian.
1190 5266 1277 5331 tiunt
1309 5265 1374 5342 alii,
1406 5264 1461 5330 hic
1493 5266 1545 5348 agi
1578 5264 1618 5330 de
1650 5263 1804 5349 peculiari
1834 5267 1945 5330 favore
1973 5286 2037 5348 quo
2066 5268 2148 5331 filios
