4658 5856
170 354 233 420 ‘149
848 365 850 368 ’
957 353 1175 422 Psthatus
1198 353 1364 423 LXXIX.
2096 355 2159 423 750

168 544 232 608 nisi
265 551 422 626 quantum
457 543 546 608 Deus
579 544 780 627 permiserit:
818 564 858 609 ex
891 545 953 608 hoc
975 543 1135 627 principio
1189 543 1369 623 induerint,
1391 553 1424 608 et
1446 545 1565 609 omisso
1586 544 1637 609 sui
1661 552 1819 628 respectu,
1831 565 1942 611 euram
1955 547 2158 628 susceperint
2201 553 2206 565 “

168 629 263 695 facile
293 630 539 707 ratiocinantur,
574 630 628 693 ubi
662 640 790 693 tantum
819 630 968 695 licentiae
990 628 1137 695 concedit
1189 629 1289 694 totius
1309 627 1479 694 eeclesiae:
1512 629 1579 694 imo
1600 629 1770 695 Christum
1793 631 1949 697 eeclesiae
1970 645 2069 713 caput
2091 643 2157 697 sta·

169 714 313 797 profanis
347 715 502 792 hostibus,
536 716 656 779 iratum
688 737 759 780 esse
792 725 825 780 et
846 716 1022 780 infensum.
1067 715 1136 780 Nec
1189 716 1313 779 tuerint
1333 714 1396 779 eibi
1417 725 1492 779 ante
1512 716 1635 781 oculos:
1654 725 1818 800 postremo
1836 717 2158 800 nisiquipraeeunte

170 801 396 865 vernaliterse
409 800 472 865 Dei
493 801 616 865 auxilio
639 801 750 865 salvos
771 812 941 883 sperarent
963 803 1047 866 fore:
1061 802 1136 883 quia
1188 801 1305 884 spiritu
1328 802 1455 864 animos
1477 821 1553 866 suos
1576 803 1754 867 extulerint
1775 803 1816 868 ad
1839 803 1902 867 Dei
1925 801 2091 880 iudicium,
2122 815 2159 869 ut

167 885 312 950 eiusdem
326 896 376 950 est
387 906 590 968 compescere
601 887 656 969 qui
669 886 819 951 fraenum
832 887 931 963 laxat,
943 887 1136 969 praesertim
1187 887 1292 970 parati
1315 886 1357 951 ad
1378 886 1626 970 ignoscendum,
1649 910 1714 953 non
1736 888 1845 952 hostes
1868 887 2035 971 quoslibet,
2054 891 2159 972 aqui·

168 991 245 1036 vero
275 973 330 1036 ubi
361 993 419 1036 nos
444 974 591 1054 coarguit
619 973 751 1053 propria
777 974 984 1049 conscientia,
1008 974 1136 1055 quoties
1189 973 1248 1037 bus
1270 971 1385 1037 offensi
1407 981 1495 1052 sunt,
1516 973 1573 1037 sed
1596 972 1680 1039 solos
1703 974 1856 1055 reprobos
1878 975 1975 1039 morti
1994 974 2157 1042 addicant.

166 1077 227 1121 nos
248 1057 388 1140 flagellis
409 1059 478 1122 suis
500 1058 574 1122 ferit
595 1056 695 1129 Deus.
719 1057 760 1122 ad
783 1077 916 1122 manum
939 1061 1009 1123 eius
1031 1068 1135 1122 attan·
1186 1058 1361 1140 Numqui,
1391 1068 1565 1139 autequam
1597 1080 1671 1142 spes
1701 1059 1944 1141 resipiscentiae
1973 1060 2156 1138 sitablata,
2262 1064 2265 1070 '

165 1142 243 1207 dere
265 1143 429 1208 convenit.
474 1143 542 1209 Nec
564 1164 642 1208 vero
664 1144 774 1208 Deum
798 1143 939 1207 iniustae
962 1145 1031 1208 irae
1054 1144 1135 1209 insi·
1187 1142 1228 1206 ad
1250 1163 1389 1225 poenam
1412 1144 1579 1222 festinant,
1602 1166 1656 1209 eos
1679 1147 1878 1226 praeposteri
1899 1144 1958 1209 aeli
1989 1144 2157 1211 damnavit

165 1228 300 1306 molant,
324 1229 380 1293 sed
404 1230 521 1293 merito
544 1251 580 1293 se
601 1229 699 1310 plecti
717 1240 906 1312 agnoscunt.
939 1230 1013 1294 Etsi
1025 1240 1136 1295 autem
1187 1228 1341 1293 Christus
1379 1228 1439 1294 hac
1473 1250 1563 1295 voce:
1602 1229 1744 1295 Nescitis
1780 1230 1874 1295 euius
1907 1231 2041 1313 spiritus
2075 1233 2156 1315 sitis,

165 1335 294 1397 semper
322 1315 425 1378 iustas
453 1315 488 1378 in
518 1314 621 1379 servis
651 1316 718 1378 suis
740 1335 857 1380 causas
879 1317 1019 1398 reperiet
1043 1315 1135 1381 Deus
1186 1315 1269 1379 Luc.
1301 1318 1330 1391 9,
1364 1314 1417 1379 55.
1472 1315 1567 1379 Adde
1601 1315 1685 1398 quod
1719 1336 1785 1379 non
1818 1315 2009 1398 simpliciter
2048 1317 2157 1401 impiis

165 1421 224 1466 cur
245 1423 300 1465 eos
322 1400 469 1482 castiget,
492 1420 589 1481 saepe
611 1409 720 1463 tamen
743 1421 801 1483 pro
832 1422 891 1465 sua
922 1400 1134 1484 indulgentia,
1187 1399 1342 1465 ccclesiae
1373 1401 1662 1483 persequutoribus
1691 1401 1803 1466 fideles
1825 1400 2002 1483 perniciem
2025 1402 2079 1465 hio
2100 1425 2156 1488 op·

165 1505 278 1550 eorum
308 1484 437 1551 delictis
466 1506 610 1567 parcens,
638 1485 739 1549 alium
769 1487 805 1549 in
832 1487 934 1551 finem
963 1506 1058 1552 cruce
1081 1509 1135 1553 eos
1186 1497 1275 1550 tant:
1308 1485 1365 1550 sed
1399 1495 1498 1568 prout
1537 1486 1601 1551 illis
1634 1486 1840 1551 familiariter
1868 1509 1942 1551 eum
1966 1486 2037 1550 Deo
2059 1509 2157 1573 agere
2266 1498 2269 1503 '

165 1581 303 1647 exercet,
328 1571 425 1637 sicuti
448 1571 584 1653 probare
608 1571 712 1635 voluit
734 1572 925 1654 patientiam
948 1571 1018 1655 Iob,
1052 1593 1136 1638 mer·
1185 1571 1383 1646 conceditur,
1402 1573 1436 1635 in
1453 1572 1541 1637 huuc
1557 1571 1688 1636 modum
1701 1572 1936 1638 ratiocinantur
1948 1572 1989 1635 ab
2000 1573 2154 1639 absurdo:

165 1667 255 1741 tyres
288 1677 366 1722 vero
400 1656 581 1721 honorifica
613 1656 731 1721 militia
772 1655 924 1741 dignatus
957 1671 1015 1723 est.
1068 1657 1134 1724 Sed
1186 1656 1254 1737 Qui
1276 1658 1314 1721 fit
1336 1659 1487 1735 Domine,
1511 1672 1547 1722 ut
1569 1670 1636 1724 tam
1659 1658 1783 1722 duriter
1805 1679 1864 1722 nos
1893 1659 2030 1741 affligas,
2057 1680 2156 1742 super

165 1742 306 1825 populus
330 1742 383 1806 hic
404 1754 520 1824 sponte
542 1741 581 1807 ad
605 1743 669 1807 Dei
693 1742 835 1807 tribunal
859 1764 894 1808 se
915 1744 1030 1826 citans,
1053 1765 1135 1827 quas
1186 1765 1267 1824 quos
1289 1744 1461 1808 invocatur
1483 1765 1603 1808 nomen
1625 1755 1736 1808 tuum:
1770 1744 1924 1827 gentibus
1947 1753 2055 1808 autem
2078 1765 2153 1826 pro-

166 1826 305 1892 sustinet
336 1828 540 1893 calamitates
572 1830 712 1912 peccatis
745 1829 813 1893 suis
852 1830 1007 1912 imputat,
1047 1830 1134 1895 unde
1185 1829 1271 1894 fanis
1293 1850 1374 1911 quae
1396 1840 1429 1894 te
1451 1840 1621 1912 spernunt,
1644 1827 1835 1912 indulgeas?
1860 1829 2008 1911 Denique
2030 1831 2155 1912 signifi·

162 1913 340 1995 probabilis
369 1918 555 1979 coniectura
584 1916 669 1980 sumi
700 1926 817 1998 potest,
850 1925 995 1996 tempore
1025 1915 1134 1980 exsilii
1186 1924 1262 1980 eant
1284 1915 1370 1990 alibi,
1392 1916 1471 1980 satis
1493 1916 1635 1997 amplam
1664 1934 1736 1979 esee
1758 1914 1830 1978 Deo
1860 1915 2029 1978 materiam
2060 1938 2153 1981 excr-

164 1997 348 2081 babylonioi
377 2001 591 2080 compositum
622 2002 722 2064 fuisse
750 2000 935 2064 Psalmum:
966 2000 1044 2082 quia
1072 2001 1135 2065 sub
1186 2000 1307 2064 candae
1338 2000 1414 2075 irae,
1446 2002 1522 2084 quia
1555 2022 1619 2065 uon
1650 2001 1712 2066 soli
1734 2000 1940 2082 peccaverint
1962 2000 1997 2063 in
2020 2001 2153 2069 mundo.

162 2085 317 2148 Antiochi
340 2086 514 2167 tyrannide
537 2085 698 2151 diversam
718 2085 817 2150 fuisse
829 2085 983 2168 precandi
997 2088 1134 2152 formam
1185 2085 1258 2149 Etsi
1281 2097 1390 2150 autem
1414 2096 1562 2150 nostrum
1586 2107 1651 2150 non
1666 2098 1716 2149 est
1728 2084 1947 2168 praescribere
1960 2086 2028 2149 Deo
2041 2085 2154 2170 legem,

162 2169 239 2233 alibi
261 2170 420 2235 vidimus:
445 2171 519 2235 Non
542 2172 735 2236 recessimus
753 2171 953 2236 amandatis
976 2173 1050 2251 tuis,
1068 2194 1133 2236 nou
1186 2172 1250 2235 imo
1274 2172 1325 2236 lex
1348 2171 1404 2235 illa
1426 2170 1521 2237 nobis
1543 2173 1705 2253 patienter
1726 2171 1860 2237 ferenda
1881 2183 1940 2247 est,
1964 2183 2002 2234 ut
2020 2174 2156 2257 castiga·

162 2255 359 2321 deservimus
381 2277 400 2319 a
422 2257 549 2322 foedere
572 2269 636 2336 tuo,
660 2277 724 2320 uon
748 2255 940 2321 defleximus
963 2280 982 2321 a
1005 2268 1046 2336 te,
1073 2279 1134 2324 nec
1186 2258 1291 2320 tiones
1313 2258 1472 2339 incipiant
1494 2279 1513 2321 a
1535 2257 1630 2322 domo
1659 2259 1738 2333 eius,
1772 2258 1854 2321 haee
1882 2266 1993 2321 tamen
2020 2258 2154 2324 libertas

165 2339 340 2406 defecimus
362 2363 381 2405 a
403 2342 474 2424 lege
497 2352 561 2417 tua,
585 2354 619 2406 et
641 2351 752 2406 tamen
764 2342 964 2408 haecomnia
976 2345 1134 2408 eveniunt
1185 2342 1367 2426 ignoscitur
1389 2342 1547 2419 fidelibus,
1572 2354 1609 2407 ut
1631 2343 1797 2425 postulent
1819 2362 1884 2406 nou
1908 2342 2069 2408 deteriore
2092 2345 2156 2409 sal-

165 2427 268 2505 nebis,
296 2427 416 2492 Psalm.
439 2428 491 2504 44,
516 2429 566 2492 18.
611 2428 686 2492 Non
709 2427 795 2510 quod
817 2429 1039 2511 obstreperent
1063 2428 1133 2493 Deo
1185 2438 1250 2492 tem
1273 2427 1342 2493 loeo
1365 2449 1445 2505 esse,
1468 2450 1565 2512 quam
1588 2428 1749 2494 increduli
1766 2439 1800 2493 et
1821 2428 1884 2492 Dei
1903 2439 2153 2512 contemptores.

165 2513 287 2588 fideles,
306 2512 363 2577 sed
387 2513 462 2594 quia
484 2513 630 2578 sciebant
647 2514 748 2577 alium
760 2513 832 2577 Deo
854 2515 952 2577 finem
977 2535 1131 2595 essepro·
1184 2513 1372 2578 Notandum
1406 2527 1524 2597 autem,
1558 2537 1616 2597 pro
1648 2514 1761 2579 eodem
1784 2513 1879 2590 sumi,
1908 2533 1972 2577 nort
1993 2535 2154 2596 agnoscere

164 2600 315 2680 positum,
349 2620 445 2681 quam
477 2609 609 2681 peccata
641 2600 768 2681 punire.
812 2598 914 2664 Duris
948 2602 1035 2664 euim
1066 2600 1132 2666 illis
1184 2599 1298 2675 Deum,
1328 2603 1356 2664 ct
1384 2620 1494 2666 acmen
1522 2602 1590 2665 eiua
1616 2621 1680 2664 aaa
1700 2601 1851 2664 invocare.
1897 2598 2046 2664 Diversis
2066 2602 2153 2666 anim

163 2683 397 2749 certaminibus
429 2683 470 2748 ad
501 2684 642 2766 palmam
675 2705 837 2767 supernae
868 2687 1047 2751 vocationis
1076 2706 1133 2751 eos
1185 2682 1339 2766 loquendi
1360 2685 1473 2750 formis
1501 2686 1663 2769 significat
1691 2684 1858 2767 propheta,
1889 2685 1951 2748 nisi
1981 2686 2154 2766 praecedat

163 2768 308 2852 parabat.
1184 2771 1248 2834 Dei
1259 2770 1408 2851 cognitio,
1426 2791 1491 2834 nou
1509 2791 1605 2852 posse
1627 2771 1733 2852 ipsum
1755 2770 1917 2835 invocari:
1941 2769 2035 2834 sicuti
2054 2772 2151 2836 etiam

251 2855 281 2919 6.
305 2854 482 2941 (Efficacia).
526 2853 667 2919 Videtur
688 2875 708 2917 a
732 2855 847 2938 regula
879 2856 1023 2921 caritatis
1056 2856 1132 2921 alie·
1185 2856 1280 2920 Rom·
1309 2856 1356 2932 10,
1381 2857 1422 2920 14
1454 2856 1579 2921 Paulus
1608 2855 1709 2921 docet.
1758 2855 1873 2937 Neque
1905 2856 1992 2919 enim
2019 2879 2153 2940 respon·

162 2961 243 3004 num
266 2941 421 3006 essehoc
443 2951 573 3005 votum:
600 2942 676 3024 quia
709 2942 756 3006 sie
788 2941 927 3024 propriis
949 2942 1042 3006 malis
1065 2945 1132 3006 siu·
1185 2941 1262 3006 dere
1283 2952 1430 3005 nostrum
1454 2952 1514 3020 est,
1536 2943 1586 3005 Τιι
1609 2940 1700 3006 Deus
1722 2950 1847 3005 noster:
1878 2940 1979 3004 donec
2000 2952 2153 3007 antever-

163 3025 257 3108 gulos
279 3047 349 3091 esse
371 3026 485 3091 anxios
508 3028 672 3104 convenit,
701 3039 738 3090 ut
768 3027 848 3091 alios
873 3047 999 3108 quoque
1020 3049 1131 3092 secum
1184 3029 1262 3091 terit
1283 3025 1430 3103 dicendo,
1451 3025 1520 3091 Vos
1541 3026 1622 3091 estis
1645 3025 1785 3109 populus
1807 3045 1907 3102 meus,
1931 3025 2035 3092 Oseas
2053 3028 2152 3103 223:

162 3111 268 3175 levari
298 3112 442 3196 cupiant.
494 3110 605 3191 Quare
635 3111 790 3175 videntur
819 3133 989 3195 perperam
1018 3113 1131 3178 fideles
1183 3113 1238 3178 sed
1262 3131 1299 3177 os
1321 3112 1414 3176 nobis
1435 3112 1541 3193 aperit
1564 3112 1640 3176 dum
1663 3111 1702 3175 ad
1725 3131 1761 3175 se
1781 3111 1910 3176 invitat.
1943 3111 2017 3175 Etsi
2040 3122 2150 3178 autem

162 3196 339 3262 incredulis
360 3207 472 3280 optare
495 3198 641 3274 exitium,
665 3218 723 3280 pro
746 3217 884 3278 quorum
907 3197 1012 3261 salute
1034 3199 1131 3263 debe·
1183 3198 1343 3262 invocatio
1365 3196 1507 3262 nominis
1519 3196 1583 3261 Dei
1606 3217 1671 3260 uon
1694 3196 1905 3280 restringitur
1923 3196 1964 3260 ad
1982 3197 2152 3279 solaepre·

162 3280 241 3346 baut
264 3285 371 3364 potius
393 3304 464 3348 csse
485 3282 623 3348 solliciti.
679 3281 746 3348 Sed
774 3283 950 3348 tenendum
974 3283 1130 3366 estquod
1182 3305 1236 3349 ees
1258 3280 1352 3369 (quia
1373 3303 1468 3364 saepe
1491 3282 1686 3348 tantundem
1709 3280 1797 3346 valet
1819 3303 1857 3347 ao
1880 3280 1985 3347 Gallis
2015 3284 2151 3348 verbum

162 3367 242 3432 alibi
265 3368 417 3446 diximus,
441 3379 478 3433 ut
499 3369 562 3433 rite
584 3368 658 3449 quis
681 3369 760 3432 haec
783 3378 858 3432 vota
880 3369 1050 3451 concipiat,
1079 3371 1130 3434 in·
1183 3367 1359 3454 Rcclcmer)
1381 3389 1511 3433 summa
1532 3379 1642 3433 tamen
1665 3369 1729 3432 huc
1751 3367 1843 3447 redit,
1867 3367 1930 3431 nisi
1949 3366 2013 3432 Dei
2036 3370 2152 3433 notitia

162 3452 331 3518 duendum
354 3475 426 3519 esse
447 3453 613 3536 publicum
635 3453 798 3530 affectum,
822 3474 863 3517 ne
886 3475 960 3518 eum
983 3457 1130 3537 privatae
1182 3476 1241 3519 nos
1263 3455 1393 3539 dirigat,
1417 3475 1484 3519 non
1505 3475 1600 3537 posse
1624 3473 1682 3517 nos
1708 3454 1833 3518 sincere
1862 3454 2008 3536 profiteri
2038 3476 2150 3520 veram

160 3539 298 3604 iniuriae
330 3541 473 3619 titillent,
506 3561 547 3604 ne
578 3540 686 3604 earnis
718 3540 844 3622 impetu
875 3540 1000 3605 feratur
1017 3550 1130 3606 contra
1180 3542 1341 3623 pietatem.
1376 3540 1469 3604 Tunc
1491 3541 1612 3622 passim
1654 3538 1857 3604 loriabantur
1868 3549 1982 3621 gentes
1993 3559 2029 3603 se
2041 3539 2150 3605 Deum

161 3624 289 3690 hostes:
318 3624 375 3690 sed
398 3626 448 3690 sui
470 3625 599 3702 oblitus,
629 3645 840 3690 communem
865 3626 960 3690 modo
990 3627 1128 3690 salutem
1179 3627 1301 3691 colere:
1324 3625 1380 3691 sed
1404 3627 1481 3707 quia
1504 3626 1603 3690 verbo
1629 3561 1900 3698 {astruebantur
1931 3644 1969 3688 ac
1997 3646 2057 3689 sua
2086 3626 2151 3691 illis

161 3711 316 3776 eeclesiae
349 3711 501 3794 respiciat
533 3731 570 3775 ae
602 3719 702 3775 curet.
750 3709 879 3775 Deinde
912 3711 1130 3777 invocandum
1180 3714 1336 3795 figmenta
1369 3723 1400 3775 et
1433 3711 1533 3776 falsae
1564 3711 1814 3793 imaginationes
1847 3710 1911 3774 Dei
1943 3709 2013 3775 loeo
2046 3720 2150 3789 erant,

160 3794 602 3879 esseprudentiaeetiudicii
624 3798 786 3878 spiritum,
808 3817 849 3860 ne
871 3797 1130 3863 inconsideratus
1179 3796 1396 3863 abominabile
1419 3797 1481 3861 fuit
1502 3794 1659 3879 quidquid
1683 3805 1870 3860 tentarunt:
1893 3795 1978 3859 sicut
1995 3795 2093 3861 hodie
2110 3797 2147 3861 in

161 3880 250 3946 aelus
284 3893 468 3964 precantem
503 3881 659 3964 impellat,
693 3903 757 3963 qua
790 3881 830 3945 de
860 3904 895 3946 re
926 3883 1003 3948 alibi
1026 3884 1130 3949 fusius
1179 3893 1313 3967 papatu,
1345 3883 1422 3965 quia
1455 3903 1519 3946 non
1552 3890 1704 3946 statuunt
1734 3883 1819 3947 caeci
1842 3879 1983 3945 cultores
2005 3881 2082 3962 quid
2105 3882 2148 3946 sit

161 3967 383 4033 disseruimus.
428 3966 522 4031 Adde
555 3967 640 4050 quod
673 3967 787 4032 fideles
819 3988 884 4031 nou
916 3969 1011 4032 modo
1044 3979 1130 4053 post-
1180 3969 1281 4045 Deus,
1315 3989 1418 4049 neque
1451 3989 1492 4032 ex
1520 3988 1576 4032 ore
1604 3968 1674 4032 eius
1696 3966 1903 4031 sciscitantur
1926 3965 2004 4047 quid
2025 3967 2149 4051 probet,

161 4053 274 4118 habita
303 4054 354 4118 sui
387 4072 467 4119 eura
501 4053 560 4117 toti
594 4052 749 4118 ecclesiae
771 4052 825 4118 hic
846 4054 1039 4118 consulunt:
1071 4056 1128 4119 sed
1179 4055 1235 4120 sed
1259 4054 1470 4136 imaginarios
1492 4063 1676 4136 sequuntur
1696 4051 1812 4126 cultus,
1836 4057 1961 4114 eertum
1985 4062 2034 4117 est
2057 4074 2151 4136 repu-

162 4139 334 4221 praeeipue
357 4139 466 4204 oeulos
488 4138 666 4202 intendunt
687 4139 727 4202 ad
751 4139 932 4219 Christum,
962 4150 998 4203 ut
1016 4139 1128 4222 despe·
1180 4141 1264 4205 diari
1295 4140 1382 4221 ipsos
1404 4160 1423 4203 a
1446 4140 1532 4204 Deo:
1566 4140 1644 4221 quia
1675 4137 1763 4202 idola
1790 4137 1826 4201 in
1850 4135 1920 4199 eius
1941 4135 2049 4203 locum
2072 4138 2149 4203 sub-

162 4233 252 4288 rutos
274 4225 344 4289 eius
363 4224 474 4289 hostes
492 4224 591 4288 exitio
610 4223 799 4289 devoveant.
830 4225 905 4288 Non
918 4245 995 4307 ergo
1008 4237 1129 4290 temere
1180 4237 1307 4309 rogant.

161 4320 379 4458 gorumpunt
400 4311 435 4373 iu
459 4308 542 4373 hanc
564 4329 689 4392 vocem,
712 4318 750 4373 ut
772 4310 833 4375 hos
857 4310 908 4373 vel
930 4310 1130 4393 illosperdat
1265 4311 1294 4376 8.
1327 4310 1392 4394 (Ne
1422 4308 1616 4392 recorderis.)
1671 4307 1876 4374 Confirmant
1912 4307 2026 4374 fideles
2063 4311 2148 4390 quod

196 4414 271 4459 aas:
304 4416 364 4461 uec
386 4395 449 4460 Dei
483 4394 638 4459 iudicium
672 4396 860 4476 anticipant,
893 4395 950 4460 sed
983 4398 1129 4478 reprobis
1180 4399 1310 4463 brevius
1332 4408 1365 4460 et
1387 4396 1554 4461 obscurius
1579 4395 1767 4477 attigerant,
1797 4394 1899 4458 iustas
1921 4394 1961 4459 de
1983 4394 2051 4458 suis
2072 4414 2149 4476 pec·

161 4481 256 4563 quale
279 4496 447 4545 merentur
468 4479 623 4545 iudicium
646 4489 806 4562 optantes,
824 4482 985 4563 patienter
996 4503 1127 4564 exspec-
1179 4484 1259 4549 catis
1281 4502 1401 4565 poenas
1424 4481 1525 4565 exigi:
1549 4480 1626 4563 quia
1641 4502 1683 4545 ex
1697 4479 1960 4546 reconciliatione
1973 4478 2149 4561 petendum

161 4578 234 4631 tant
271 4566 347 4630 dum
381 4566 536 4649 reprobos
569 4567 609 4631 ab
643 4566 755 4631 electis
787 4567 949 4631 discernat
981 4568 1129 4632 coelestis
1179 4577 1249 4633 erat
1271 4568 1433 4631 malorum
1461 4566 1621 4631 levamen.
1666 4566 1752 4630 Hoc·
1767 4567 1855 4630 enim
1885 4567 2025 4648 primum
2053 4564 2149 4630 malis

161 4651 269 4716 iudex.
313 4651 387 4716 Hoc
408 4654 504 4717 modo
528 4672 593 4715 non
616 4651 773 4717 abiiciunt
793 4652 947 4717 affectum
971 4654 1127 4719 caritatis:
1179 4654 1331 4718 omnibus
1353 4651 1532 4717 remedium
1555 4662 1614 4731 est,
1638 4661 1674 4716 ut
1696 4651 1857 4716 nosDeus
1876 4651 2010 4732 recipiat
2027 4651 2148 4733 ingra-

162 4737 238 4820 quia
261 4739 322 4802 etsi
344 4748 502 4818 cuperent
524 4758 639 4801 omnes
660 4758 730 4801 esse
753 4737 999 4816 salvos,seiunt
1018 4747 1128 4803 tamen
1179 4741 1275 4804 tiam:
1299 4740 1375 4821 quia
1395 4739 1467 4821 ipso
1490 4741 1572 4803 irato
1595 4740 1792 4820 prosperitas
1814 4737 1885 4818 ipsa
1907 4736 1992 4800 male
2015 4748 2048 4801 et
2065 4737 2117 4800 inf
2133 4773 2148 4786 ·

161 4822 318 4906 quosdam
337 4823 533 4889 insanabiles
552 4843 622 4887 esse
637 4821 765 4888 Christi
783 4823 902 4898 hostes,
922 4845 1001 4905 quos
1018 4834 1130 4888 manet
1179 4826 1286 4891 liciter
1309 4825 1402 4889 nobis
1424 4824 1519 4890 cedit.
1566 4823 1697 4889 Peccata
1718 4821 2063 4904 calmeaintelligunt
2075 4824 2147 4904 qui·

161 4920 270 4974 certus
292 4910 452 4974 interitus.
487 4907 681 4990 Quanquam
702 4909 845 4973 nondum
870 4931 1003 4990 prorsus
1025 4910 1129 4975 soluta
1180 4911 1254 4974 dam
1286 4930 1368 4994 quae
1401 4910 1543 4975 admissa
1576 4921 1653 4974 sunt
1685 4931 1704 4972 a
1735 4908 1889 4991 patribus.
1933 4907 2001 4971 Alii
2025 4919 2146 4983 autem,

162 5007 212 5060 est
233 4997 395 5076 quaestio:
419 4996 495 5077 quia
518 4994 595 5059 dum
618 4994 766 5076 proximo
789 5015 885 5058 versu
901 4994 1129 5060 hostiumcru·
1179 5018 1291 5059 eorum
1313 4997 1368 5078 qui
1391 5009 1567 5077 precantur
1589 4995 1723 5077 antiqua
1745 5002 1877 5074 peccata
1898 4994 2007 5058 vocari
2030 5003 2149 5076 putant

162 5078 328 5144 delitatem
363 5088 526 5156 accusant,
565 5080 719 5144 videntur
755 5091 908 5161 appetere
941 5080 1127 5145 vindictam.
1179 5103 1262 5165 quae
1284 5083 1375 5164 pueri
1399 5082 1450 5147 vel
1480 5082 1699 5145 adolescentes
1721 5078 1920 5143 admiserint.
1965 5078 2037 5162 Ego
2067 5099 2147 5144 vero

163 5165 229 5231 Sed
263 5166 438 5230 tenendum
473 5175 523 5231 est
552 5166 638 5248 quod
662 5165 868 5248 nuperdixi,
891 5186 954 5229 non
978 5167 1128 5249 possein
1180 5168 1279 5232 latius
1300 5177 1412 5250 patere
1434 5167 1587 5232 arbitror:
1612 5185 1648 5229 ue
1670 5165 1699 5230 si
1721 5185 1786 5228 non
1804 5165 2146 5230 modoreatumunius

162 5251 251 5318 hunc
272 5252 406 5317 modum
429 5255 555 5336 precari
583 5254 647 5318 nisi
678 5252 735 5334 qui
765 5251 925 5334 publicam
956 5272 1128 5335 personam
1181 5263 1214 5317 et
1235 5254 1370 5319 alteriue
1392 5253 1504 5335 culpae
1527 5263 1560 5316 et
1583 5253 1653 5316 eius
1675 5250 1816 5317 recentis
1838 5260 2060 5334 agnoscerent,
2089 5251 2146 5317 sed
