4658 5856
243 306 306 374 703
1041 294 1257 375 Pettalus
1280 309 1425 375 LXXV.
2170 307 2233 374 704

244 499 304 580 piis
319 496 468 560 omnihus
485 496 675 578 triumphat,
694 517 828 578 quornm
847 495 1007 560 insaniam
1027 512 1058 559 et.
1077 517 1208 561 eaeoum
1233 525 1236 581 q
1261 499 1304 563 sit
1326 519 1365 561 ex
1389 497 1577 562 hominibus
1600 497 1748 561 attollere
1771 518 1849 578 qnos
1869 498 1974 561 visum
1994 512 2055 576 est,
2078 496 2132 561 vel
2152 495 2231 561 deii·

242 587 384 648 furorem
408 596 555 646 accusat:
588 584 664 663 quia
686 594 872 666 contempto
894 582 966 644 Deo
989 603 1059 645 sese
1089 583 1208 646 intem·
1233 594 1236 607 '
1260 604 1342 648 cere.
1387 582 1483 649 Unde
1505 585 1666 666 sequitur,
1698 603 1751 647 eos
1774 603 1886 648 omnes
1916 585 1970 665 qui
1993 584 2149 666 expansis
2174 603 2230 645 va·

243 668 557 750 peranterefferant.
593 668 719 732 Pendet
736 682 844 731 autem
861 679 973 732 saneta
988 668 1067 731 haec
1085 670 1207 733 iactan·
1233 614 1236 757 l
1261 670 1373 733 nitatis
1406 691 1483 734 suae
1517 669 1577 733 alis
1611 667 1651 732 ad
1684 669 1824 751 aliquam
1860 669 2063 733 altitudinem
2107 680 2230 731 temere

242 757 297 836 tia,
321 776 363 817 ex
386 754 505 818 iudicio
527 753 612 835 qnod
635 755 757 817 instare
781 753 988 818 denuntiavit
1011 755 1044 817 in
1068 774 1209 835 persona
1232 762 1236 895 ⁴
1260 754 1439 839 adspirant,
1463 766 1622 837 quantum
1645 755 1680 817 in
1703 775 1738 818 se
1761 767 1819 831 est,
1843 754 1914 819 Deo
1932 755 1983 819 ius
2001 775 2098 820 ιιιιιιιι
2118 765 2152 817 et
2175 774 2229 835 po·

244 841 321 905 Dei:
356 840 431 921 quia
461 839 536 902 dnm
567 839 677 903 fideles
699 838 807 902 Deum
839 853 1027 920 exspectant
1058 839 1207 916 iudicem,
1261 853 1411 905 testatem
1434 842 1578 924 eripere:
1602 839 1697 921 idque
1720 839 1814 905 facile
1837 854 1971 923 apparet
1990 839 2230 904 non'modcex

242 926 397 1007 brevique
420 925 519 989 affore
543 925 792 1006 persuasisnnt,
816 925 1048 989 intermedias
1075 946 1207 1006 oppres·
1232 928 1235 969 ³
1260 927 1446 991 temulentis
1468 926 1627 1000 consiliis,
1658 925 1717 990 sed
1745 926 1844 989 etiam
1874 926 2033 1009 sacrilega
2063 926 2229 997 iactantia,

241 1013 349 1077 sionee
372 1032 435 1075 non
461 1010 615 1075 desinunt
637 1011 781 1095 gloriari.
826 1010 899 1074 Etsi
930 1011 1015 1073 enim
1048 1012 1137 1074 furor
1167 1032 1207 1074 ex
1232 998 1235 1103 l
1260 1010 1342 1092 Quis
1365 1034 1417 1076 me
1440 1011 1616 1094 impediet?
1640 1011 1717 1094 quid
1738 1012 1819 1076 mihi
1839 1011 2001 1076 obstabit?
2026 1011 2131 1094 Quasi
2151 1031 2228 1074 vero

240 1099 414 1181 impiorum
438 1098 564 1160 insania
587 1098 754 1169 ebulliens,
777 1097 895 1161 fluctus
917 1096 957 1159 ad
981 1117 1036 1160 eos
1058 1117 1206 1178 mergen·
1232 1120 1234 1127 ·
1260 1098 1330 1162 Deo
1353 1111 1540 1180 promptum
1564 1119 1627 1162 non
1651 1099 1712 1170 sit,
1746 1096 1813 1160 solo
1843 1110 1927 1162 nutu
1951 1097 2038 1163 mille
2061 1095 2228 1162 obstacula

241 1183 298 1247 dos
320 1182 457 1265 proiicit,
480 1182 599 1247 sufficit
621 1197 730 1246 tamen
750 1182 813 1245 Dei
832 1203 930 1244 manu
954 1181 1090 1246 salutem
1114 1203 1207 1246 suam
1260 1197 1392 1265 repente
1427 1184 1565 1249 obiicere
1599 1183 1639 1247 ad
1682 1183 1878 1266 frangendos
1920 1204 2033 1247 eorum
2075 1186 2226 1263 impetus.

240 1270 383 1352 protegi,
413 1269 465 1331 cui
488 1267 580 1332 facile
603 1283 652 1333 est
674 1267 824 1350 subigere
847 1286 977 1330 omnem
1000 1267 1139 1344 fastum,
1174 1278 1208 1331 et
1260 1268 1363 1334 Sicuti
1397 1283 1504 1332 autem
1540 1270 1667 1350 profani
1701 1269 1850 1332 homines
1882 1289 1943 1333 sua
1977 1269 2164 1334 temeritate
2197 1282 2228 1329 et

240 1375 441 1436 compescere
470 1356 660 1418 temerarios
690 1363 835 1417 conatus.
881 1353 965 1416 Nam
997 1353 1206 1434 contemptim
1259 1357 1422 1436 perversis
1444 1356 1589 1420 consiliis
1614 1356 1719 1419 Deum
1742 1355 1882 1436 spoliare
1905 1355 1992 1437 regis
2023 1357 2148 1419 honore
2179 1374 2227 1416 co·

240 1440 387 1504 derident
424 1439 537 1503 fideles
578 1439 732 1522 quidquid
776 1439 952 1502 moliuntur
986 1439 1077 1520 impii
1112 1452 1207 1520 atque
1230 1408 1234 1491 l
1259 1454 1396 1504 nentur:
1431 1443 1478 1504 ita
1500 1440 1628 1522 quoties
1651 1441 1789 1503 nimium
1812 1440 1852 1503 ad
1875 1439 2007 1503 illorum
2031 1441 2138 1504 minas
2163 1450 2226 1502 tre·

240 1526 376 1609 agitant,
399 1523 554 1589 desistere
575 1525 690 1590 iubent
711 1524 752 1587 ab
775 1525 910 1599 insania,
934 1525 1010 1607 quia
1032 1525 1092 1589 hoe
1111 1525 1206 1588 modo
1258 1526 1426 1609 pidamue,
1457 1525 1630 1591 infidelitas
1654 1535 1766 1590 nostra
1788 1526 1850 1589 Dei
1881 1527 2053 1607 imperium
2084 1524 2227 1606 maligne

239 1610 427 1694 significant
449 1611 572 1674 frustra
590 1633 645 1676 ecs
665 1609 867 1689 tumultuari,
890 1620 926 1673 nt
943 1609 1084 1674 furiosos
1103 1609 1207 1673 homi·
1258 1613 1435 1694 restringit.
1456 1610 1602 1678 Simulae
1615 1612 1777 1693 increpuit
1792 1612 1908 1693 aliquis
1921 1625 2037 1689 motus,
2051 1632 2116 1676 non
2132 1611 2227 1674 alitor

239 1716 296 1760 nes
319 1716 380 1760 sua
402 1697 546 1760 amentia
569 1699 633 1761 huc
655 1709 687 1759 et
717 1696 794 1760 illuc
825 1695 973 1776 impellit.
1019 1695 1205 1759 Notandum
1230 1746 1234 1793 Ι
1257 1699 1511 1779 expavescimus,
1525 1719 1622 1778 quam
1639 1696 1770 1762 coelesti
1789 1698 1923 1761 fulmine
1940 1700 2095 1780 percussi.
2119 1698 2227 1760 'Penta

238 1792 289 1847 est
310 1801 389 1846 vero
407 1782 491 1863 quod
514 1783 697 1865 superbiam
720 1782 796 1846 facit
827 1780 979 1845 audaciae
1002 1800 1131 1845 causam
1153 1781 1206 1845 vel
1229 1796 1233 1861 t
1257 1784 1477 1847 consternatio
1496 1785 1576 1848 satis
1595 1783 1737 1847 declarat
1756 1782 1898 1847 nondum
1918 1804 1976 1848 nos
1997 1784 2097 1864 probe
2116 1799 2227 1847 tenere

237 1879 386 1942 matrem,
410 1867 506 1932 sicuti
528 1871 660 1932 omnino
674 1888 789 1931 verum
808 1878 867 1943 est,
890 1887 957 1930 non
980 1867 1026 1930 ita
1047 1867 1206 1948 praecipi·
1229 1864 1233 2007 ἕ
1258 1868 1334 1950 quid
1352 1871 1394 1933 ιιι
1412 1867 1569 1933 mundum
1589 1890 1608 1931 a
1625 1869 1697 1934 Deo
1716 1867 1900 1949 gubernari.
1931 1867 2077 1933 Puderet
2094 1868 2225 1950 quidem

237 1963 345 2018 tenter
363 1974 458 2017 ruere
476 1953 632 2030 homines,
653 1954 715 2017 nisi
734 1961 894 2034 qnatenus
911 1954 1074 2017 excaecati
1092 1974 1206 2034 super·
1259 1976 1317 2018 nos
1340 1975 1414 2018 enm
1437 1954 1576 2037 spoliare
1599 1956 1694 2018 titulo
1723 1954 1851 2018 iudicis:
1886 1957 1951 2017 imo
1979 1955 2128 2018 omnium
2160 1954 2226 2017 fere

238 2040 305 2115 bia,
334 2040 394 2103 sibi
414 2040 550 2104 nimium
573 2051 737 2123 arrogant.
783 2038 869 2118 Quia
893 2058 969 2101 vero
992 2039 1123 2103 morbus
1154 2038 1206 2102 hio
1258 2040 1358 2104 animi
1382 2039 1553 2104 horrerent
1571 2040 1612 2103 ad
1636 2041 1720 2105 hane
1744 2040 1994 2122 blasphemiam:
2018 2039 2074 2105 sed
2095 2041 2152 2104 ubi
2173 2059 2227 2104 na·

237 2145 304 2189 non
328 2124 422 2188 facile
444 2126 595 2190 evellitur
617 2147 658 2190 ex
681 2123 831 2189 cordibus
855 2124 1040 2202 hominum,
1062 2123 1206 2188 secundo
1258 2136 1350 2190 turae
1367 2148 1481 2191 sensus
1497 2126 1581 2189 hano
1596 2126 1832 2191 confessionem
1848 2125 1940 2189 nobis
1954 2126 2102 2199 extorsit,
2118 2127 2225 2189 Deum

239 2211 420 2293 repetitae
440 2211 579 2275 attollant
600 2230 695 2276 cernat
717 2229 810 2275 suum
838 2210 873 2273 itt
894 2209 1032 2274 sublime.
1078 2209 1207 2273 Deinde
1257 2233 1327 2276 esse
1349 2211 1461 2276 mnndi
1483 2211 1631 2287 iudicem,
1655 2234 1692 2276 ac
1712 2232 1832 2294 regem,
1855 2212 1993 2275 otiosum
2013 2211 2226 2294 nescioquod

239 2317 280 2361 ne
303 2297 481 2379 praefracte
505 2298 698 2380 loquantur,
729 2297 789 2360 hoc
812 2296 899 2358 enim
924 2316 981 2377 per
1004 2295 1115 2360 collum
1130 2296 1205 2376 pia·
1257 2297 1432 2378 imperium
1451 2300 1678 2380 imaginamur,
1703 2320 1739 2362 ao
1758 2297 1787 2362 si
1805 2297 1985 2360 humanum
2002 2317 2108 2380 genus
2127 2316 2226 2360 manu

235 2402 296 2466 pue
318 2381 368 2446 vel
391 2381 507 2447 durum
531 2382 702 2465 intelligit:
733 2383 808 2462 quia
830 2381 965 2445 fastuosi
989 2381 1139 2445 homines
1162 2380 1206 2443 ri·
1258 2397 1290 2447 et
1313 2382 1446 2448 consilio
1468 2404 1613 2448 saonen
1637 2394 1773 2465 regeret.
1820 2382 1993 2448 Caeterum
2023 2383 2077 2463 qui
2107 2384 2226 2465 princi·

238 2468 314 2548 gida
335 2469 461 2532 cervice
479 2469 584 2532 minas
602 2490 679 2533 suas
697 2468 808 2531 efflare
826 2465 941 2531 solent.
974 2466 1042 2530 Alii
1061 2477 1204 2542 vertunt,
1258 2468 1347 2549 pium
1370 2469 1431 2534 hoc
1455 2471 1607 2547 tenuerit,
1629 2469 1738 2532 Deum
1761 2480 1904 2533 statuere
1927 2467 1967 2532 dc
1990 2468 2116 2532 cunctis
2140 2489 2225 2531 mor·

236 2553 482 2635 Neloquamini
501 2555 625 2619 duriter
643 2553 736 2618 collo.
774 2551 839 2618 Sed
858 2552 962 2615 altera
979 2552 1205 2634 interpretatio
1259 2555 1377 2619 talibus
1400 2555 1486 2636 quod
1510 2557 1616 2619 visum
1638 2567 1704 2634 est,
1735 2567 1771 2617 ut
1800 2553 1939 2636 singulis
1961 2555 2128 2618 fortunam
2158 2554 2225 2636 ipse

237 2641 354 2705 verior.
660 2699 662 2702 Α
1257 2640 1375 2721 fingat,
1408 2661 1473 2704 non
1496 2641 1650 2704 subsistet
1671 2643 1706 2704 in
1729 2641 1867 2704 terrenis
1889 2638 2012 2703 mediis.
2058 2638 2148 2704 Usus
2171 2660 2225 2703 au·

322 2725 352 2789 t.
375 2723 474 2809 (Quia
500 2744 597 2805 aeque
626 2724 666 2789 ob
698 2722 846 2805 Oriente.)
897 2721 1068 2805 Optimum
1106 2723 1205 2785 corri·
1258 2736 1323 2788 tem
1353 2725 1450 2788 huius
1477 2724 1643 2789 doctrinae
1673 2737 1738 2798 est,
1768 2737 1806 2789 ut
1833 2746 1868 2788 se
1897 2724 2008 2789 fideles
2037 2722 2111 2788 Deo
2140 2738 2225 2789 totos

237 2808 364 2895 gendae
379 2811 550 2893 superbiae
565 2807 752 2884 remedium,
772 2808 848 2873 dum
868 2808 1021 2872 admonet
1035 2807 1204 2891 propheta,
1258 2810 1439 2890 subiicient,
1463 2830 1522 2874 nee
1545 2810 1650 2875 fallaci
1673 2811 1888 2875 confidentiae
1907 2824 2057 2874 ventose
2076 2810 2224 2874 efferant.

238 2895 445 2961 altitudinem
468 2916 533 2959 non
556 2916 576 2958 a
597 2906 685 2960 terra
706 2915 791 2969 esse,
812 2893 868 2958 sed
891 2916 910 2957 a
932 2892 1002 2957 solo
1026 2894 1115 2968 Deo,
1146 2893 1206 2958 hcc
1257 2894 1321 2961 Ubi
1345 2907 1455 2960 autem
1478 2897 1621 2960 viderint
1642 2897 1760 2977 impios
1790 2896 1987 2977 protervire,
2019 2907 2226 2959 contemnere

238 2983 325 3047 enim
349 2980 583 3064 utplurimum
606 2979 798 3063 perstringit
821 2978 1127 3055 hominumoeulos,
1151 2980 1205 3044 ubi
1258 3003 1323 3046 non
1346 2981 1496 3046 dubitent
1517 2982 1651 3047 stultam
1681 2996 1714 3046 ct
1738 3002 1890 3047 vesanam
1921 3002 2033 3045 eorum
2059 2981 2225 3046 confiden-

238 3068 387 3133 dextram
410 3078 443 3130 et
464 3067 630 3132 sinistram
654 3077 779 3149 partem
797 3065 1071 3147 circumspiciunt,
1095 3074 1129 3128 et
1146 3087 1205 3128 un·
1259 3069 1347 3133 tiam.
1379 3066 1576 3149 Quanquam
1595 3081 1703 3143 autem
1722 3087 1849 3132 summa
1866 3080 1917 3131 est
1935 3066 2062 3149 imperii
2081 3079 2226 3148 potestas

240 3153 336 3237 dique
358 3153 556 3218 contrahunt
578 3174 655 3234 opes
676 3162 710 3215 et
731 3150 884 3227 subsidia,
907 3149 1023 3232 quibus
1041 3151 1115 3214 freti
1135 3151 1205 3215 libi·
1259 3175 1357 3236 penes
1380 3153 1499 3232 Deum,
1523 3150 1656 3218 vocatur
1679 3168 1789 3218 tamen
1812 3152 1920 3229 iudex,
1943 3166 1980 3216 nt
2002 3153 2145 3218 sciamus
2169 3175 2224 3234 op-

239 3239 347 3304 dinem
370 3259 460 3304 suam
491 3239 653 3320 expleant.
697 3235 784 3317 Quia
812 3258 889 3319 ergo
922 3248 1015 3301 extra
1045 3237 1204 3301 mundum
1258 3239 1337 3304 tima
1359 3241 1522 3322 aequitate
1543 3261 1595 3304 res
1618 3239 1779 3304 hnmanae
1801 3240 1907 3321 ipsum
1931 3238 2102 3303 moderari.
2137 3238 2225 3303 Hinc

239 3346 304 3390 non
323 3323 545 3406 egrediuntur,
563 3323 721 3406 propheta
738 3324 834 3405 longe
853 3343 907 3386 eos
926 3343 1035 3387 errare
1048 3324 1204 3387 affirmat:
1256 3326 1313 3389 fiet
1335 3326 1528 3407 utquisque
1550 3327 1589 3390 ab
1612 3327 1700 3388 omni
1727 3325 1846 3389 iniuria
1875 3337 1908 3389 et
1935 3324 2094 3389 maleficio
2124 3324 2225 3389 absti-

239 3411 315 3494 quia
336 3408 472 3473 altitudo
494 3421 526 3472 et
556 3410 691 3474 deiectio
711 3409 745 3472 in
774 3408 842 3473 sola
867 3409 927 3471 Dei
955 3428 1053 3472 manu
1084 3410 1205 3490 positae
1257 3432 1347 3487 nens,
1370 3410 1490 3474 iniuste
1513 3412 1626 3488 laesus,
1648 3408 1689 3473 ad
1712 3410 1775 3475 Dei
1798 3410 1941 3474 tribunal
1962 3411 2137 3492 confugiat.

240 3496 316 3561 sint.
369 3493 507 3558 Videtur
539 3493 668 3577 quidem
702 3515 777 3559 eum
810 3493 1010 3576 experientia
1043 3494 1205 3558 communi

240 3581 303 3647 hoc
324 3600 489 3664 pugnare,
521 3579 604 3663 quod
636 3582 737 3643 maior
766 3601 842 3662 pars
871 3577 985 3642 mundi
1010 3579 1061 3642 rel
1084 3581 1204 3642 astutia
1341 3581 1370 3646 9.
1398 3581 1480 3662 Quia
1502 3582 1586 3647 colite
1608 3583 1642 3645 ιιι
1663 3602 1760 3646 ertone
1783 3580 1922 3661 Ieltovae,
1945 3581 2097 3645 deinum
2118 3582 2224 3663 faeca-

241 3688 316 3745 sua,
346 3666 397 3730 vel
420 3666 527 3749 gratia
548 3678 582 3729 et
603 3667 716 3730 favore
738 3665 867 3747 populi,
897 3664 948 3728 vel
972 3664 1044 3728 aliis
1066 3665 1205 3728 terrenis
1256 3666 1427 3751 aecumst)
1460 3668 1603 3748 impletas
1633 3674 1676 3732 est
1706 3668 1862 3744 mistione,
1892 3672 1919 3730 et
1947 3667 2080 3747 effundet
2109 3687 2148 3730 er
2179 3687 2228 3731 eo:

241 3752 355 3817 mediis
377 3751 418 3815 ad
442 3772 585 3815 summos
607 3750 769 3815 honorum
791 3752 911 3834 gradus
930 3750 1112 3832 perveniat.
1146 3750 1205 3812 Vi·
1256 3754 1362 3833 titique
1388 3757 1487 3833 faeces
1516 3755 1584 3818 eius
1612 3755 1799 3833 expriment,
1829 3751 1927 3817 bibent
1956 3772 2058 3816 omnes
2087 3752 2228 3817 scelerati

242 3839 338 3903 detur
360 3838 458 3901 etiam
482 3837 599 3922 frigida
621 3859 692 3902 esse
709 3858 826 3902 causae
844 3834 991 3913 redditio,
1012 3835 1098 3917 quod
1114 3834 1206 3899 Deus
1255 3843 1365 3903 terrae.
1401 3840 1451 3903 10.
1475 3838 1543 3920 Epo
1565 3860 1636 3903 vero
1659 3839 1851 3903 ouaumiebo
1875 3839 1907 3902 ιιι
1924 3844 2122 3919 perpetuum,
2137 3838 2225 3918 psal-

243 3925 285 3988 sit
317 3922 425 3988 iudex.
470 3922 682 4005 Respondeo,
715 3923 863 4005 quamvis
895 3922 991 3985 multi
1025 3922 1077 3985 vel
1111 3922 1206 3986 malis
1258 3925 1322 3988 lom
1356 3923 1422 3989 Deo
1452 3924 1554 3989 Iacob.
1612 3926 1660 3988 11.
1690 3924 1734 3988 Et
1765 3925 1869 3988 omnic
1902 3944 2023 3987 coritae
2054 3925 2227 4006 impiorum

242 4008 381 4082 artibus,
411 4009 463 4071 vel
487 4006 600 4073 mnndi
622 4008 819 4073 adiumentis
845 4010 880 4071 in
903 4007 1107 4071 altitudinem
1132 4028 1207 4071 con·
1258 4010 1460 4093 confringam,
1483 4011 1700 4074 exaltabantur
1718 4031 1836 4074 corneo
1858 4010 1946 4074 iusti.

242 4094 409 4174 scendant,
433 4092 493 4158 hoc
514 4104 624 4158 tamen
648 4116 712 4158 non
735 4093 880 4159 accidere
902 4093 1052 4157 fortuito:
1075 4093 1131 4158 sed
1155 4114 1206 4156 ar·

241 4200 322 4245 cano
339 4179 400 4242 Dei
416 4178 550 4243 consilio
565 4180 610 4244 sic
626 4180 741 4259 attolli,
765 4191 801 4244 ut
819 4200 895 4244 mcx
909 4178 1002 4261 quasi
1017 4179 1235 4262 quisquilias‘
1343 4182 1373 4245 9.
1398 4181 1496 4264 (Quia
1525 4181 1633 4265 calix.)
1683 4181 1843 4246 Iudicium
1879 4180 1959 4244 illud
1998 4181 2091 4246 euius
2121 4202 2227 4263 nuper

245 4265 297 4330 vel
319 4264 445 4346 paleam
468 4263 616 4329 disiiciat.
653 4266 723 4330 lam
747 4287 813 4330 non
836 4265 1027 4346 simpliciter
1049 4265 1206 4330 iudicium
1260 4269 1425 4348 meminit,
1466 4269 1600 4348 propius
1633 4267 1854 4333 accommodat
1889 4269 1921 4330 in
1956 4288 2051 4330 usum
2087 4267 2227 4348 piorum.

244 4351 317 4414 Deo
339 4348 453 4412 tribuit
482 4350 657 4431 propheta,
687 4351 744 4415 sed
772 4351 866 4434 quale
893 4349 975 4414 illud
1004 4350 1047 4413 sit
1078 4349 1207 4414 definit:
1261 4354 1366 4416 Deum
1390 4353 1476 4415 enim
1499 4373 1637 4433 regnare
1659 4353 1809 4425 affirmat,
1833 4374 1874 4417 ne
1896 4372 1960 4432 qna
1982 4352 2139 4434 iniquitas
2162 4372 2229 4415 ma·

243 4457 361 4518 nempe
390 4444 427 4498 ut
456 4435 544 4497 hunc
573 4436 742 4517 deiiciens,
775 4448 809 4501 et
837 4436 930 4500 illum
959 4436 1123 4513 exaltans,
1157 4456 1209 4499 res
1261 4449 1337 4501 neat
1358 4436 1479 4501 inulta:
1513 4437 1569 4500 sed
1594 4437 1650 4501 ubi
1673 4438 1875 4503 lascivierint
1896 4438 2044 4502 scelerati
2067 4435 2228 4511 homines,

244 4521 403 4585 humanas
426 4532 531 4602 prout
563 4521 671 4584 visum
705 4534 754 4585 est
785 4522 924 4586 ordinet.
975 4521 1056 4585 Dixi
1090 4531 1208 4603 autem,
1260 4545 1313 4586 eos
1334 4522 1373 4585 ad
1398 4543 1518 4603 poenas
1540 4544 1620 4604 quas
1643 4525 1748 4586 meriti
1771 4540 1863 4601 sunt,
1886 4526 2005 4587 trahat.
2051 4520 2147 4588 Unde
2169 4523 2229 4587 ite·

244 4608 305 4672 hac
327 4606 453 4671 ratione
473 4606 593 4688 optime
616 4606 781 4671 humiliari
804 4607 958 4671 sublimes
976 4611 1111 4687 animos,
1133 4610 1210 4689 qnia
1261 4630 1332 4672 rum
1362 4608 1545 4689 colligimus
1573 4608 1714 4688 qualiter
1748 4608 1931 4691 reputanda
1960 4608 2003 4673 sit
2041 4610 2135 4673 nobis
2166 4609 2228 4673 Dei

247 4693 323 4758 hinc
363 4692 506 4775 profanis
539 4692 722 4756 hominibus
762 4692 903 4756 audendi
938 4691 1082 4768 licentia,
1124 4694 1208 4776 qnod
1261 4692 1481 4776 providentia,
1523 4715 1639 4775 nempe
1672 4715 1755 4775 quac
1789 4694 1934 4777 singulas
1971 4696 2056 4758 vitae
2097 4708 2230 4759 nostrae

245 4779 352 4844 Deum
375 4777 463 4841 coelo
485 4776 674 4853 includunt,
704 4799 763 4843 nec
790 4798 825 4841 se
853 4799 972 4842 arcana
1002 4781 1071 4842 eius
1101 4782 1208 4861 provi·
1262 4789 1370 4860 partes
1404 4781 1563 4859 praesenti
1600 4781 1719 4844 virtute
1752 4779 1945 4845 moderetur.
2001 4779 2092 4844 Dicit
2127 4781 2230 4863 igitur

245 4861 355 4928 dentia
386 4863 531 4927 fraenari
563 4876 726 4946 reputant.
773 4862 923 4944 Denique
957 4864 1115 4946 abrogant
1137 4864 1208 4928 Deo
1233 4894 1236 4963 q
1260 4864 1394 4927 calicem
1417 4885 1487 4926 esse
1510 4864 1543 4927 in
1567 4865 1628 4929 Dei
1651 4886 1764 4938 manu,
1797 4888 1859 4948 quo
1882 4866 2055 4931 sceleratos
2078 4867 2229 4931 inebriet.

245 4949 426 5032 imperium,
449 4961 485 5013 ut
507 4949 634 5012 libidini
657 4970 735 5014 snae
759 4970 896 5012 vacuum
919 4961 953 5013 et
975 4950 1111 5014 liberum
1135 4971 1208 5014 eur·
1233 4972 1236 4991 '
1260 4960 1346 5029 *pm
1369 4962 1434 5011 tarn
1454 4949 1670 5014 faeculentum
1693 4973 1788 5034 quam
1814 4952 1948 5016 rubrum
1972 4951 2147 5036 significat,
2171 4952 2229 5016 sed

246 5056 317 5100 sum
340 5034 513 5116 reperiant.
549 5035 638 5116 Ergo
657 5048 695 5098 ιιι
712 5035 817 5099 sobrie
835 5045 869 5098 ct
890 5035 1034 5099 modeste
1053 5037 1088 5099 in
1105 5034 1208 5117 gradu
1260 5040 1333 5116 quia
1358 5035 1469 5097 vinum
1493 5035 1626 5098 rubrum
1649 5037 1734 5119 apud
1752 5036 1919 5103 Hebraeos
1950 5038 2165 5102 fortissimum
2194 5047 2229 5102 et

246 5133 356 5184 nostro
379 5122 542 5201 quiescere
566 5119 738 5197 discamus,
760 5120 916 5184 iudicium
935 5120 1000 5184 Dei
1019 5119 1068 5185 vel
1092 5123 1208 5204 guber·

246 5204 344 5268 nandi
365 5205 476 5269 mundi
496 5205 643 5269 ordinem
663 5206 749 5271 clare
769 5207 892 5283 definit,
912 5206 997 5289 quod
1017 5227 1116 5289 penes
1133 5228 1207 5270 eum
1231 5226 1236 5275 t
1346 5218 1374 5288 ⁸)
1393 5222 1508 5284 trouble,
1526 5237 1560 5275 aa
1576 5239 1684 5292 marga:
1702 5242 1738 5279 οι
1756 5242 1846 5294 rouge.
