4672 5864
219 345 283 410 415
1054 332 1273 401 PSALMUS
1314 333 1390 397 XL.
2141 330 2207 394 416

220 553 297 601 suae
319 527 496 597 custodiam
519 527 552 591 in
574 524 635 591 Dei
657 524 800 589 bonitate
826 530 860 588 et
887 521 952 588 fide
981 521 1079 597 locat,
1109 522 1185 604 quia
1237 521 1441 604 indulgentia
1463 519 1547 585 hanc
1570 519 1724 603 precandi
1746 520 1886 584 formam
1908 516 2065 595 concedit,
2088 529 2124 584 ut
2146 541 2205 603 pro

222 619 350 685 initium
372 614 422 700 (ut
444 611 541 696 paulo
564 621 638 676 ante
659 609 739 693 dixi)
769 629 789 673 a
817 608 958 692 gratuite
981 607 1044 672 Dei
1072 607 1184 671 favore
1236 615 1314 671 voto
1342 618 1453 671 nostro
1483 606 1646 670 acceleret.
1698 606 1816 669 Postea
1845 626 1904 670 suo
1935 623 2025 669 more
2044 604 2204 687 {inimicos

222 706 326 771 facere
347 720 478 766 neeesse
499 706 565 778 est,
595 705 632 762 ut
660 695 700 759 ed
723 715 781 760 nos
803 713 904 777 usque
926 693 1094 776 perveniat
1115 693 1184 757 eius
1236 690 1277 755 ad
1299 692 1362 758 Dei
1385 690 1528 759 tribunal
1550 692 1662 768 citans,
1685 711 1726 756 ex
1748 711 1861 755 eorum
1883 689 2074 755 crudelitate
2096 702 2130 755 et
2150 691 2203 755 in·

221 787 410 857 liberalitas.
456 783 521 850 Sed
550 782 627 864 quia
653 781 760 844 Deum
791 799 857 844 non
885 791 960 844 ante
989 778 1081 844 nobis
1110 798 1185 861 pro·
1237 778 1332 842 iustis
1364 777 1591 860 sceleratisque
1627 776 1710 842 odiis
1737 775 1889 842 fiduciam
1920 774 2078 840 exorandi
2112 778 2202 859 petit.

222 877 340 961 pitium
372 870 569 954 concipimus
600 886 696 951 quam
729 865 821 931 nobis
854 865 973 928 amoris
1005 865 1056 929 sui
1088 862 1187 928 fidem
1237 862 1322 928 Nam
1343 862 1390 927 ita
1410 863 1618 929 statuendum
1639 875 1698 939 eet,
1721 882 1784 945 quo
1806 861 1950 943 iniquius
1962 862 2056 926 nobie
2074 863 2204 928 molesti

223 963 328 1035 faciat,
350 958 465 1023 merito
487 951 776 1031 ercanradus,
806 960 838 1015 et
866 952 900 1014 in
923 947 1091 1016 servandis
1113 969 1187 1031 pro·
1237 957 1315 1012 sunt
1335 948 1453 1025 hostes,
1476 969 1514 1014 ac
1535 947 1685 1013 infestius
1707 948 1740 1011 in
1763 967 1822 1011 nos
1843 947 2011 1012 saeviunt:
2033 947 2144 1013 Deum
2163 949 2203 1013 ad

224 1048 331 1113 missis
349 1045 468 1109 veritas
486 1039 678 1106 annectitur.
1238 1053 1298 1099 nos
1320 1032 1481 1100 iuvandos
1508 1033 1613 1116 magis
1642 1053 1839 1115 propensum
1870 1032 1950 1098 lore.
1993 1032 2101 1115 Atque
2123 1033 2205 1100 haec

1239 1139 1301 1183 non
1325 1119 1469 1202 vulgaris
1491 1117 1665 1183 consolatio
1687 1128 1745 1194 est,
1768 1138 1843 1183 cum
1865 1139 1976 1182 eorum
1998 1118 2207 1202 improbitate

1239 1214 1363 1270 certare
1381 1205 1445 1270 Dei
1467 1202 1731 1282 misericordiam,
1751 1213 1789 1267 ut
1810 1204 1953 1284 paratior
1975 1203 2019 1270 sit
2039 1204 2080 1270 ad
2098 1206 2207 1271 feren·

767 1327 773 1340 ·
802 1326 809 1340 ·
859 1326 865 1338 ·
1111 1322 1117 1336 ·
1240 1291 1317 1353 dum
1341 1290 1508 1366 auxilium,
1532 1309 1595 1372 quo
1617 1287 1785 1355 ardentius
1806 1288 1855 1353 illi
1884 1288 1926 1353 ad
1952 1290 2136 1356 nocendum
2159 1291 2208 1356 fe·

224 1359 372 1486 mm?
394 1324 1190 1496 mffamamgumuwffiffiffmg
1240 1384 1368 1440 runtur.
1412 1376 1596 1451 Caeterum,
1619 1395 1683 1457 quo
1705 1374 1822 1439 affectu
1845 1374 1926 1439 istas
1954 1377 2209 1457 imprecationes

225 1447 285 1525 Μ.
302 1443 344 1507 ΡΟ
356 1439 470 1485 mm·
515 1502 569 1566 des
627 1501 651 1565 it
776 1430 1189 1561 14¹}slmttib51effm
1240 1461 1423 1543 conceperit
1445 1459 1562 1541 David,
1586 1460 1651 1525 iam
1674 1459 1843 1541 aliquoties
1865 1459 1989 1526 dictum
2013 1472 2077 1526 est:
2108 1474 2210 1544 atque

225 1533 302 1662 ’ἓξὲξ
321 1527 373 1574 ⁶⁰⁷
393 1521 626 1652 melmlehoex
654 1520 894 1650 ffi‘aumiium
928 1601 1030 1646 mem
1063 1580 1179 1662 festina
1240 1543 1293 1610 hic
1315 1547 1471 1611 memoria
1489 1554 1634 1628 repetere
1656 1545 1825 1621 convenit,
1854 1567 1895 1611 ne
1924 1545 1998 1629 quis
2019 1546 2210 1613 iracundiae

227 1600 263 1747 l.
301 1610 467 1757 md,
488 1677 515 1737 d
536 1670 715 1736 erubescam
742 1668 839 1733 amat
859 1667 914 1748 qm·
943 1670 1096 1748 quam
1120 1624 1189 1729 ani]
1242 1651 1318 1696 suae
1340 1632 1453 1730 fraena
1474 1632 1597 1730 laxans,
1620 1631 1690 1695 eius
1712 1630 2087 1714 exemplumpraetexat.
2110 1631 2210 1699 Sem·

226 1702 310 1834 mim
331 1781 432 1828 mam
453 1756 702 1839 adperdmdum
720 1773 804 1819 eam:
825 1758 1004 1818 avertamur
1021 1757 1190 1816 mmmm
1242 1737 1300 1799 per
1321 1737 1407 1781 emm
1431 1716 1637 1781 damnabitur
1659 1736 1772 1781 eorum
1793 1715 1989 1800 κακοζηλία,
2022 1719 2075 1800 qui
2098 1722 2211 1784 carnis

226 1836 1191 2017 alterutra
1242 1886 1850 1969 aaa
1874 1801 2211 1884 Q

228 2025 324 2107 Eme,
342 2039 425 2100 3⁴93,
1244 1993 1300 2038 sus
1321 1985 1385 2038 est:
1409 1973 1517 2039 Sicutr
1538 1972 1599 2038 hoe
1621 1993 1724 2037 unum
1752 1983 1940 2056 spectarunt
1969 1987 2006 2038 ut
2035 1995 2085 2038 me
2115 1995 2211 2058 igno.

1244 2057 1345 2124 minia
1366 2059 1596 2142 opprimerent,
1619 2067 1653 2123 et
1674 2057 1809 2124 confuso
1832 2059 2006 2140 acperdito
2022 2058 2214 2141 petulanter

1243 2143 1454 2210 insultarent:
1489 2145 1534 2209 ita
1566 2143 1683 2209 similis
1710 2144 1855 2209 confusio
1888 2144 1923 2207 in
1957 2164 2068 2209 eorum
2101 2147 2213 2228 capita

316 2243 364 2306 13.
387 2231 782 2325 (ριίαιινιιιιιάιᾶιιιιιιι.)
812 2227 999 2297 Phrasisbe
1023 2227 1192 2312 raicaplus
1244 2229 1376 2294 recidat.
1419 2229 1503 2294 Nam
1526 2229 1666 2294 secundo
1688 2227 1832 2294 membro
1855 2250 1958 2312 genus
1985 2229 2066 2295 illud
2094 2232 2213 2297 confu-

229 2328 383 2415 exprimit
394 2345 491 2408 quam
503 2322 603 2387 latine
614 2317 771 2384 redditur.
793 2317 884 2382 Dicit
894 2315 1005 2381 enimt
1031 2328 1071 2413 y,
1093 2333 1192 2396 super
1244 2313 1345 2380 sionis
1366 2315 1522 2398 designat,
1547 2313 1646 2380 falsos
1668 2334 1807 2397 paeanas
1830 2318 1983 2399 referens,
2009 2317 2127 2399 quibus
2149 2320 2214 2383 mi-

229 2438 298 2483 me:
331 2412 528 2497 significans,
560 2426 625 2470 non
658 2403 754 2469 modo
783 2402 926 2484 undique
955 2422 990 2467 se
1025 2400 1066 2465 ad
1095 2419 1191 2464 omne
1244 2421 1354 2465 serum
1376 2411 1408 2466 et
1430 2401 1654 2465 calamitosum
1673 2401 1838 2465 hominem
1857 2400 2082 2467 traduxerant.
2106 2404 2213 2469 Porro

228 2506 315 2570 latus
332 2519 402 2564 esse
424 2495 606 2567 obsessum,
635 2489 692 2557 sed
714 2489 811 2571 capiti
832 2487 929 2552 etiam
952 2508 1010 2552 suo
1032 2485 1192 2549 malorum
1245 2497 1282 2549 ut
1303 2485 1379 2552 hinc
1401 2485 1563 2563 docemur,
1585 2485 1640 2550 ubi
1663 2507 1721 2552 nos
1744 2486 1896 2552 atrociter
1917 2487 2067 2552 insectati
2088 2489 2215 2555 fuerint

229 2585 413 2672 congeriem
434 2578 631 2644 incumbere.
667 2574 802 2638 Interea
818 2593 884 2637 non
903 2572 1118 2654 conqueritur,
1140 2568 1192 2634 vel
1245 2571 1371 2650 hostes,
1401 2583 1545 2653 paratam
1568 2570 1633 2634 illis
1655 2570 1835 2637 mercedem
1858 2592 1944 2650 esse,
1976 2585 2011 2637 ut
2039 2575 2073 2638 in
2095 2597 2215 2641 eorum

228 2671 401 2744 immerito,
424 2664 476 2731 vel
498 2681 599 2744 supra
620 2660 734 2741 culpae
755 2678 833 2723 suae
855 2656 987 2722 modum
1015 2677 1052 2722 se
1073 2654 1191 2737 affligi:
1244 2656 1352 2739 capita
1383 2656 1539 2740 quidquid
1571 2655 1747 2721 machinati
1779 2666 1867 2735 sunt,
1900 2659 1993 2723 Deus
2024 2669 2216 2742 retorqueat

229 2761 308 2844 quin
336 2753 444 2836 potius
472 2750 613 2831 ingenue
642 2746 762 2808 latetur
789 2741 922 2824 rependi
957 2741 1097 2824 peccatis
1124 2741 1192 2805 suis
1245 2751 1302 2805 aut
1346 2741 1509 2807 revolvat:
1555 2744 1602 2808 sic
1641 2741 1754 2806 eadem
1794 2743 1940 2808 doctrina
1978 2742 2215 2813 moderationis

231 2841 404 2909 mecedem.
448 2833 534 2898 Nam
556 2830 618 2895 etsi
652 2842 696 2928 tp
718 2828 768 2913 (ut
789 2828 867 2892 alibi
888 2828 1016 2911 saepius
1038 2824 1192 2908 vidimus)
1244 2826 1394 2892 fraenum
1416 2847 1486 2893 esse
1508 2827 1611 2904 debet,
1635 2838 1671 2891 ut
1689 2848 1746 2893 nos
1765 2828 1952 2894 humaniter
1966 2850 2040 2895 cum
2053 2834 2215 2913 proximis

230 2945 368 3013 poenam
389 2939 514 3005 quoque
536 2916 714 3000 signifieat,
744 2914 941 2998 etymologia
971 2923 1080 2978 tamen
1104 2932 1192 2995 speo-
1245 2932 1405 2996 geramus.

231 3012 330 3080 tanda
351 3019 410 3075 est.
444 3005 533 3088 Ergo
555 3021 656 3084 quum
671 2999 790 3078 David,
811 3020 891 3082 quas
908 3001 1047 3064 sustinet
1064 3017 1193 3081 poenes,

230 3101 356 3166 fructus
376 3092 430 3158 vel
451 3091 585 3156 effectus
601 3085 782 3168 iniqnitatis
801 3094 901 3164 voest,
922 3083 1032 3151 subest
1049 3083 1194 3148 modesta

230 3182 406 3252 confessio:
439 3174 525 3242 unde
545 3173 727 3256 colligimus
747 3182 869 3255 quanta
890 3169 1140 3237 mansuetudine
1161 3178 1194 3268 et
1245 3207 1289 3266 ιθ.
1310 3209 1339 3267 et
1358 3204 1479 3284 dicant,
1512 3202 1639 3287 Smper
1660 3205 1874 3288 „wffmfioegur
1897 3205 2027 3286 103,on
2055 3207 2112 3287 qm·
2140 3209 2219 3275 ἄξῃ,

231 3267 414 3338 ῐθνθῐθῦῑῑῦ
448 3262 512 3326 D⁰i
544 3258 672 3323 ludi‘lis
694 3280 729 3324 ⁸⁰
750 3257 955 3356 submlwil’
972 3257 1039 3357 ‚qui
1068 3257 1192 3340 ingfflm
1245 3294 1322 3371 quiet
1343 3290 1474 3355 solumne
1495 3295 1590 3355 trram.
1640 3291 1689 3356 18.
1712 3290 1782 3371 Epo
1800 3296 1902 3355 cumin
1918 3313 2043 3372 prosper
2063 3298 2092 3358 et
2108 3293 2217 3374 inops.

231 3356 391 3453 ¹11210me
424 3346 573 3431 ⁰⁰¹³g⁰¹l⁰
605 3365 794 3447 PPP¹⁸⁸⁸¹¹⁸’
821 3362 903 3441 .⁸¹¹³⁸
934 3344 1132 3442 mmmmm.
1153 3363 1193 3441 ⁰3
1247 3374 1362 3440 lebona
1378 3377 1540 3457 prospexit
1570 3376 1664 3442 criti:
1699 3377 1858 3441 stasilium
1888 3384 2037 3443 nteamel
2065 3377 2219 3446 liberator·

231 3448 378 3524 opposrto
411 3435 508 3515 longe
540 3430 668 3511 lateque
696 3426 859 3507 extendit,
896 3448 937 3492 ne
965 3427 1074 3492 Deum
1101 3448 1194 3492 nrmu
1245 3481 1341 3539 meus,
1365 3466 1398 3525 tu
1420 3460 1508 3526 Deus
1525 3465 1570 3526 mi
1587 3484 1625 3528 ne
1647 3464 1761 3528 tardes·

231 3524 349 3612 rigoris
380 3517 554 3585 insimulet
599 3514 672 3612 Iam
699 3512 778 3578 dum
807 3511 956 3610 videmus
985 3521 1053 3611 tam
1081 3534 1194 3579 severe

231 3619 406 3679 tractatum
448 3602 550 3668 luisse
587 3597 767 3675 Davidem,
810 3596 971 3662 ducamus
1005 3605 1104 3662 stram
1135 3597 1195 3662 sub

233 3694 389 3765 extremis
409 3687 504 3754 malis
525 3695 708 3770 gementes,
736 3683 876 3748 iudicem
905 3691 1051 3747 nostrum
1074 3683 1196 3765 suppli·
1334 3684 1383 3748 l'l.
1406 3683 1587 3768 (Exercent
1614 3690 1641 3749 et
1665 3683 1839 3769 laetentur.)
1898 3685 1972 3749 Alio
2010 3695 2218 3770 argumento,

311 1253 360 1316 13.
388 1248 469 1329 Quia
490 1243 754 1310 circumdederunt
775 1261 822 1304 me
843 1239 929 1304 molo
950 1258 1047 1320 usqae
1068 1238 1103 1303 in
1126 1240 1186 1301 im-

1332 3118 1382 3182 17.
1406 3117 1570 3184 Enaullmtt
1591 3119 1776 3185 eludentur
1797 3118 1831 3182 in
1852 3124 1880 3182 te
1902 3140 2006 3187 omnes
2022 3121 2218 3203 inquirentes

232 3787 313 3851 citer
335 3774 512 3929 deprecari.
548 3769 642 3836 Adde
664 3769 748 3852 qnod
770 3790 805 3835 se
826 3789 892 3833 non
913 3767 1013 3833 fuisse
1030 3766 1195 3849 stupidum
1247 3768 1331 3849 qnod
1354 3771 1452 3836 otiam
1475 3770 1550 3835 alibi
1571 3790 1667 3852 saepe
1684 3783 1828 3852 usurpat,
1852 3771 1953 3834 utitur
1975 3771 2015 3835 ad
2033 3772 2217 3854 impetran-

231 3869 285 3936 vel
306 3867 371 3949 lapi
394 3882 468 3929 eum
491 3855 648 3932 ostendit,
677 3876 777 3939 quum
806 3854 938 3921 relictus
968 3852 1021 3920 vel
1049 3850 1196 3918 desertus
1248 3852 1322 3918 dam
1344 3855 1585 3932 liberationem,
1614 3875 1679 3918 non
1708 3854 1793 3937 quod
1823 3855 1864 3920 ad
1886 3855 1993 3920 Deum
2016 3858 2218 3939 persuaden-

232 3955 331 4019 fuerit
350 3972 370 4015 a
390 3947 488 4014 corde
515 3964 582 4009 suo.
627 3940 767 4008 Perinde
799 3941 888 4007 enim
917 3947 967 4007 est
999 3960 1036 4006 ac
1068 3939 1096 4004 si
1129 3960 1195 4003 non
1248 3938 1325 4004 dum
1348 3942 1490 4007 rationes
1512 3941 1656 4023 proferre
1679 3960 1760 4021 opus
1783 3941 1835 4020 sit,
1857 3941 1913 4006 sed
1936 3943 2013 4023 quia
2034 3940 2132 4007 fidem
2158 3965 2218 4009 no·

233 4037 330 4103 modo
351 4038 507 4106 fractum,
536 4028 593 4094 sed
622 4029 844 4092 exanimatum
871 4047 906 4091 se
935 4026 1072 4091 iacuisse
1101 4024 1195 4090 dicat.
1247 4037 1350 4090 stram
1372 4027 1423 4092 bis
1445 4026 1577 4091 fulturis
1598 4026 1791 4091 confirmare
1814 4027 1894 4092 utile
1916 4042 1974 4093 cst.
2018 4027 2106 4108 Quia
2135 4050 2218 4114 ergo

236 4122 347 4190 Gordia
369 4129 477 4184 tamen
507 4115 667 4181 delectum
697 4112 749 4179 vel
778 4110 955 4195 deliquium
983 4111 1128 4195 intellige
1157 4111 1197 4175 de
1247 4113 1338 4177 Deus
1360 4112 1574 4178 communiter
1591 4110 1632 4174 ab
1654 4110 1818 4192 omnibus,
1848 4133 1912 4177 non
1935 4121 2061 4177 tantum
2083 4114 2124 4178 ab
2147 4136 2218 4182 uno

234 4207 343 4276 carnis
363 4223 476 4270 sensu:
510 4200 586 4284 quia
607 4196 758 4281 precandi
780 4197 964 4263 constantia
991 4207 1078 4263 certo
1101 4196 1196 4262 docu·
1249 4199 1301 4263 vel
1317 4198 1429 4271 altero,
1450 4196 1520 4263 vult
1542 4196 1674 4280 agnosci
1688 4197 1887 4264 misericors:
1908 4199 2032 4280 quoties
2049 4220 2152 4264 unum
2175 4223 2219 4267 ex

235 4298 344 4360 mento
367 4298 425 4366 eet,
447 4285 545 4352 fidem
567 4303 734 4366 nunquam
756 4285 885 4365 penitus
906 4283 940 4348 in
963 4302 1000 4346 eo
1022 4283 1122 4349 fuisse
1143 4305 1197 4348 ex·
1248 4284 1316 4349 suis
1337 4284 1478 4366 aliquem
1501 4281 1627 4359 liberat,
1653 4303 1823 4349 commune
1844 4284 2036 4349 beneficium
2058 4298 2218 4367 praestat,

235 4381 404 4448 sanctam:
427 4371 484 4437 sed
505 4391 604 4452 quum
623 4370 717 4452 inops
731 4368 857 4434 consilii
868 4377 900 4432 et
911 4368 1034 4433 virtute
1049 4370 1197 4433 exinani·
1249 4368 1333 4451 quod
1356 4368 1452 4434 simul
1475 4367 1585 4434 fideles
1607 4368 1641 4431 in
1664 4389 1698 4433 se
1720 4370 1898 4434 transferre
1921 4369 2050 4450 debent,
2079 4370 2158 4436 dum
2182 4373 2218 4437 in

235 4478 289 4532 tus
310 4459 488 4528 secundum
505 4454 668 4519 bominem
693 4463 789 4534 esset,
811 4474 877 4518 non
899 4452 955 4519 abs
977 4474 1012 4518 re
1029 4475 1085 4519 cor
1102 4475 1197 4520 suum
1249 4455 1346 4520 nnius
1367 4454 1508 4519 hominis
1530 4474 1666 4537 persona
1694 4467 1843 4538 spectant
1864 4454 1969 4538 qualis
1997 4476 2074 4538 erga
2101 4477 2218 4523 omnes

235 4549 407 4617 evanuisse
429 4543 515 4608 dicit.
1248 4543 1379 4607 futurus
1400 4542 1444 4608 sit
1465 4541 1565 4618 Deus,
1587 4540 1642 4623 qui
1664 4540 1725 4605 sibi
1748 4563 1811 4606 non
1835 4559 1883 4608 est
1905 4541 2079 4606 dissimilis.
2125 4542 2218 4627 Ergo

322 4634 373 4698 14.
394 4629 535 4718 (Placeat
561 4624 617 4689 tibi
644 4623 782 4698 lebona.)
827 4623 973 4688 Verbum
1002 4644 1065 4707 qno
1094 4628 1198 4692 utitur
1249 4650 1284 4694 se
1316 4627 1399 4692 nihil
1430 4626 1582 4709 privatim
1611 4626 1671 4691 sibi
1699 4637 1809 4708 petere
1838 4626 1995 4704 ostendit,
2031 4625 2119 4709 quod
2148 4650 2216 4694 non

236 4721 354 4799 David,
377 4739 419 4783 ex
441 4734 530 4780 mero
560 4710 757 4792 beneplacito
779 4708 864 4775 vello
893 4709 1064 4795 significat.
1108 4713 1198 4797 Ergo
1248 4713 1290 4778 ad
1320 4720 1419 4777 tetam
1452 4712 1619 4778 ecclesiam
1650 4711 1818 4793 pertineat.
1868 4713 2028 4777 Precatur
2055 4722 2095 4777 ut
2122 4712 2217 4781 Deus

236 4807 365 4874 liberari
388 4802 481 4886 cupit
501 4796 648 4883 gratuita
670 4794 735 4859 Dei
758 4795 988 4861 misericordia.
1033 4796 1085 4861 De
1107 4798 1198 4864 festi·
1249 4808 1377 4865 sanctos
1398 4817 1510 4863 omues
1531 4797 1701 4874 exhilaret,
1723 4797 1777 4863 vel
1799 4818 2003 4864 communem
2021 4798 2102 4881 ipsis
2122 4819 2217 4881 prae·

236 4894 369 4959 natione
392 4888 468 4954 alibi
493 4885 612 4950 dictum
642 4890 700 4946 eet
751 4880 836 4945 Nam
863 4881 924 4945 etsi
954 4882 1103 4948 tardante
1126 4884 1197 4950 Deo
1251 4888 1325 4950 beat
1346 4883 1529 4965 gratulandi
1551 4884 1739 4962 materiam,
1773 4893 1808 4948 nt
1839 4883 1877 4947 de
1899 4884 1969 4948 eius
1991 4883 2113 4949 auxilio
2132 4887 2217 4952 certi

236 4988 349 5043 eontra
360 4973 504 5042 taedium
524 4969 616 5035 nobis
634 4965 823 5033 luctandum
842 4976 907 5031 est:
931 4987 989 5050 pro
1011 4989 1070 5034 sua
1088 4980 1197 5037 tamen
1250 4968 1399 5035 alacriter
1422 4967 1462 5032 ad
1491 4970 1597 5052 ipsum
1626 4989 1662 5034 se
1687 4968 1862 5034 conferant.
1908 4968 2002 5035 Unde
2028 4970 2216 5049 statuimus,

1249 5055 1357 5120 Deum
1379 5054 1412 5117 in
1440 5054 1578 5138 singulis
1607 5053 1793 5121 hominibus
1821 5074 1900 5119 suae
1926 5075 2005 5141 erga
2032 5075 2091 5121 nos
2121 5056 2216 5123 boni·

1250 5139 1327 5206 tatis
1348 5140 1509 5221 specimen
1532 5140 1637 5205 edere.
1682 5139 1778 5219 Quod
1800 5140 1898 5205 ctiam
1921 5139 1998 5208 dicit
2020 5160 2129 5206 amare
2152 5144 2216 5209 Dei

322 5241 351 5308 ⁸)
368 5240 451 5296 m’ont
468 5239 517 5302 dit,
535 5255 569 5294 ea
585 5256 692 5310 marce:
710 5259 745 5296 ou
762 5246 812 5296 ont
829 5240 871 5294 dit
886 5241 920 5296 de
938 5259 1009 5311 moy.
1248 5224 1387 5308 aolmnn,
1416 5235 1532 5291 notatu
1554 5225 1689 5310 dignum
1720 5235 1783 5291 est:
1812 5227 1887 5309 quia
1915 5225 1993 5292 binc
2021 5225 2215 5312 colligimus,
