4658 5856
159 335 224 400 619
951 333 1168 401 PSALMUS
1190 331 1356 398 LXXIII.
2082 334 2147 399 680

248 524 295 590 10.
319 522 503 608 (Propterea
532 521 720 607 revertetur.)
764 522 865 587 Varie
892 522 977 588 hanc
994 529 1125 588 senten·
1177 542 1273 588 66166
1303 541 1372 587 esse
1394 520 1474 586 Deo.
1519 519 1586 587 Sed
1608 521 1663 589 hio
1684 521 1787 587 refert
1808 520 1926 599 David,
1956 523 2044 603 ipsos
2066 541 2144 602 quo·

159 611 239 677 tiam
275 619 427 692 torquent
461 611 670 690 interpretes:
703 607 809 689 primo
842 609 919 690 quia
951 607 1125 673 relativum
1176 628 1237 690 que
1260 606 1371 672 fideles
1394 606 1557 690 vacillare,
1581 628 1646 672 non
1665 607 1750 690 quod
1766 619 1982 690 prorumpant
1996 606 2030 671 in
2047 608 2144 672 istam

160 697 230 763 sine
245 694 457 761 antecedente
472 693 613 777 ponitur,
631 691 762 777 quidam
778 692 949 759 indefinite
961 694 1125 777 accipiunt
1177 692 1422 775 blasphemiam,
1444 692 1501 757 sed
1524 694 1599 775 quia
1621 714 1686 758 non
1709 701 1849 776 possunt
1870 693 1981 758 statim
2001 715 2036 758 se
2053 693 2144 758 aohi-

159 783 199 848 de
217 781 333 865 impiis,
353 803 390 846 ac
407 780 436 847 si
454 778 575 846 dictum
593 787 688 857 esset,
710 779 833 863 Impios
853 801 981 862 semper
998 778 1124 846 revolvi
1175 777 1250 843 bere
1274 777 1327 842 ubi
1349 798 1477 844 cessare
1499 779 1627 843 videtur
1650 779 1741 844 Dens
1762 779 1797 843 in
1820 800 1879 844 sno
1901 779 2016 844 616616.
2057 778 2145 844 Nota

160 867 199 934 ad
231 868 328 932 istam
361 866 607 950 cogitationem:
644 876 677 929 61
703 865 856 947 populum
890 866 1055 947 accipiunt
1085 862 1125 929 de
1176 873 1225 928 est
1263 862 1318 927 illa
1352 864 1570 948 expostulatio
1603 864 1761 930 Ieremias
1793 865 1843 948 12,
1878 865 1917 928 l:
1961 864 2078 930 Iustus
2108 886 2146 929 66

159 974 281 1037 616666
311 965 457 1033 6616116,
491 950 567 1032 6616
599 971 695 1016 66616
728 952 846 1032 1166166
879 950 1009 1031 6166661
1041 949 1126 1015 161111
1175 949 1334 1027 Domine,
1368 960 1399 1014 et
1432 958 1520 1015 rocta
1551 949 1671 1016 iudicia
1706 961 1778 1015 tna:
1819 951 1950 1015 interim
1986 951 2077 1015 venit
2108 950 2141 1014 in

160 1039 236 1122 quin
276 1059 385 1104 secum
416 1037 523 1102 trahat
552 1036 670 1102 multos
700 1036 843 1101 comites.
894 1037 1017 1101 Putant
1046 1056 1124 1119 ergo
1175 1044 1317 1099 mentem
1352 1036 1481 1117 litigare
1510 1042 1633 1115 tecum,
1668 1035 1753 1119 quod
1784 1035 1836 1104 via
1864 1037 2040 1119 impiorum
2072 1057 2143 1118 pro·

161 1126 209 1190 illi
232 1124 421 1207 prophetam
444 1122 560 1200 616616,
584 1122 751 1186 turmatim
772 1122 890 1186 multos
905 1122 1069 1187 confluere
1084 1120 1125 1185 ad
1174 1131 1331 1202 speretur.
1396 1121 1485 1186 Hinc
1530 1130 1665 1205 apparet
1705 1122 1865 1205 quomodo
1905 1123 1976 1205 pias
2016 1142 2143 1204 quoque

161 1230 422 1293 unumquemque
450 1208 595 1291 impium.
645 1207 774 1272 Deinde
801 1207 836 1271 in
866 1208 1011 1291 ipsorum
1042 1207 1124 1271 aulis
1175 1217 1302 1270 mentes
1332 1217 1458 1291 pungat
1486 1205 1643 1273 dubitatio
1673 1208 1712 1272 dc
1740 1208 1945 1291 providentia
1972 1208 2056 1271 Dei:
2087 1206 2142 1272 sed

161 1305 329 1364 contentos
355 1315 424 1360 esse
447 1314 548 1377 aquae
570 1301 665 1376 potu:
696 1292 776 1358 adeo
798 1293 870 1359 illos
891 1293 1029 1358 fascinat
1051 1314 1123 1375 per·
1176 1306 1285 1356 tamen
1316 1315 1380 1358 non
1412 1293 1542 1375 penitus
1572 1293 1738 1360 vulneret:
1769 1294 1845 1377 quia
1866 1294 2034 1376 praefatur
2056 1292 2144 1358 Iere-

161 1403 258 1448 16166
286 1380 484 1464 imaginatio.
529 1379 631 1461 Atqui
662 1379 763 1444 multo
788 1381 906 1444 rectior
928 1391 978 1444 cst
999 1400 1124 1456 sensus,
1176 1379 1274 1454 61166,
1316 1378 1464 1444 fraenum
1493 1377 1555 1445 hoc
1589 1378 1684 1444 modo
1718 1379 1779 1445 sibi
1812 1380 1970 1445 iniiciens.
2027 1378 2142 1461 Neque

161 1469 215 1552 qui
244 1467 340 1531 etiam
371 1467 486 1531 maiori
516 1486 676 1531 consensu
703 1472 851 1547 receptus
880 1474 939 1543 est,
968 1464 1124 1548 populum
1175 1471 1284 1527 161666
1307 1486 1435 1548 semper
1456 1466 1503 1528 ita
1524 1475 1652 1530 mature
1675 1474 1911 1548 praeoccupant
1930 1463 2075 1531 Satanae
2096 1465 2144 1527 in·

160 1554 225 1619 Dei
243 1553 363 1617 reverti
384 1551 470 1618 illuc.
506 1551 589 1616 Nam
610 1550 693 1633 quod
712 1530 807 1635 θήῃ
818 1550 949 1633 6616616
962 1553 1126 1631 accipiunt
1176 1548 1289 1630 sidias,
1333 1553 1410 1632 quin
1450 1550 1627 1616 dubitando
1666 1552 1835 1635 inquirant
1873 1549 2032 1634 quomodo
2072 1551 2141 1614 6611

160 1660 219 1724 616
252 1638 388 1715 6161616,
422 1648 568 1703 66661616
600 1645 659 1701 661.
715 1635 869 1702 Nondum
903 1643 1013 1701 tamen
1047 1636 1126 1700 satis
1176 1634 1280 1716 possit
1312 1645 1350 1700 ut
1378 1636 1483 1715 Deus,
1517 1637 1545 1702 si
1577 1637 1736 1701 mundum
1766 1638 1913 1720 respicit,
1947 1636 2044 1701 rebus
2079 1647 2143 1699 tam

161 1731 289 1791 constat
318 1724 394 1805 quid
425 1723 583 1806 propheta
610 1720 700 1787 velit.
752 1721 893 1803 Quidam
927 1722 1125 1787 coniunctim
1176 1720 1369 1785 inordinatis
1393 1744 1455 1787 non
1479 1731 1656 1789 succurrat.
1691 1724 1815 1787 Eorum
1835 1723 1891 1806 qui
1910 1722 2009 1804 impie
2029 1732 2144 1787 666116

160 1811 286 1895 166661,
309 1808 472 1892 Populum
494 1808 555 1873 Dci
578 1808 643 1873 huc
664 1811 796 1884 reverti,
820 1819 855 1872 ut
877 1808 989 1892 plenos
1012 1808 1126 1873 calices
1178 1805 1286 1870 Deum
1316 1807 1487 1886 blaterant,
1517 1808 1587 1872 eius
1614 1808 1853 1891 providentiam
1877 1805 2038 1891 negando,
2069 1817 2145 1872 sunt

161 1897 291 1961 hauriat
323 1917 424 1977 66666
456 1894 620 1959 1116616116.
669 1895 741 1979 Ego
769 1915 845 1959 vero
879 1915 1008 1959 1616661
1038 1893 1127 1958 11666
1177 1890 1240 1955 666
1272 1914 1400 1976 666616.
1451 1894 1592 1975 Quidam
1627 1898 1712 1958 enim
1743 1895 1850 1978 palam
1883 1902 2042 1958 evomunt
2070 1913 2144 1957 suas

161 1980 301 2066 pendere
332 1981 471 2046 arbitror
498 2003 539 2045 cx
565 1980 722 2063 superiori
751 2001 915 2058 sermone,
949 1988 985 2043 ut
1012 2000 1126 2044 sensus
1178 1976 1406 2060 blasphemias,
1426 1980 1510 2063 quod
1530 1979 1621 2044 Deus
1643 1982 1707 2044 otio
1730 2002 1789 2045 suo
1812 1990 1844 2045 et
1867 1977 1991 2045 deliciis
2013 1988 2147 2044 conten·

159 2070 212 2146 sit,
235 2066 355 2131 multos
378 2067 432 2149 qui
456 2065 558 2131 habiti
579 2067 710 2131 fuerant
732 2065 764 2130 in
785 2065 849 2130 Dei
872 2064 1000 2148 populo,
1023 2064 1127 2148 abripi
1178 2074 1247 2141 tus,
1288 2065 1437 2131 fortunae
1478 2086 1574 2129 611166
1614 2066 1787 2147 1616611616
1827 2066 2005 2148 6616111161.
2071 2063 2148 2143 Alii,

159 2154 221 2219 hac
244 2153 434 2230 tentatione,
466 2175 503 2217 ac
528 2152 699 2235 naufragio
721 2153 820 2217 etiam
843 2151 1017 2216 absorberi.
1061 2151 1126 2215 Nc·
1178 2152 1326 2232 quamvis
1349 2152 1437 2216 taciti
1458 2152 1548 2215 intus
1570 2151 1722 2216 sorbeant
1744 2173 1820 2218 suas
1838 2152 2063 2235 cogitationes,
2085 2149 2147 2213 fre·

160 2261 222 2323 que
241 2239 328 2303 euim
348 2238 477 2303 videtur
495 2236 535 2303 66
553 2238 663 2303 6166116
681 2237 780 2319 16661,
798 2237 997 2302 6661661616
1014 2246 1128 2301 661616
1179 2245 1274 2300 munt
1302 2246 1411 2302 tamen
1435 2237 1537 2301 nihilo
1559 2237 1677 2316 minus,
1706 2247 1740 2301 61
1761 2238 1871 2302 Deum
1894 2236 2076 2301 iniustitiae
2098 2235 2148 2299 vel

161 2327 303 2390 larvatos
329 2324 504 2402 1616611166,
536 2325 591 2406 661
613 2323 719 2388 166661
741 2324 776 2387 16
801 2321 935 2389 66616616
958 2329 1126 2404 occupant.
1180 2322 1318 2404 torporis
1348 2333 1510 2402 accusant,
1540 2322 1626 2404 quod
1656 2324 1829 2389 connivent
1850 2322 1891 2387 ad
1913 2321 2047 2396 scelera,
2079 2321 2149 2404 6166

162 2411 234 2476 Hos
267 2430 345 2493 ergo
377 2410 455 2476 dicit
487 2411 521 2473 in
557 2409 692 2474 exitium
726 2409 887 2492 demergi,
921 2410 995 2491 quia
1027 2409 1128 2474 616116
1179 2408 1336 2492 negligat,
1365 2409 1515 2491 sinatque
1545 2409 1653 2473 omnia
1683 2408 1833 2492 dissipari
1862 2428 1899 2474 ac
1929 2428 2063 2490 possum
2085 2408 2147 2470 irc:

161 2496 377 2562 aemulatione
428 2496 553 2577 decepti
597 2496 669 2560 Deo
707 2504 739 2560 61
779 2495 891 2577 6161611
932 2494 1127 2559 valedicunt.
1179 2494 1224 2575 pii
1255 2504 1373 2573 autem,
1403 2505 1576 2576 antequam
1603 2515 1724 2576 pravae
1752 2496 1833 2560 16166
1856 2502 1890 2559 61
1912 2492 2076 2558 66166666
2098 2512 2147 2556 66-

162 2581 357 2664 Quanquam
386 2583 507 2663 poterit
534 2581 631 2645 ctiam
660 2580 827 2644 commode
856 2581 918 2643 hoc
950 2581 1064 2644 referri
1088 2580 1128 2643 66
1180 2578 1352 2661 6116116666
1369 2590 1538 2661 penetrent
1556 2581 1590 2644 in
1606 2600 1717 2644 eorum
1730 2581 1865 2658 animos,
1884 2600 1955 2645 6666
1966 2585 2148 2644 exonerant

162 2670 291 2745 electos,
318 2688 454 2749 quorum
479 2666 658 2749 permultos
680 2665 759 2729 adeo
781 2664 959 2747 impetuosa
984 2667 1129 2749 exagitat
1180 2666 1215 2727 in
1230 2663 1294 2727 Dei
1312 2667 1437 2730 sinum:
1462 2688 1565 2748 neque
1585 2665 1672 2730 aliud
1692 2676 1809 2748 petunt
1828 2687 1924 2748 quam
1943 2665 2147 2747 acquiescere

162 2755 226 2818 1616
257 2754 392 2816 16616116
422 2763 459 2815 61
481 2773 515 2815 66
538 2758 733 2817 6661611661
754 2748 795 2813 66
817 2750 963 2832 obliquos
986 2772 1127 2816 errores:
1180 2750 1213 2813 in
1243 2752 1370 2815 6166616
1399 2751 1466 2815 6166
1496 2750 1633 2830 16616116,
1663 2773 1800 2833 66611161
1832 2752 1916 2816 16116
1942 2751 2029 2832 ipsos
2053 2749 2146 2833 fugit.

162 2860 227 2903 non
251 2837 337 2920 quod
359 2836 534 2902 sceleribus
557 2859 592 2902 se
612 2835 772 2911 addicant,
796 2834 851 2901 666
875 2836 950 2916 6616
972 2858 1036 2900 666
1056 2858 1128 2919 per·
1182 2834 1306 2901 Sensus
1328 2857 1405 2917 ergo
1428 2836 1526 2901 huius
1546 2837 1608 2902 loci
1626 2847 1686 2915 est,
1707 2859 1771 2901 666
1788 2837 1883 2902 61666
1897 2837 2025 2919 impios,
2047 2856 2145 2919 quum

163 2924 286 2989 sistunt
318 2923 350 2987 in
385 2924 479 2987 firmo
512 2922 624 3007 gradu.
680 2922 807 2987 Sensus
841 2942 917 3004 6166
950 2923 1026 2997 6111,
1062 2944 1128 2986 666
1181 2919 1295 2984 116661
1326 2942 1379 2986 166
1411 2921 1445 2986 16
1479 2921 1600 2986 616666
1636 2924 1853 2999 turbulentas,
1887 2925 2038 2987 fortunae
2073 2922 2147 2985 darc

164 3008 260 3073 modo
294 3009 463 3090 profanum
493 3007 625 3091 vulgus,
657 3007 714 3074 sed
744 3007 856 3072 fideles
885 3013 980 3089 ipsos,
1011 3008 1129 3089 quibus
1154 3050 1157 3095 Ι
1181 3027 1312 3072 6666616
1335 3008 1526 3090 imperium:
1549 3008 1605 3072 sed
1629 3009 1714 3090 ipsos
1737 3030 1862 3091 quoque
1880 3006 1992 3073 fidelos
2010 3008 2149 3085 concuti,

164 3096 365 3177 propositum
396 3106 446 3159 est
474 3093 584 3158 Deum
608 3093 724 3171 colore,
757 3092 881 3175 impelli
911 3094 951 3157 66
980 3093 1128 3159 illicitam
1181 3103 1218 3156 61
1252 3093 1421 3174 ambigant
1451 3094 1491 3159 de
1523 3094 1731 3177 providentia
1766 3095 1845 3159 Dei:
1885 3107 1917 3158 61
1955 3092 2148 3158 mirabiliter

163 3180 424 3244 aemulationem.
470 3178 565 3260 Quod
597 3191 710 3261 666166
737 3180 892 3261 66661161,
920 3200 1021 3261 aquus
1038 3181 1129 3264 616116
1181 3179 1314 3243 16116611
1337 3179 1400 3244 Ι)61
1421 3199 1531 3260 manu,
1561 3201 1602 3244 ne
1624 3181 1657 3244 in
1681 3181 1742 3246 hac
1764 3181 1882 3264 abysso
1905 3200 2041 3263 prorsus
2063 3199 2147 3244 mer·

163 3267 257 3333 661166
289 3266 356 3331 illis
385 3266 529 3346 66611611,
564 3265 694 3330 1166161
726 3285 796 3330 6666
829 3284 946 3330 666666
981 3265 1129 3343 redditio,
1182 3274 1312 3346 gantur.

163 3353 240 3434 quia
262 3372 315 3416 eos
338 3361 468 3432 torquet
489 3352 650 3416 moestitia
672 3349 749 3414 dum
774 3350 1129 3435 6611666666161616-
1269 3347 1531 3436 16616166.)
1565 3350 1669 3431 Quasi
1693 3373 1750 3433 per
1772 3351 1993 3436 hypotyposin
2018 3350 2149 3415 demon·

163 3437 242 3501 tatis
263 3438 396 3501 fructus.
437 3435 522 3500 Nam
545 3436 637 3517 aquis
659 3436 810 3512 saturari,
831 3437 1027 3502 translatitie
1043 3437 1129 3520 posi·
1182 3445 1265 3500 strat
1287 3437 1392 3519 qualis
1415 3437 1598 3502 1661111616
1620 3437 1795 3502 aemulatio
1813 3459 1896 3519 qnae
1914 3437 1984 3502 eius
2003 3437 2146 3500 animum

164 3536 234 3586 1661
258 3532 387 3604 661616
410 3521 750 3587 666111616161661666
774 3520 909 3586 6616166.
1182 3541 1282 3604 61666
1313 3522 1534 3587 labefactavit:
1568 3522 1655 3587 Ecce
1688 3544 1787 3606 quum
1821 3524 1876 3589 isti
1903 3522 2052 3588 scelerati
2082 3521 2148 3586 6161

251 3609 301 3672 11.
325 3606 382 3692 (Et
402 3606 532 3691 dicuat.)
575 3606 672 3687 Quod
704 3606 839 3671 tradunt
868 3606 998 3689 qnidam
1029 3608 1130 3672 inter·
1182 3605 1346 3687 homines,
1373 3609 1543 3689 quiescunt
1565 3615 1674 3673 tamen
1697 3609 1784 3673 beati
1806 3609 1840 3672 in
1863 3607 1931 3674 suis
1954 3607 2095 3689 deliciis,
2117 3616 2148 3671 61

162 3702 272 3777 616166
290 3693 483 3776 6166661661
502 3692 607 3757 166116
626 3691 665 3755 66
684 3693 810 3774 1166166,
829 3707 862 3757 61
880 3693 1001 3757 1616116
1019 3714 1130 3758 661661
1183 3695 1327 3774 66166116
1357 3694 1520 3774 eminent,
1555 3715 1660 3776 neque
1689 3693 1722 3758 id
1753 3694 1793 3758 ad
1824 3715 1943 3777 paucos
1972 3693 2059 3771 dies,
2092 3691 2146 3757 sed

164 3780 304 3844 ludibria
333 3795 366 3843 61
396 3778 621 3861 blasphemias,
651 3778 767 3859 quibus
797 3799 831 3843 66
863 3777 903 3843 66
933 3779 1129 3861 6666666661
1184 3778 1336 3844 61616166
1372 3790 1404 3844 61
1437 3781 1528 3862 qnasi
1561 3787 1717 3862 perpetuo
1749 3801 1856 3845 cursu.
1913 3779 2003 3859 Quid
2037 3788 2147 3844 autem

164 3866 338 3948 instigant,
375 3863 459 3928 mihi
495 3885 559 3929 666
605 3865 768 3946 probatur.
811 3865 929 3930 Potius
958 3867 1043 3929 661111
1074 3886 1131 3929 ex·
1183 3864 1291 3929 minus
1306 3877 1571 3946 consentaneum,
1586 3887 1683 3948 quam
1699 3864 1999 3931 liberaliteraDeo
2014 3865 2148 3931 tractari

165 3950 266 4034 plicat
292 3948 399 4015 David
430 3949 513 4032 quod
545 3950 691 4032 pmximo
720 3970 817 4014 versu
848 3950 990 4028 dixerat,
1019 3949 1132 4015 666166
1184 3970 1322 4032 6661616
1352 3949 1437 4033 6666
1469 3951 1615 4016 1161111666
1645 3951 1776 4017 16166116
1807 3963 1856 4017 est
1883 3972 1920 4017 ac
1949 3948 2152 4016 detestabilis

167 4036 206 4099 66
235 4035 335 4117 impia
360 4045 544 4102 commenta
573 4035 695 4112 delabi,
723 4034 777 4100 ubi
807 4034 927 4101 caduca
956 4037 1130 4118 impiorum
1183 4035 1395 4117 improbitas?
1426 4014 1521 4134 nbtp
1544 4057 1714 4120 perperam
1736 4037 1789 4102 hic
1812 4057 1869 4121 616
1901 4034 2024 4101 616666
2054 4035 2151 4100 616111

167 4120 304 4185 1611611116
321 4120 428 4185 666166
450 4120 530 4203 16616
552 4122 759 4205 perstringit:
785 4142 902 4205 nempe
924 4122 1000 4204 quia
1022 4121 1132 4206 dispu·
1184 4121 1363 4203 accipiunt:
1386 4124 1463 4206 quia
1484 4123 1592 4204 potins
1614 4124 1824 4206 conqueritur
1845 4121 1955 4187 David
1977 4122 2018 4186 de
2040 4119 2151 4187 stabili

168 4215 241 4270 tant
269 4206 354 4270 sitne
384 4208 416 4269 in
439 4207 510 4271 Deo
533 4207 677 4272 scientia.
723 4206 893 4287 Quantum
916 4207 956 4272 ad
979 4208 1132 4290 profanos
1184 4218 1217 4271 et
1239 4207 1397 4272 diuturna
1419 4208 1574 4273 felicitate
1597 4209 1781 4292 impiorum,
1803 4229 1886 4291 quae
1908 4206 2015 4273 taedio
2038 4227 2151 4272 morae

168 4291 316 4356 homines
342 4301 476 4372 spectat,
505 4293 601 4357 nimis
629 4293 715 4357 inter
738 4313 793 4357 eos
816 4291 961 4375 vulgaris
983 4304 1032 4359 est
1054 4293 1133 4359 haec
1183 4292 1285 4357 bonos
1308 4293 1447 4359 6666611.
1481 4292 1590 4373 Quum
1615 4315 1692 4378 ergo
1715 4295 1889 4361 sceleratos
1912 4293 2020 4359 videat
2038 4291 2151 4359 David

169 4377 307 4443 insania.
353 4378 413 4440 Est
436 4376 566 4457 quidem
590 4378 650 4443 hoc
672 4399 802 4445 carmon
826 4376 946 4458 Ovidii,
969 4379 1133 4444 Sollicitor
1185 4377 1549 4444 16616661116161166
1572 4380 1690 4458 foveri,
1712 4379 1753 4444 ad
1775 4402 1810 4445 66
1831 4380 1941 4463 ipsum
1964 4377 2152 4444 descendit:

170 4463 276 4528 nullos
304 4482 373 4528 6666
402 4472 516 4544 661616
546 4461 636 4528 deos:
665 4464 721 4528 sed
751 4464 826 4545 quia
848 4464 968 4528 scimus
990 4466 1133 4547 6666116
1184 4475 1215 4528 61
1240 4466 1315 4545 qnia
1344 4464 1404 4528 sibi
1436 4484 1534 4529 verae
1563 4464 1731 4547 probitatis
1760 4466 1908 4532 66666166
1937 4472 2004 4543 661,
2037 4484 2152 4530 secum

170 4549 309 4632 exprimi
339 4567 527 4614 communes
555 4546 723 4613 hominum
749 4569 871 4626 sensus,
900 4551 1063 4632 professus
1085 4560 1134 4617 est
1184 4549 1342 4630 disceptat
1369 4548 1446 4630 qnid
1475 4550 1631 4631 profuerit
1660 4552 1818 4616 iustitiam
1844 4551 1965 4629 colere,
1994 4571 2032 4615 eo
2063 4549 2154 4633 quod

171 4635 262 4719 quasi
286 4635 319 4698 in
342 4633 451 4716 populi
473 4653 623 4716 persona,
646 4634 845 4715 simulatque
862 4633 985 4717 aliquid
1004 4636 1133 4701 adversi
1184 4637 1301 4701 misere
1324 4635 1509 4701 afflictatur.
1549 4635 1640 4703 Dicit
1661 4639 1748 4701 enim
1769 4657 1804 4702 se
1826 4637 1963 4718 quotidie
1980 4634 2156 4719 stapelfort,

172 4721 318 4804 contigit,
341 4720 475 4784 effluere
497 4739 626 4784 omnem
649 4719 711 4783 Dei
734 4720 890 4784 notitiam.
930 4720 1043 4803 Neque
1065 4734 1134 4788 tan·
1184 4731 1217 4786 61
1239 4722 1364 4803 6661166
1386 4721 1434 4786 661
1456 4722 1613 4805 exoritur,
1636 4722 1755 4805 aliquid
1779 4722 1974 4786 incommodi
2002 4721 2066 4787 sibi
2095 4741 2157 4804 pa·

172 4818 242 4871 tum
273 4804 442 4889 ambigant
470 4805 555 4870 sitne
578 4806 677 4886 Deus,
708 4803 763 4868 scd
793 4825 866 4869 cnm
894 4826 932 4870 66
954 4805 1135 4888 disceptant
1184 4806 1976 4883 1616166666,6166111166116116611166616616.
2009 4803 2157 4873 Summa

172 4911 208 4956 ac
235 4892 417 4974 iurgantur.
462 4889 549 4971 Quid
578 4891 664 4957 enim
693 4889 849 4955 61611611
878 4891 934 4955 illa
955 4910 1038 4955 vox:
1067 4895 1134 4959 Nec
1185 4902 1249 4971 est,
1279 4891 1378 4957 06116
1406 4891 1529 4957 1166116
1559 4894 1671 4960 616661
1701 4893 1859 4958 16666616
1888 4893 2008 4958 habere
2029 4912 2089 4957 661
2119 4902 2156 4958 61

174 4976 354 5043 Saturnius
388 4975 468 5042 haec
499 4977 600 5042 oculis
624 4992 716 5061 pater
746 4975 883 5059 adspicit
912 4978 1038 5058 aequis,
1072 4981 1134 5044 nisi
1185 4999 1284 5062 puras
1305 4997 1431 5055 manus,
1455 4999 1553 5061 quum
1576 5000 1629 5045 me
1651 4979 1799 5045 assiduae
1821 4980 2013 5046 afflictiones
2035 4999 2155 5043 mane·

172 5061 257 5145 quod
280 5061 353 5127 Iovi
375 5084 433 5126 suo
456 5063 648 5128 iniustitiam
666 5061 842 5145 exprobrat
860 5062 976 5127 mulier
994 5083 1076 5144 quae
1095 5089 1136 5130 ex
1187 5075 1260 5142 ant,
1289 5073 1321 5126 61
1343 5065 1436 5146 66661
1464 5065 1616 5132 excubias
1645 5075 1744 5150 agant
1766 5063 1807 5129 66
1835 5086 1888 5129 616
1916 5063 2154 5147 excipiendum

174 5148 274 5211 animi
306 5148 468 5212 sententia
501 5168 565 5214 non
599 5145 781 5215 tractatur?
832 5148 922 5229 Ergo
955 5147 1016 5214 hoc
1048 5150 1135 5215 inter
1187 5148 1291 5233 6111116
1313 5170 1438 5215 aurora.
1471 5151 1563 5216 Haec
1585 5151 1672 5216 onim
1694 5150 1834 5216 conditio
1856 5150 2000 5216 ostendit
2021 5150 2155 5216 nnllam

173 5230 356 5297 incredulos
375 5233 472 5298 616116
491 5233 624 5317 vulgare
641 5254 678 5301 ac
697 5233 819 5313 tritum,
843 5253 961 5317 negare
978 5235 1135 5301 mundum
1187 5255 1387 5302 6666661661
1409 5235 1480 5303 Dec
1502 5237 1706 5304 innocentiae
1735 5237 1932 5304 mercedem:
1966 5235 2043 5321 6616
2073 5257 2157 5303 suna
