4658 5856
158 315 220 378 eu
957 311 1175 380 Pstnuus
1198 313 1345 380 nxxru.
1434 308 1437 313 ·
1469 289 1472 293 ’
2088 319 2150 382 ιιι

246 504 294 568 16.
319 500 406 588 (Era
423 501 559 587 palmo.)
603 501 783 567 Probabilis
810 511 860 567 est
882 521 994 567 eorum
1016 501 1125 583 opinio
1178 501 1298 568 dicitur
1326 503 1362 566 in
1392 501 1537 568 Sodoma
1565 514 1599 570 et
1629 505 1818 570 Gomorrha
1853 505 2062 583 maledicere,
2097 507 2150 588 qui

159 590 277 672 quibus
310 587 418 671 palma
448 586 641 653 tantundem
671 588 758 653 valet
787 607 825 652 ac
855 588 975 672 exigua
1008 589 1124 670 portio.
1179 589 1309 653 urbium
1339 589 1470 653 illarum
1502 592 1635 655 nomina
1663 589 1704 655 ad
1734 594 1992 656 exsecrationem
2026 592 2149 673 arripit.

159 677 222 743 His
240 682 349 739 autem
368 674 493 740 duabus
510 674 764 739 circumstantiis
783 695 891 738 raram
910 683 943 738 et
960 672 1124 737 insolitam
1180 672 1216 740 Si
1239 694 1316 757 ergo
1338 673 1373 738 in
1396 675 1536 739 eundem
1559 697 1692 742 sensum
1716 676 1798 742 haec
1820 677 1884 742 due
1915 676 2016 741 verba
2043 679 2149 760 posita

158 760 410 828 foecunditatem
440 760 545 823 notari
576 769 708 841 putant,
741 760 827 842 quod
857 759 912 824 ubi
941 758 1124 842 pauxillum
1178 771 1264 838 sunt,
1289 761 1480 826 benedicent
1497 782 1533 826 se
1550 762 1585 826 in
1604 762 1672 845 illo,
1695 772 1736 839 et,
1760 763 1890 828 beatum
1907 763 2032 829 dicent:
2056 765 2150 828 bene·

160 849 271 925 tritici,
294 855 453 929 quantum
476 845 599 911 scilicet
621 845 729 926 palma
751 866 866 928 capere
888 855 1005 928 potest,
1028 845 1125 909 semi·
1179 845 1285 912 dicere
1307 845 1367 910 sibi
1390 848 1424 910 in
1448 868 1542 931 rege,
1566 847 1760 913 tantundem
1784 848 1905 913 valebit
1927 871 1964 915 ae
1987 847 2049 914 sibi
2072 870 2147 914 ean·

159 943 275 998 natum
297 932 404 1011 fuerit,
427 939 459 996 et
482 930 612 1014 quidem
631 933 665 995 in
684 932 844 996 montium
864 930 1052 1012 verticibus,
1071 931 1125 1011 qui
1179 933 1253 996 dem
1284 933 1409 1014 precari
1438 932 1619 998 fortunam:
1654 933 1730 1016 quia
1760 934 1908 999 omnibus
1941 933 2149 1000 admirationi

159 1030 198 1085 ut
225 1019 405 1103 plurimum
435 1038 498 1081 non
528 1016 608 1080 adeo
640 1028 717 1080 sunt
746 1017 887 1082 feraces:
921 1016 1125 1081 uberrimum
1179 1018 1241 1083 erit
1262 1018 1333 1082 eius
1355 1018 1502 1083 felicitas.
1547 1020 1586 1084 Si
1616 1041 1692 1085 vero
1725 1017 1926 1103 distinguere
1956 1021 2044 1085 inter
2071 1021 2150 1085 haec

58 1167 61 1171 .
159 1118 268 1173 mmen
291 1113 488 1190 proventum
511 1102 595 1184 fore,
625 1114 661 1166 ιιι
683 1103 803 1167 aristae
826 1122 892 1166 non
921 1101 1015 1167 alitor
1036 1122 1126 1166 reso·
1179 1104 1243 1168 duo
1266 1102 1366 1168 verba
1387 1104 1516 1187 placeat
1548 1104 1648 1190 (quod
1670 1126 1735 1169 non
1758 1107 1868 1170 minus
1890 1104 2058 1187 probabile
2090 1106 2149 1190 est)

160 1201 243 1256 nent
264 1211 360 1275 quam
390 1190 521 1253 arbores
550 1188 586 1252 in
608 1189 747 1253 Libano.
792 1188 910 1252 Nescio
942 1198 1053 1252 tamen
1083 1209 1125 1250 an
1179 1189 1370 1254 benedicere
1393 1191 1428 1253 in
1451 1190 1654 1275 rege‚idem
1677 1191 1799 1256 aritae
1822 1200 1932 1273 petere
1955 1190 2056 1255 abeo
2080 1191 2150 1255 feli·

161 1278 242 1343 adeo
264 1274 391 1341 subtilis
413 1275 612 1357 comparatio
634 1275 722 1339 inter
744 1275 903 1338 sationem
926 1284 958 1338 et
986 1293 1126 1338 messem
1178 1276 1286 1340 citatis
1309 1296 1387 1339 suae
1409 1295 1557 1341 eausam:
1595 1277 1670 1359 quia
1692 1276 1775 1341 nihil
1799 1277 1970 1359 optabilius
1993 1276 2056 1341 sibi
2080 1297 2149 1343 osse

160 1362 297 1427 Doridis
319 1360 430 1425 verbis
460 1360 668 1442 respondeat.
713 1359 904 1442 Simplicius
934 1379 1012 1443 ergo
1043 1362 1126 1423 acci·
1178 1361 1340 1427 videbunt
1362 1374 1484 1441 gentes,
1508 1383 1605 1444 quam
1628 1362 1717 1445 leges
1739 1363 1779 1427 ab
1803 1383 1840 1427 eo
1863 1363 2039 1445 suscipere.

160 1470 236 1532 pere
258 1448 377 1526 licebit,
399 1456 524 1510 tantem
544 1448 612 1510 fore
630 1446 755 1529 copiam
777 1455 928 1511 tritiores
948 1444 1126 1510 verticibus
1267 1446 1317 1511 18.
1340 1445 1568 1534 (Benedictus.)
1613 1447 1792 1530 Postquam
1821 1450 1888 1513 suis
1911 1449 2149 1514 suecessoribus

160 1534 329 1610 montium,
353 1540 390 1596 nt
413 1542 558 1596 metatur
579 1531 676 1613 plena
698 1554 807 1596 manu.
841 1530 911 1596 Sub
932 1532 993 1596 hac
1015 1538 1126 1595 autem
1180 1533 1262 1597 bene
1285 1543 1435 1614 precatus
1453 1543 1503 1600 est
1520 1534 1642 1613 David,
1665 1535 1740 1615 quia
1759 1535 1890 1600 oraculo
1908 1535 2029 1599 certior
2047 1534 2150 1599 foetus

159 1621 264 1702 specie
299 1618 486 1702 depingitur
519 1617 584 1681 Dei
618 1617 814 1683 benedictio:
857 1638 893 1682 ac
928 1617 955 1680 si
989 1615 1126 1680 dixisset
1180 1628 1250 1683 erat
1271 1628 1347 1683 vota
1364 1640 1424 1683 sua
1443 1641 1507 1682 non
1525 1620 1596 1683 fore
1614 1619 1716 1699 irrita,
1740 1621 1875 1685 effertur
1892 1621 1927 1685 in
1945 1620 2011 1684 Dei
2029 1619 2148 1684 laudes.

159 1704 278 1781 David,
302 1704 432 1786 plenam
455 1704 522 1768 foro
541 1705 700 1769 bonorum
719 1703 951 1768 abundantiam
971 1703 1030 1767 sub
1048 1722 1127 1785 rege
1180 1704 1251 1769 Nisi
1268 1703 1356 1768 enim
1371 1702 1447 1769 fidei
1463 1705 1567 1771 oeulis
1584 1706 1770 1787 speculatus
1788 1713 1874 1771 esset
1892 1725 1974 1789 quae
1991 1705 2149 1771 hactenus

159 1791 303 1856 Christo.
348 1789 493 1854 Additur
523 1796 556 1853 et
584 1791 772 1871 propagatio
800 1789 936 1855 sobolis:
971 1790 1057 1853 acsi
1081 1787 1127 1850 di·
1180 1789 1339 1869 vidimus,
1363 1811 1430 1854 nen
1453 1801 1522 1855 tam
1545 1791 1647 1856 libera
1669 1799 1702 1855 et
1725 1791 1841 1857 alacris
1864 1791 1980 1855 fuisset
2001 1792 2074 1856 eius
2096 1812 2149 1855 sx-

159 1888 264 1955 ceret‚
297 1896 362 1939 non
390 1874 485 1940 modo
515 1877 604 1938 omni
634 1896 752 1958 genere
782 1876 946 1942 fruetuum
985 1873 1126 1938 fertilem
1180 1877 1321 1942 sultatio.
1366 1875 1462 1957 Quod
1486 1876 1580 1956 dicit,
1608 1876 1771 1942 mirabilia
1791 1878 1894 1958 secere
1916 1876 2023 1943 Deam
2044 1875 2150 1954 solans,

159 1975 281 2028 terrem
304 1963 387 2040 fore,
416 1962 472 2027 sed
495 1961 593 2026 urbes
615 1982 742 2044 quoque
763 1962 830 2026 fore
852 1960 1047 2045 generandis
1069 1959 1125 2022 ho·
1181 1962 1222 2028 ad
1244 1972 1450 2046 praesentem
1473 1982 1604 2029 causam
1628 1964 1740 2027 referri
1763 1964 1897 2027 minime
1923 1962 2058 2027 dubium
2088 1978 2149 2027 est:

158 2046 301 2113 minibus
331 2046 515 2112 foecundas.
559 2046 686 2111 Nomen
716 2048 834 2114 Liboni
863 2046 964 2111 malui
992 2044 1127 2110 reddere
1180 2070 1245 2113 nen
1278 2046 1372 2114 modo
1400 2061 1437 2113 ιιι
1463 2050 1557 2132 regni
1587 2048 1813 2114 excellentiam
1843 2046 2065 2130 commendet,
2096 2048 2149 2111 sed

159 2136 193 2198 in
215 2153 292 2197 casu
315 2134 470 2216 genitivo,
493 2133 568 2214 quia
590 2132 703 2197 durior
725 2144 774 2199 est
796 2133 1004 2216 metonymia,
1028 2151 1127 2214 quam
1180 2136 1279 2200 etiam
1302 2155 1336 2201 se
1352 2135 1458 2217 ipsum
1475 2145 1508 2199 et
1523 2135 1602 2199 alios
1626 2135 1808 2211 admoneat,
1830 2155 1909 2216 opus
1932 2133 2003 2198 fore
2023 2134 2149 2197 adeius

160 2219 217 2284 alii
229 2219 430 2301 relinquunt,
449 2239 567 2283 nemen
580 2221 695 2284 montis
706 2241 765 2302 pro
777 2219 947 2284 arboribus
959 2225 1125 2301 ponentes.
1180 2222 1459 2287 conservationem
1489 2220 1626 2285 mirifica
1655 2231 1689 2284 et
1717 2220 1896 2285 incredibili
1923 2219 1984 2283 Dei
2017 2220 2147 2283 virtute.

155 2362 159 2369 .
247 2306 296 2368 17.
320 2304 408 2387 (Erit
428 2324 537 2370 cimaea
557 2304 649 2391 cias.)
694 2305 825 2370 Rursus
847 2307 944 2370 iterat
971 2303 1057 2387 qnod
1087 2302 1128 2367 de
1181 2308 1225 2370 Et
1246 2319 1334 2373 certe
1363 2328 1421 2390 per
1450 2327 1562 2370 omues
1592 2310 1658 2370 lere
1691 2306 1761 2370 eius
1785 2316 1932 2389 posteros
1961 2324 2029 2368 non
2060 2305 2148 2369 stetit

160 2391 256 2456 huius
271 2392 365 2474 regni
381 2391 599 2474 perpetuitate
614 2392 704 2472 prius
721 2391 873 2456 asseruit.
906 2390 975 2455 Nec
994 2390 1127 2454 dubium
1181 2396 1354 2475 quominus
1377 2392 1492 2456 solium
1515 2391 1596 2455 illud
1619 2392 1742 2457 centies
1764 2391 1909 2469 caderet,
1932 2400 2032 2473 atquc
2054 2392 2149 2454 etiam

159 2486 209 2543 est
231 2478 310 2558 quin
333 2476 444 2541 sedulo
466 2476 547 2541 illud
572 2476 754 2542 discernere
778 2477 918 2541 voluerit
947 2475 1127 2540 aterrenis
1181 2477 1417 2545 absorberetur.
1471 2478 1519 2541 Ne
1550 2476 1677 2560 longius
1707 2476 1914 2560 progrediar,
1944 2497 2055 2540 nonne
2085 2485 2148 2539 tur-

55 2622 60 2630 .
159 2562 372 2639 moriarchiis‚
395 2583 478 2644 quae
501 2564 553 2627 vel
575 2563 687 2626 statim
710 2574 921 2641 evanescunt,
952 2561 1002 2624 vel
1026 2570 1128 2624 ruunt
1182 2563 1315 2644 pissima
1335 2563 1518 2629 Solomonis
1538 2562 1674 2626 defectio
1693 2560 1793 2645 digua
1811 2564 1871 2627 fuit
1888 2561 2014 2627 exitiali
2035 2560 2148 2627 ruina?

160 2647 291 2712 tandem
325 2670 384 2712 sua
418 2649 519 2712 mole:
559 2661 646 2711 certe
679 2668 739 2710 suo
772 2648 908 2711 interitu
943 2648 1129 2720 ostendunt,
1181 2650 1312 2731 Reliqui
1343 2670 1421 2713 vero
1452 2668 1670 2720 successores,
1700 2651 1844 2731 exceptis
1866 2648 1964 2724 lesia,
1998 2647 2147 2723 Ezechia,

160 2735 241 2797 nihil
266 2755 336 2797 osse
365 2735 397 2797 iu
427 2733 549 2796 mundo
580 2732 769 2796 diuturnum
801 2744 833 2797 et
862 2733 987 2796 stabile.
1032 2731 1128 2813 (ιιοιι
1182 2750 1214 2798 et
1232 2735 1397 2816 Iosephat,
1420 2735 1593 2816 paucisque
1611 2735 1693 2814 aliis,
1712 2756 1821 2798 nonne
1840 2735 1988 2800 certatim
2008 2733 2147 2815 prolapsi

159 2839 267 2884 aenaea
289 2819 357 2882 eius
372 2824 557 2898 perpetuam
580 2820 649 2882 fore
672 2818 764 2895 dicit,
798 2838 865 2880 non
888 2819 935 2880 ita
959 2818 1053 2881 debet
1076 2838 1129 2882 ac·
1181 2832 1258 2885 sunt
1281 2822 1313 2883 in
1337 2820 1489 2897 deterius,
1513 2829 1546 2883 et
1568 2819 1630 2884 Dei
1654 2819 1913 2885 maledictionem
1931 2819 1978 2884 sic
1996 2838 2147 2901 provoca·

160 2906 238 2986 cipi,
272 2904 362 2986 quasi
392 2915 556 2987 superstes
587 2906 697 2968 lutura
727 2906 769 2967 sit
803 2905 923 2966 mortui
956 2905 1058 2967 fama:
1092 2910 1129 2965 ιιι
1181 2916 1260 2970 runt
1282 2905 1377 2987 quasi
1401 2904 1476 2969 data
1507 2925 1620 2985 opera,
1653 2915 1689 2969 ut
1719 2907 1839 2969 mirum
1870 2906 1913 2969 sit
1941 2924 2007 2968 non
2040 2905 2146 2967 statim

160 2991 311 3073 profanos
334 3011 461 3072 quoque
485 2991 633 3054 homines
656 2989 809 3054 sollicitat
826 2989 906 3054 haec
922 2990 1063 3063 ambiti0,
1088 3009 1128 3051 ne
1182 2992 1372 3056 fulminasse
1395 2990 1435 3054 ad
1458 2990 1656 3073 perdendam
1680 3001 1780 3055 totam
1803 2990 1969 3055 sobolem?
2011 2989 2092 3065 Iam,
2115 3005 2149 3051 ut

160 3098 255 3141 suum
278 3097 397 3140 nomen
422 3098 486 3140 una
508 3077 686 3158 sepeliatur
714 3097 788 3142 cum
819 3096 968 3157 corpore:
1003 3074 1058 3138 sed
1089 3075 1128 3138 de
1182 3077 1299 3160 spiritu
1328 3076 1515 3160 prophetico
1547 3076 1685 3141 donatus
1714 3090 1783 3141 erat
1810 3075 1936 3155 David,
1970 3076 2049 3159 quia
2077 3096 2147 3140 euni

160 3184 259 3246 regno
290 3163 424 3243 loquens
453 3162 629 3245 propheta,
660 3182 778 3226 nomen
808 3161 878 3227 eius
905 3182 1032 3243 semper
1059 3160 1128 3242 glo·
1182 3186 1247 3227 non
1270 3162 1410 3245 latebat,
1439 3162 1596 3227 Satanam
1628 3162 1781 3227 ccclesiae
1814 3162 1912 3227 saluti
1932 3182 2063 3243 semper
2085 3161 2148 3224 fore

159 3250 281 3313 riosum
306 3261 338 3310 et
360 3247 487 3312 celebre
509 3248 579 3312 fore
609 3248 697 3311 dicit.
742 3245 838 3327 Quod
868 3246 999 3329 quidam
1028 3267 1128 3329 expo·
1181 3249 1354 3324 infestum,
1385 3248 1538 3331 colligere
1561 3250 1666 3331 potuit
1687 3269 1752 3312 non
1783 3248 1854 3312 sine
1883 3248 2013 3330 mugnis
2043 3258 2076 3310 et
2099 3267 2145 3309 ar-

160 3344 244 3398 nunt
271 3346 374 3413 2:721&
403 3312 486 3417 ³35¹>
516 3356 552 3398 ae
581 3335 608 3397 si
641 3333 738 3399 decus
767 3332 852 3414 quod
889 3333 1024 3396 daturus
1059 3340 1129 3395 erat
1182 3335 1253 3400 duis
1269 3333 1515 3399 difficultatibus
1529 3334 1593 3398 Dei
1615 3335 1765 3417 gratiam,
1789 3335 1828 3396 de
1850 3354 1914 3414 qua
1935 3352 2026 3396 nunc
2047 3332 2145 3396 disse·

160 3420 251 3483 Deus
266 3420 397 3500 regibus
415 3419 551 3495 Iehuda‚
568 3421 746 3501 praeferret
761 3420 837 3484 solis
856 3418 1030 3501 splendori,
1053 3439 1128 3482 con·
1182 3421 1235 3503 rit,
1258 3423 1290 3484 in
1314 3441 1374 3485 sua
1396 3429 1494 3502 gente
1517 3421 1585 3484 fore
1608 3430 1784 3485 aeternam.
1830 3419 1875 3482 Et
1901 3430 1989 3484 certe
2012 3428 2149 3482 eventus

160 3504 266 3569 textui
295 3515 468 3586 repugnat.
513 3504 638 3569 Eodem
666 3506 753 3568 enim
782 3525 880 3568 sensu
916 3506 1006 3586 prius
1036 3503 1128 3581 dixit,
1183 3517 1293 3589 postea
1327 3505 1436 3572 decuit
1465 3504 1543 3588 quo‘t
1574 3505 1741 3570 miraculis
1776 3523 1834 3570 sua
1867 3505 2029 3586 promissa
2059 3503 2147 3566 Deus

160 3592 245 3657 Cum
271 3587 353 3667 sole,
384 3601 416 3652 et
445 3609 553 3653 eoram
588 3591 672 3654 luna.
727 3590 820 3654 Nunc
851 3610 926 3672 ergo
957 3599 1128 3671 postquam
1182 3591 1375 3673 impleverit,
1400 3592 1469 3654 sive
1487 3589 1867 3674 reditumababylonico
1889 3589 2005 3654 exsilio
2030 3600 2149 3671 specte·

159 3675 311 3741 meminit
332 3675 460 3754 saeculi,
484 3679 649 3758 exegetico
667 3675 766 3752 addit,
786 3680 993 3758 propapatam
1011 3675 1057 3738 iri
1073 3694 1128 3738 ae·
1182 3699 1264 3758 mus,
1288 3677 1356 3741 sive
1379 3675 1583 3741 incredibiles
1604 3698 1686 3758 quae
1708 3685 1863 3758 sequutae
1892 3684 1970 3743 sunt
1987 3673 2149 3738 liberatio·

161 3783 228 3828 mer:
251 3781 355 3825 eurora
385 3762 458 3825 sole.
502 3761 554 3825 Ad
584 3761 717 3826 verbum
749 3775 815 3839 est,
844 3760 1017 3825 filiabitur:
1053 3760 1128 3841 quia
1181 3784 1257 3840 nes,
1296 3760 1399 3826 denec
1432 3760 1586 3827 Christus
1619 3763 1711 3844 quasi
1745 3761 1894 3827 surculus
1931 3759 1972 3824 ab
2006 3769 2151 3824 emortua

160 3847 255 3915 sicuti
278 3847 326 3910 sol
349 3846 492 3928 quotidie
514 3848 618 3911 oritur
640 3847 771 3925 mundo,
795 3846 1007 3912 renovabitur
1030 3845 1127 3910 huius
1181 3848 1284 3932 stirpe
1306 3847 1434 3929 prodiit.
1479 3847 1567 3912 Hinc
1589 3849 1708 3912 merito
1726 3857 1877 3930 precatur
1898 3855 1936 3910 ιιι
1958 3844 2064 3929 gloria
2094 3865 2151 3907 ne·

160 3933 247 4016 regis
276 3933 386 4015 vigor,
418 3945 454 3996 ut
482 3944 640 4016 perpetua
668 3934 711 3998 sit
740 3933 910 3998 successio.
963 3930 1020 3998 Sic
1049 3931 1127 3995 alibi
1181 3935 1280 4000 minis
1302 3934 1371 3998 eius
1392 3933 1516 4014 repleat
1537 3942 1637 3996 totam
1658 3941 1789 4012 terram,
1812 3931 1939 4014 quando
1957 3928 1999 3995 ad
2018 3929 2152 3994 ultimos

160 4017 343 4084 videbimus
366 4017 467 4082 solem
490 4034 520 4083 et
544 4020 654 4083 lunam
678 4018 823 4084 eiusdem
847 4018 1053 4084 aeternitatis
1071 4039 1127 4082 vo·
1181 4040 1285 4102 usque
1308 4017 1421 4083 mundi
1443 4019 1526 4082 fines
1548 4018 1771 4100 ampliandum
1795 4027 1865 4082 erat
1886 4037 2028 4099 regnum
2058 4014 2151 4080 illud.

160 4105 226 4169 cari
251 4116 357 4178 testes,
381 4104 468 4169 Psal.
492 4105 544 4188 89,
562 4105 613 4170 38.
648 4103 745 4170 Unde
767 4106 925 4188 sequitur,
949 4125 1016 4168 non
1034 4123 1127 4186 posse
1180 4105 1291 4188 Atque
1312 4111 1351 4167 ιιι
1379 4103 1463 4168 serio
1494 4103 1631 4184 affectu,
1660 4104 1726 4168 imo
1758 4102 1890 4186 ardore,
1919 4101 1970 4168 his
2001 4101 2091 4166 votis
2119 4121 2153 4164 sc

160 4193 221 4255 hoc
244 4188 381 4270 intelligi
414 4189 454 4254 de
483 4200 613 4255 terreno
643 4191 796 4272 imperio,
825 4192 910 4272 quod
938 4190 974 4254 in
1002 4189 1128 4253 familia
1181 4191 1226 4273 pii
1260 4210 1373 4254 omnes
1405 4191 1507 4254 socios
1541 4189 1735 4272 adiungam,
1777 4188 1907 4254 additur
1945 4188 2153 4253 confirmatio

160 4273 299 4340 Davidis
333 4295 397 4337 non
432 4275 493 4340 nisi
529 4277 569 4341 ad
603 4277 702 4342 breve
735 4284 864 4358 tempus
902 4276 1027 4339 floruit:
1069 4294 1129 4339 neo
1181 4277 1284 4340 Amen
1305 4279 1332 4338 et
1353 4294 1451 4338 amen.

161 4362 256 4427 mede
280 4360 313 4423 in
338 4359 432 4422 tertio
455 4382 642 4427 successore
664 4361 725 4425 fuit
747 4360 957 4443 emarcidum,
980 4359 1036 4424 sed
1056 4371 1127 4424 tan·
1267 4360 1318 4425 20.
1341 4358 1487 4444 (Finierat
1508 4359 1683 4440 auiam.)
1727 4359 1881 4424 Diximus
1908 4357 1970 4423 hoe
1991 4379 2059 4423 non
2085 4358 2153 4423 fru-

161 4450 233 4513 dem
264 4445 479 4528 ignominiose
508 4448 606 4510 etiam
636 4448 843 4512 exstinctum.
894 4446 1018 4512 christi
1049 4466 1128 4509 vero
1181 4454 1250 4510 stra
1279 4464 1468 4526 expressum
1496 4444 1594 4509 fuisse
1620 4466 1640 4508 a
1663 4445 1855 4523 Solomone,
1888 4442 2049 4525 siquidem
2080 4444 2153 4527 ipse

160 4552 299 4618 regnum
318 4532 379 4596 etsi
398 4531 432 4595 in
452 4542 538 4595 terra
556 4552 652 4613 saepe
672 4531 818 4610 labascit,
839 4540 877 4596 ut
894 4533 995 4596 totius
1014 4530 1127 4594 mundi
1181 4531 1315 4614 poeticis
1347 4529 1493 4595 numeris
1527 4541 1757 4613 argumentum
1797 4531 1859 4595 hoo
1898 4531 2043 4604 ornavit,
2084 4550 2154 4593 nou

160 4620 293 4685 furiosis
322 4617 405 4681 odiis
434 4617 618 4705 impetitur,
651 4624 684 4680 et
712 4617 895 4683 concutitur
924 4616 1128 4700 gravissimis
1182 4615 1277 4681 modo
1300 4636 1341 4679 ne
1364 4626 1488 4697 patrem
1511 4636 1606 4680 suum
1628 4615 1795 4681 fraudaret
1817 4614 1926 4679 debita
1949 4613 2063 4694 lande,
2094 4615 2153 4680 sod

161 4705 304 4770 Satanae
323 4703 492 4780 machinis,
515 4701 707 4767 mirabiliter
726 4714 834 4767 tamen
858 4702 967 4767 aDeo
985 4701 1128 4779 fulcitur,
1182 4711 1219 4767 ut
1241 4701 1347 4766 acrius
1369 4700 1553 4765 stimularet
1573 4702 1741 4766 eeclesiam
1761 4702 1801 4766 ad
1820 4699 1950 4767 easdem
1968 4698 2157 4765 fundendas

161 4813 202 4855 ne
232 4788 388 4856 concidat.
445 4787 542 4869 Quod
571 4788 732 4870 sequitur,
766 4787 809 4853 Ia
836 4809 869 4853 eo
897 4809 930 4852 se
959 4787 1130 4852 benedicent
1181 4808 1309 4870 preces,
1342 4806 1421 4868 quas
1456 4784 1562 4851 David
1597 4808 1699 4869 usque
1733 4786 1773 4851 ud
1807 4786 1959 4852 ultimum
1996 4786 2155 4868 spiritum

158 4882 270 4960 pectes,
302 4873 462 4956 duplicem
490 4896 623 4940 sensum
648 4873 799 4937 admittit.
845 4873 951 4956 Saepe
974 4873 1060 4937 enim
1083 4874 1130 4936 ιιι
1182 4873 1438 4938 continuaverat.
1468 4872 1717 4937 Meminerimus
1729 4894 1816 4956 ergo,
1834 4882 1900 4936 tam
1918 4871 2002 4936 serio
2021 4872 2156 4950 affectu,

161 4962 340 5043 loquuntur
354 4960 506 5038 Hebraei,
521 4959 599 5025 dum
614 4959 775 5042 quispiam
793 4961 826 5023 in
845 4958 1014 5041 exemplar
1031 4957 1129 5022 bene·
1182 4978 1279 5041 quam
1301 4954 1465 5021 indefessa¹
1487 4957 1676 5023 assiduitate
1697 4957 1857 5023 orandum
1880 4978 1950 5023 esse
1972 4956 2097 5037 Deum,
2121 4969 2160 5022 ut

163 5046 312 5113 dictionis
334 5048 494 5125 sumitur,
527 5047 622 5113 sicuti
652 5045 686 5108 in
710 5045 838 5109 Davide
867 5044 928 5109 sibi
958 5042 1129 5121 benedicit,
1182 5042 1242 5108 sub
1271 5063 1370 5106 manu
1400 5042 1460 5106 filii
1491 5043 1540 5107 sui
1571 5044 1739 5108 ecclesiam
1769 5053 1907 5108 tueatur.
1952 5042 1996 5106 Et
2020 5042 2159 5109 videtur

162 5132 218 5214 qui
243 5133 348 5197 Deum
372 5132 432 5197 sibi
456 5142 607 5214 precatur
629 5152 696 5196 non
718 5131 827 5194 minus
849 5151 919 5195 esse
949 5130 1128 5195 beneficum
1172 5148 1303 5215 ,nomen
1326 5127 1427 5208 patris
1450 5128 1514 5193 Isai
1538 5149 1692 5194 revocare
1713 5129 1903 5193 memoriam
1926 5128 2082 5211 originis,
2120 5139 2160 5193 ut

71 5230 75 5243 ¹
162 5226 196 5282 et
212 5216 391 5301 liberalem,
410 5239 506 5302 quam
526 5216 648 5282 Davidi
666 5216 745 5281 fuit:
768 5216 864 5282 sicuti
883 5216 982 5280 etiam
1000 5235 1130 5281 rursum
1183 5212 1258 5277 inde
1287 5213 1391 5296 magis
1420 5214 1601 5279 illustretur
1620 5212 1689 5277 Dei
1716 5216 1837 5298 gratia,
1868 5214 1953 5299 quod
1980 5214 2159 5301 ,hominem
