4658 5856
158 357 222 423 527
989 349 1206 419 Psanites
1228 351 1305 418 tlt.
2086 351 2150 418 528

247 545 275 609 t.
306 540 431 629 (Etiam
462 540 553 608 Deus
578 540 688 622 perdet
719 537 769 624 te.)
824 536 955 604 Clarius
985 540 1127 605 ostendit
1179 539 1277 625 gandi
1300 540 1423 607 muudi.
1452 541 1688 626 Experimenta
1709 550 1817 607 autem
1841 541 1984 607 iustitiae
2006 541 2085 619 cius,
2108 541 2148 605 ad

159 630 245 716 quod
269 648 373 712 nuper
396 627 512 712 attigi,
538 647 573 693 se
595 627 630 691 in
648 623 736 691 hunc
757 627 858 690 finem
875 624 1042 708 exagitare
1064 626 1125 691 cri·
1178 626 1298 691 serium
1329 626 1460 708 pietatis
1495 627 1640 695 studium
1672 627 1795 711 sopitas
1828 638 1954 692 mentes
1986 627 2149 691 excitant:

161 738 235 782 men
257 715 362 797 Doeg,
379 735 444 798 quo
466 712 586 778 maiore
608 708 727 778 fiducia
748 711 967 793 propinquum
990 710 1020 776 ei
1041 710 1127 775 iudi·
1178 721 1275 795 atquc
1297 711 1351 777 hic
1373 713 1472 777 timor
1501 715 1621 790 risum,
1650 733 1746 798 quem
1776 733 1852 779 mox
1875 712 2006 780 subiicit
2028 711 2148 795 David,

161 805 245 868 cium
269 800 453 866 denuntiet:
477 817 582 881 neque
603 796 637 861 id
660 807 726 861 tam
749 795 837 861 illius
859 794 1001 860 terrendi
1018 816 1126 874 causa,
1178 799 1314 863 minime
1342 797 1496 883 impedit:
1535 799 1611 883 quia
1640 799 1704 865 duo
1734 799 1814 865 hacc
1841 799 1963 881 optime
1999 800 2085 863 inter
2114 820 2148 864 se

161 909 260 972 quam
294 886 334 951 ad
370 906 459 969 spem
492 904 585 948 suam
619 881 816 963 erigendam.
871 881 1006 965 colligit
1038 902 1126 965 ergo,
1177 886 1392 949 conveniunt:
1417 895 1452 949 ut
1469 907 1506 951 se
1528 897 1716 951 reverenter
1733 885 1805 950 Deo
1826 884 2002 949 subiiciant
2024 883 2146 967 fideles,

161 974 314 1058 quamvis
344 970 385 1036 ad
413 981 540 1053 tempus
575 977 678 1034 cesset
707 965 814 1047 Deus,
856 986 921 1031 non
951 988 1126 1050 passurum
1177 990 1274 1052 quem
1304 970 1446 1035 iniustae
1475 969 1679 1037 crudelitatis
1707 969 1847 1036 ultorem
1878 981 2079 1054 agnoscunt:
2116 983 2147 1034 et

160 1080 290 1144 semper
318 1068 357 1122 ut
389 1070 454 1121 tam
488 1055 646 1120 scelerata
679 1052 816 1136 proditio
848 1052 954 1117 inulta
986 1065 1125 1119 maneat
1177 1076 1251 1120 enm
1274 1055 1422 1121 videntes
1444 1076 1464 1120 a
1486 1066 1579 1139 parte
1600 1078 1660 1122 sua
1681 1066 1778 1133 stare,
1802 1053 2039 1121 inaestimabile
2067 1077 2147 1139 gau·

161 1146 248 1228 Quia
281 1155 391 1209 autem
424 1140 505 1206 nihil
540 1139 645 1224 magis
677 1138 895 1221 praefractum
928 1149 978 1203 est
1006 1138 1125 1223 impiis,
1177 1140 1267 1206 dium
1296 1142 1499 1225 concipiant,
1539 1143 1618 1224 quia
1646 1141 1724 1207 dum
1756 1163 1790 1207 se
1819 1141 1912 1207 nobie
1948 1142 2148 1224 coniungere

161 1215 491 1316 quamdiuprospere
512 1225 645 1303 hebent,
675 1236 707 1289 et
729 1224 805 1307 quia
822 1245 857 1288 se
874 1235 968 1289 extra
987 1224 1125 1289 telorum
1177 1224 1332 1309 dignetur
1353 1227 1386 1291 in
1409 1248 1582 1294 commune
1605 1227 1742 1306 bellum,
1773 1228 1853 1293 haec
1882 1227 2019 1293 societas
2042 1228 2147 1309 potior

160 1318 281 1384 iactum
303 1316 541 1393 imaginentur,
572 1311 754 1393 despiciunt
775 1330 813 1375 ac
833 1309 1035 1375 subsannant
1057 1332 1125 1375 om·
1176 1325 1226 1378 est
1247 1312 1423 1395 triumphis
1445 1314 1606 1379 omnibus.
1647 1313 1792 1397 Elegans
1814 1314 2044 1396 paranomesia
2061 1332 2147 1393 quae

161 1403 217 1468 nia
233 1401 298 1466 Dei
319 1398 457 1464 indicia:
481 1398 549 1480 pios
571 1397 671 1461 etiem
693 1406 795 1460 terret
816 1394 946 1460 illorum
968 1396 1124 1478 potentia,
1177 1412 1228 1463 est
1256 1401 1290 1462 in
1328 1398 1438 1463 verbis
1472 1396 1631 1465 hebraicis
1670 1401 1755 1464 inter
1784 1398 1907 1464 Videre
1944 1411 1978 1462 et
2006 1399 2148 1479 Timere,

161 1503 194 1555 et
215 1487 293 1552 dum
316 1484 418 1550 firmis
439 1483 555 1568 opibus
586 1481 728 1547 munitos
757 1480 889 1559 vident,
919 1481 986 1546 fere
1015 1482 1126 1546 exani·
1177 1483 1278 1548 latine
1310 1483 1401 1549 reddi
1435 1504 1501 1549 non
1534 1497 1656 1570 potest:
1697 1506 1760 1568 qua
1792 1494 1905 1550 notare
1939 1484 2042 1549 voluit
2075 1504 2149 1567 pro·

161 1584 302 1639 mantur.
346 1569 502 1635 Pluribus
523 1567 633 1633 verbis
655 1566 793 1633 eandem
822 1569 1018 1632 sententiam
1048 1589 1125 1632 con·
1177 1570 1292 1654 pheta,
1316 1569 1474 1635 intuitum
1497 1569 1537 1636 de
1559 1592 1623 1654 quo
1644 1572 1806 1653 loquitur,
1834 1591 1900 1635 non
1922 1569 2063 1634 otiosum
2087 1568 2146 1634 sed

160 1661 270 1724 firmat
287 1656 456 1740 propheta,
476 1664 512 1719 ιιι
529 1651 616 1736 quod
634 1652 766 1720 difficile
784 1661 833 1717 est
850 1651 986 1730 creditu,
1009 1654 1126 1717 melius
1177 1656 1339 1720 efficacem
1362 1655 1439 1721 fore.

162 1745 224 1811 sibi
265 1741 469 1825 persuadeat.
524 1739 596 1804 Hac
636 1758 715 1823 ergo
753 1738 924 1804 verborum
964 1739 1126 1820 congerie,
1263 1741 1293 1807 9.
1321 1738 1414 1825 (Ecce
1442 1741 1515 1828 eir.)
1566 1742 1690 1807 Putant
1717 1741 1848 1824 quidem
1885 1741 1947 1807 hoc
1984 1740 2148 1823 proverbii

161 1827 282 1897 Perdet
304 1841 336 1893 ιι
359 1826 459 1905 Deus,
481 1824 637 1901 destruet,
660 1822 789 1903 evellet,
817 1822 1010 1905 eradicabit,
1032 1824 1127 1890 tollet
1178 1824 1249 1892 loco
1271 1827 1305 1891 in
1336 1826 1457 1909 vulgus
1485 1827 1584 1892 fnisse
1613 1829 1766 1894 iactatum
1796 1826 1836 1893 de
1865 1827 2020 1911 superbia
2042 1825 2147 1910 Doeg.

162 1914 329 1997 emedio,
351 1910 500 1997 serperbi
522 1910 664 1976 hominis
685 1908 853 1976 securitati
874 1909 1036 1975 insultans
1058 1909 1126 1975 Da·
1179 1910 1246 1978 Sed
1268 1911 1329 1977 hoc
1351 1913 1484 1977 videtur
1506 1914 1603 1979 nimis
1625 1914 1827 1979 restrictum:
1862 1913 1971 1996 potius
1993 1913 2148 1977 existimo

162 2000 236 2081 vid,
259 1999 406 2064 animum
428 2017 524 2063 sunm
548 1995 589 2060 ad
612 1994 693 2062 bene
715 1993 912 2078 sperandum
935 1995 1070 2079 attollit,
1094 2003 1128 2059 et
1179 1998 1333 2082 exegesin
1356 2019 1428 2062 csso
1450 1999 1577 2064 timoris
1599 2007 1633 2064 et
1661 1999 1764 2079 risus,
1791 1998 1870 2082 qnia
1899 1997 2005 2063 voluit
2035 1997 2147 2079 expri-

161 2085 374 2152 timiditatem
395 2083 551 2167 castigat:
573 2082 666 2166 quasi
688 2080 820 2160 diceret,
843 2078 1031 2161 Quamlibet
1052 2101 1127 2163 pro·
1180 2105 1269 2148 mere
1301 2083 1412 2148 David
1445 2084 1605 2167 quomodo
1639 2085 1811 2167 proficiant
1848 2084 1883 2149 in
1917 2083 1981 2149 Dei
2016 2082 2144 2147 iudiciis

162 2172 281 2238 fundas
312 2168 437 2236 radices
466 2170 571 2252 egerit
598 2167 707 2252 Doeg,
741 2185 780 2232 ac
808 2164 955 2230 validum
984 2167 1029 2231 sit
1057 2167 1127 2232 eius
1179 2168 1300 2235 fideles.
1355 2168 1440 2234 Nam
1474 2170 1650 2253 impiorum
1688 2170 1858 2236 frustratio
1897 2191 1951 2235 eos
1990 2168 2146 2234 admonet

162 2258 273 2339 robur,
301 2256 411 2321 Deum
440 2254 481 2320 ad
513 2253 585 2319 eius
617 2252 821 2318 evulsionem
852 2252 932 2318 satis
964 2272 1127 2336 superque
1179 2255 1340 2336 patienter
1357 2254 1523 2321 ferendam
1543 2276 1615 2321 osse
1632 2254 1826 2338 superbiam,
1844 2275 1927 2338 quae
1944 2275 2004 2320 sno
2022 2255 2147 2337 impetu

162 2353 329 2428 potentem
351 2342 427 2406 fore.
471 2338 595 2404 Eodem
618 2337 759 2421 pertinet
780 2336 866 2420 quod
889 2336 967 2404 dicit
988 2359 1010 2404 o
1026 2338 1125 2404 taoer-
1180 2339 1265 2405 ruit:
1298 2340 1415 2406 deinde
1443 2363 1498 2406 eos
1526 2363 1654 2425 quoque
1676 2341 1784 2407 crudit
1805 2340 1846 2405 ed
1868 2339 2080 2421 modestiam,
2103 2361 2144 2404 ne

159 2429 272 2496 cuceio
302 2432 329 2494 et
355 2431 438 2492 tetro
465 2426 624 2502 uicerunt,
656 2424 808 2508 quamvis
838 2431 908 2488 tuto
937 2423 1127 2490 nidulentur
1179 2426 1278 2492 simili
1301 2428 1445 2492 vanitate
1468 2427 1583 2509 inflati,
1603 2438 1718 2493 contra
1741 2428 1845 2492 Deum
1871 2439 1905 2491 et
1926 2428 2075 2492 homines
2096 2426 2146 2489 in·

161 2514 275 2598 impii,
298 2512 388 2579 etin
410 2532 469 2578 suo
492 2509 701 2576 tabernaculo
722 2508 867 2576 suaviter
889 2507 1027 2592 lateant,
1051 2511 1126 2592 quia
1181 2511 1350 2578 solescant.
1411 2512 1548 2578 Risuros
1588 2533 1667 2596 ergo
1705 2513 1818 2578 fideles
1857 2511 1897 2577 de
1937 2513 2146 2596 reproborum

160 2601 243 2667 nihil
273 2598 404 2665 adversi
433 2606 551 2680 putent
579 2615 674 2678 posse
703 2594 782 2660 illuc
803 2603 992 2677 penetrare,
1024 2606 1057 2660 et
1087 2594 1127 2659 de
1181 2597 1316 2663 interitu
1334 2599 1453 2663 asserit
1464 2598 1585 2681 David,
1607 2619 1674 2663 uon
1686 2606 1814 2665 tantum
1827 2609 1867 2663 ut
1883 2598 1962 2680 ipsis
1979 2596 2147 2677 insultent,

159 2694 319 2771 perpetua
341 2685 426 2749 vitae
455 2682 659 2765 possessione
688 2680 884 2764 glorientur,
913 2679 1041 2756 subito,
1071 2678 1125 2744 ubi
1179 2680 1237 2748 sed
1266 2696 1302 2747 ut
1330 2704 1365 2748 se
1393 2684 1523 2765 quietos
1550 2686 1739 2749 contineant
1767 2683 1828 2749 sub
1857 2683 1921 2748 Dei
1947 2683 2086 2762 auxilio,
2115 2694 2148 2745 et

159 2786 325 2837 maturum
358 2769 486 2833 venerit
517 2767 585 2832 irae
607 2764 669 2831 Dei
703 2780 849 2849 tempus,
883 2763 1040 2831 deiectum
1074 2764 1124 2830 iri.
1181 2767 1396 2834 valedicentes
1429 2769 1543 2834 mnndi
1572 2769 1732 2836 illecebris
1760 2769 1791 2836 ei
1812 2791 1847 2835 se
1877 2769 2017 2835 libenter
2046 2765 2146 2832 subii·

161 2857 358 2939 Quanquam
380 2854 450 2919 fieri
472 2863 595 2936 potest,
629 2852 719 2916 utin
743 2872 821 2917 voce
853 2851 1052 2917 tabernaculi
1082 2853 1126 2914 al·
1178 2854 1276 2919 ciant.
1300 2853 1437 2935 Quoties
1447 2876 1525 2938 ergo
1537 2854 1629 2920 nobis
1637 2855 1975 2922 occurrunteinsmodi
1988 2853 2146 2935 exempla,

162 2943 277 3009 luserit
298 2938 340 3005 ad
361 2958 534 3023 personam
556 2936 666 3021 Doeg:
695 2938 771 3021 qnia
792 2934 941 3003 solebant
961 2938 994 3002 in
1018 2936 1125 3002 tabor·
1178 2938 1270 3004 Deus
1292 2960 1408 3006 sensus
1430 2953 1574 3023 nostros,
1598 2942 1653 3023 qui
1676 2940 1716 3005 ad
1739 2941 1924 3025 vagandum
1948 2940 2047 3004 nimis
2069 2938 2145 3002 alio·

162 3027 289 3097 naculis
310 3024 459 3091 habitare
480 3034 636 3106 pastores.
1179 3024 1234 3108 qui
1256 3025 1409 3109 propensi
1431 3036 1519 3109 sunt,
1541 3028 1581 3091 ed
1605 3048 1641 3092 se
1664 3027 1811 3109 retrahit,
1835 3041 1872 3091 ut
1890 3047 1946 3090 eos
1963 3025 2052 3091 eolus
2074 3045 2146 3107 pos·

247 3113 278 3178 8.
299 3109 358 3198 (Et
377 3108 523 3176 oidebmat
543 3110 620 3176 iusti
641 3109 855 3196 attinebant.)
889 3112 920 3175 Δ
939 3111 1004 3173 fine
1024 3109 1125 3173 etiam
1179 3110 1293 3177 sideat.
1333 3111 1438 3176 Porro
1460 3111 1661 3195 adverbium,
1685 3113 1781 3189 Ecce,
1803 3109 1955 3184 δεικτικῶς
1976 3111 2029 3176 hic
2047 3111 2146 3174 sumi·

162 3208 419 3285 argumentatur,
439 3197 512 3261 fieri
534 3215 597 3259 non
619 3216 713 3278 posse
735 3206 772 3260 ut
800 3217 897 3279 quam
921 3196 1056 3260 meritus
1077 3203 1128 3261 est
1180 3208 1251 3276 tur,
1281 3217 1318 3262 ao
1339 3197 1367 3261 si
1389 3196 1424 3261 in
1448 3196 1612 3263 theatrum
1636 3197 1832 3280 produceret
1855 3195 1962 3262 David
1984 3195 2146 3261 infelicem

162 3305 300 3371 posnam
322 3282 457 3367 effugiat
480 3281 590 3365 Doeg:
620 3281 696 3364 quie
719 3281 844 3348 scilicet
866 3281 938 3346 ideo
961 3301 1022 3345 sua
1044 3280 1127 3345 iudi·
1179 3284 1319 3362 exitum,
1340 3284 1394 3365 qui
1417 3284 1573 3365 superbos
1594 3283 1659 3349 Dei
1681 3294 1921 3366 contemptores
1942 3295 2070 3347 manet:
2104 3282 2147 3346 si·

163 3373 212 3439 cia
245 3381 376 3435 exercet
408 3365 517 3450 Dens,
557 3376 596 3432 nt
628 3367 782 3432 maiorem
815 3366 876 3433 sibi
910 3365 1126 3432 reverentiam
1180 3369 1247 3433 cuti
1269 3367 1349 3433 haec
1372 3389 1436 3432 non
1459 3368 1604 3452 vulgaris
1626 3367 1801 3451 prudentia
1823 3382 1883 3446 est,
1905 3390 1946 3432 ex
1964 3389 2030 3432 uno
2048 3365 2146 3431 docu-

165 3456 251 3541 epud
274 3453 385 3519 fideles
407 3453 574 3532 conciliet,
602 3462 702 3534 atque
724 3473 779 3516 eos
801 3452 964 3517 exhilaret
984 3451 1128 3516 iustitiae
1180 3464 1292 3519 mento
1323 3453 1476 3537 colligere
1505 3454 1639 3519 miseros
1672 3474 1743 3520 esse
1774 3475 1904 3530 omncs,
1937 3473 1975 3516 ac
2008 3453 2147 3535 pessimo

163 3563 242 3609 suae
274 3539 485 3605 documentis.
528 3537 602 3604 Etsi
635 3537 724 3601 enim
756 3538 903 3621 reprobis
934 3558 1063 3620 quoque
1095 3546 1129 3601 et
1180 3540 1280 3604 exitio
1300 3538 1487 3620 destinatos,
1509 3539 1565 3624 qui
1586 3539 1663 3605 alibi
1685 3560 1781 3623 quant
1800 3541 1834 3604 in
1854 3539 1926 3604 Deo
1943 3560 2033 3622 apem
2052 3558 2146 3603 suam

166 3628 228 3694 Dei
250 3623 529 3709 contemptoribus
550 3621 724 3706 spectabile
741 3624 887 3688 futurum
905 3636 976 3688 crat
992 3623 1127 3688 exitium
1180 3625 1394 3690 constituunt.
1450 3625 1626 3690 Caeterum
1659 3624 1857 3692 coniunctim
1899 3624 2038 3707 legenda
2070 3637 2148 3688 sunt

165 3715 274 3798 θοις,
304 3713 386 3778 duas
408 3717 519 3775 tamen
541 3710 582 3776 ob
612 3729 725 3774 causas
747 3708 955 3793 peculiariter
984 3707 1054 3773 eius
1079 3709 1141 3772 in·'
1181 3711 1260 3775 haec
1283 3711 1347 3776 duo
1368 3711 1531 3791 membra,
1565 3711 1640 3776 Noa
1663 3712 1771 3793 posuit
1791 3710 1897 3776 Deam
1922 3710 2016 3775 robur
2044 3728 2147 3786 saum,

166 3804 285 3864 tuitum
306 3797 348 3862 ad
376 3797 462 3862 solos
491 3796 592 3861 iustos
620 3794 799 3878 restringit
842 3794 928 3860 Nam
958 3794 991 3857 in
1021 3792 1127 3859 mani·
1179 3798 1368 3881 eperat
1384 3798 1419 3861 ιἰι
1440 3798 1548 3861 melfia
1567 3797 1704 3862 divetis:
1738 3797 1815 3878 quia
1841 3796 2005 3879 signifieat
2028 3794 2147 3872 David,

165 3886 257 3950 festis
278 3903 406 3968 quoquo
428 3880 491 3947 Dei
520 3880 671 3966 operibus
699 3880 889 3947 caecutiunt
915 3878 1061 3964 reprobi,
1092 3895 1129 3944 ut
1180 3902 1348 3966 nunquam
1368 3884 1493 3948 sincere
1511 3880 1659 3948 homines
1682 3883 1715 3947 in
1739 3884 1846 3947 Deum
1870 3881 2069 3959 recumbere,
2092 3880 2147 3944 do·

166 3971 284 4035 mirum
306 3989 372 4034 nou
394 3968 493 4034 sitin
515 3968 585 4034 eius
602 3966 729 4032 iudiciis
746 3965 830 4031 nihil
848 3967 1018 4049 proficere:
1041 3965 1128 4030 ideo·
1181 3989 1241 4033 nec
1256 3967 1407 4050 propriae
1428 3968 1555 4046 inopiae
1576 3968 1706 4045 conscii,
1728 3988 1763 4032 se
1778 3969 1865 4050 ipsos
1887 3988 2021 4051 prorsus
2035 3965 2147 4032 exina-

166 4076 228 4138 que
250 4054 366 4120 merito
387 4054 488 4120 iustos
511 4053 638 4120 visuros
660 4051 739 4119 dicit
762 4051 885 4132 David,
912 4051 989 4134 quia
1009 4051 1128 4118 oculati
1181 4053 1283 4117 nient.
1328 4051 1530 4133 Quantispcr
1552 4053 1640 4117 enim
1668 4054 1892 4136 imaginantur
1913 4055 1947 4117 in
1969 4074 2004 4118 se
2026 4051 2147 4135 aliquid

166 4154 253 4207 sunt.
299 4137 432 4205 Accedit
453 4140 555 4206 altera
577 4139 673 4218 ratio,
702 4136 787 4222 quod
810 4137 901 4203 Deus
929 4138 962 4201 in
991 4156 1128 4202 suorum
1182 4138 1332 4213 residere,
1356 4138 1425 4202 fiori
1449 4159 1511 4200 non
1536 4151 1642 4219 potest
1664 4153 1701 4203 ut
1723 4138 1763 4203 ad
1782 4140 1889 4204 Deum
1910 4137 2145 4204 conscendant:

168 4226 323 4310 gratiam,
354 4233 507 4308 utquam
529 4246 588 4309 pro
610 4222 732 4290 tuenda
752 4242 864 4288 eornm
887 4223 992 4288 salute
1013 4221 1129 4288 sollici·
1182 4225 1228 4288 ita
1250 4223 1312 4288 hoc
1334 4233 1525 4305 perpetuum
1550 4235 1614 4300 ost,
1645 4236 1803 4307 qnantum
1826 4224 1888 4290 sibi
1910 4238 2068 4308 arrogant
2091 4224 2147 4289 ho·

167 4310 313 4378 tudinem
335 4310 420 4394 gerit
447 4310 514 4376 illis
536 4319 688 4388 testetur,
722 4308 867 4374 retundit
888 4308 1063 4392 impiorum
1085 4307 1131 4372 fe·
1182 4310 1296 4390 mines,
1319 4307 1513 4372 tantundem
1536 4307 1607 4373 Deo
1629 4309 1817 4375 detrahere:
1844 4322 1877 4376 ot
1898 4312 1951 4394 qui
1974 4311 2046 4376 suis
2068 4308 2148 4374 divi·

168 4398 307 4474 rociam,
336 4406 433 4477 atquc
454 4395 501 4460 ita
521 4415 633 4460 eorum
663 4395 790 4460 dolores
820 4392 1030 4477 ingaudium
1054 4413 1129 4457 con·
1183 4395 1237 4459 tiis
1258 4393 1442 4471 confidunt,
1467 4414 1532 4458 non
1555 4415 1676 4476 ponere
1699 4395 1808 4461 Deum
1832 4393 1930 4461 robur
1953 4416 2061 4462 sunm.
2106 4395 2148 4460 lit

168 4485 279 4550 vertit.
347 4479 462 4563 Itaque
502 4501 566 4545 non
606 4478 726 4545 mirum
763 4489 813 4544 est
854 4480 881 4544 si
926 4500 980 4545 eos
1020 4476 1130 4543 David
1183 4480 1269 4564 quod
1293 4479 1332 4543 de
1350 4500 1416 4544 una
1437 4480 1545 4563 specie
1567 4478 1620 4547 hic
1643 4482 1835 4562 pronuntiat
1856 4480 1985 4562 David,
2015 4481 2056 4546 ad
2079 4501 2147 4546 om·

166 4591 238 4637 com
263 4566 341 4634 ellat
363 4573 479 4648 testes,
513 4564 633 4647 quihus
662 4565 726 4631 tale
752 4565 972 4647 spectaculum
1001 4563 1130 4647 proprie
1183 4587 1241 4637 nos
1258 4563 1460 4631 extenditur:
1482 4566 1608 4647 quoties
1629 4566 1665 4629 in
1682 4567 1806 4631 mundo
1825 4576 1858 4631 et
1876 4568 2014 4633 terrenis
2033 4568 2146 4650 opibus

168 4589 301 4722 exhibet
321 4653 422 4718 Deus.
466 4650 570 4716 Porro
592 4649 704 4715 Timor
725 4650 787 4716 hoc
809 4651 879 4714 loco
902 4671 968 4714 non
987 4649 1130 4714 formidi-
1183 4651 1359 4718 subsidunt
1381 4650 1549 4715 hominum
1569 4662 1704 4732 mentes,
1728 4653 1863 4717 totidem
1880 4653 2055 4719 obstaculis
2078 4672 2147 4735 pro·

167 4761 244 4808 nem
266 4739 444 4822 siguificat,
478 4756 542 4819 quo
564 4756 661 4819 saepe
690 4737 839 4802 homines
863 4744 1077 4802 consternant
1099 4743 1132 4799 et
1183 4736 1290 4802 hiberi
1313 4756 1332 4800 a
1354 4736 1540 4817 quaerendo
1564 4736 1642 4802 Deo.
1688 4738 1813 4803 Nomen
1836 4750 1909 4821 Γηῃ
1930 4737 2029 4822 (quod
2052 4737 2147 4803 Mali·

167 4825 419 4910 expavefaciunt
440 4822 505 4888 Dei
527 4821 702 4891 vindictae:
726 4821 782 4887 sed
804 4843 863 4905 pro
880 4822 967 4887 laeta
981 4832 1013 4888 et
1032 4820 1131 4886 alacri
1183 4823 1262 4887 tiam
1284 4821 1385 4885 vertit
1407 4821 1492 4886 bona
1522 4842 1597 4904 pars
1625 4824 1857 4906 interpretum,
1887 4824 2023 4906 quidam
2051 4825 2146 4888 etiam

167 4910 350 4978 reverentia
372 4909 540 4994 accipitur,
563 4909 640 4976 dum
662 4917 842 4993 agnoscunt
861 4907 972 4973 fideles
990 4904 1075 4970 tanti
1096 4925 1131 4970 se
1183 4929 1242 4992 pro
1264 4906 1405 4989 pernicie
1427 4908 1532 4972 active
1554 4908 1728 4990 accipiunt)
1752 4908 1882 4974 videtur
1904 4909 1966 4973 hoc
1994 4910 2065 4975 loco
2093 4931 2148 4993 po·

168 4999 238 5063 fieri
255 5017 363 5062 coram
381 4997 464 5079 Deo,
488 5007 524 5059 ut
544 5014 658 5062 causas
679 5014 789 5059 eorum
808 4991 996 5073 suscipiens,
1019 5009 1131 5056 eorum
1184 4992 1250 5057 tius
1272 5001 1387 5056 notare
1408 4993 1633 5059 substantiam.
1668 4992 1798 5059 Scimus
1816 4994 1904 5058 enim
1922 4994 2044 5062 Davidi
2069 4994 2148 5059 nihil

170 5084 316 5149 hostibus
340 5105 375 5147 sc
408 5090 558 5166 opponat.
602 5078 768 5161 Quamdiu
796 5079 883 5142 enim
912 5077 1051 5160 expositi
1081 5076 1131 5141 in·
1185 5097 1255 5143 esse
1278 5078 1381 5161 magis
1404 5078 1579 5155 familiare,
1600 5098 1696 5162 quam
1720 5098 1788 5142 rem
1812 5100 1912 5146 unam
1933 5092 2080 5164 repetere
2102 5079 2147 5146 di·

170 5168 261 5234 iuriis
277 5169 502 5233 consentiunt
519 5165 626 5232 Deum
639 5165 810 5241 vindicem,
829 5164 941 5229 multis
958 5161 1132 5228 dubitatio·
1185 5161 1290 5227 versis
1323 5162 1442 5230 verbis.
1497 5165 1586 5248 Ergo
1619 5163 1741 5246 optime
1774 5165 1848 5230 fluit
1880 5166 1934 5232 hic
1966 5177 2146 5235 contextus.

171 5251 266 5319 nibus
288 5263 457 5335 aestuant,
490 5271 527 5317 ac
549 5255 577 5319 si
598 5272 674 5317 eum
697 5273 761 5316 non
783 5250 960 5333 attingeret
982 5267 1060 5314 cura
1082 5268 1133 5312 re·
1186 5247 1351 5313 hominem
1374 5251 1431 5333 qui
1452 5250 1575 5315 divitiis
1596 5251 1664 5315 suis
1685 5249 1835 5331 confidit,
1865 5263 1898 5317 et
1920 5252 2093 5319 roboratur
2114 5253 2148 5317 in
