4658 5856
231 296 270 361 19

230 488 318 567 dum,
348 486 433 570 quod
463 487 525 552 sibi
556 485 825 569 pretiosissimum
857 496 890 549 61
918 484 1103 550 suavissimi

231 598 338 664 odoris
360 620 431 665 6666
454 599 652 682 pronunciat
670 600 771 676 Dens,
795 596 956 680 quomodo
973 596 1037 661 rite
1055 597 1102 660 ol·

228 710 313 775 ferre
335 722 492 795 oporteat,
515 712 570 777 hio
592 713 689 777 etiam
712 710 752 776 ad
772 710 927 776 amussim
946 708 1103 791 praescri·

228 823 327 889 bitur.
350 823 520 905 Nusquam
541 826 645 908 magis
663 823 830 890 luculenta
842 830 913 886 tum
926 821 1103 902 singularis

228 956 307 1019 erga
329 937 497 1002 eeclesiam
518 937 580 1001 Dei
598 934 842 1016 beneficentiae,
865 941 934 997 tum
954 933 1099 997 omnium

229 1047 298 1112 eins
320 1067 457 1130 operum
480 1049 654 1131 praeconia
676 1047 842 1130 leguntur,
872 1065 1032 1128 nusquam
1055 1054 1103 1108 tot

229 1171 406 1226 narrantur
417 1160 633 1236 liberationes,
654 1157 707 1226 vel
719 1166 786 1222 tam
804 1156 1101 1238 splendidcornan·

228 1278 283 1336 tur
312 1286 469 1355 paternae
500 1293 577 1356 erga
607 1294 666 1336 nos
697 1270 800 1352 ipsius
823 1267 1048 1350 providentiae
1070 1279 1103 1332 61

229 1403 326 1448 curae
356 1383 568 1449 documenta:
601 1403 761 1465 nusquam
793 1381 931 1462 deniquo
959 1379 1010 1446 vel
1039 1379 1101 1443 Dei

229 1495 381 1560 laudandi
400 1496 533 1579 plenior
545 1495 687 1560 traditur
698 1494 792 1572 ratio,
816 1491 868 1557 vel
881 1492 921 1557 ad
934 1503 1103 1575 praestan·

228 1607 305 1672 dum
329 1609 389 1674 hoc
412 1608 545 1690 pietatis
575 1607 718 1672 officium
751 1607 858 1671 aerius
885 1604 1102 1670 stimulamur.

227 1721 279 1786 Ad
310 1722 400 1801 haee,
428 1720 581 1802 quamvis
611 1717 801 1800 praeceptis,
829 1736 1040 1799 quaeeunque
1062 1717 1103 1780 ad

227 1834 328 1899 vitam
351 1842 464 1898 sancte
494 1833 546 1915 pie
576 1831 723 1912 iusteque
753 1827 958 1894 formandam
981 1827 1104 1903 valent,

228 1945 366 2009 refertus
378 1945 421 2008 sit
440 1942 532 2025 liber,
555 1943 728 2024 praecipue
747 1950 857 2005 tamen
875 1960 934 2003 nos
947 1937 987 2002 ad
999 1938 1104 2004 crucis

229 2056 437 2120 tolerantiam
458 2054 625 2120 instituet:
650 2071 826 2136 quaevera
845 2050 1105 2116 estobedientiae

230 2164 391 2248 probatio,
423 2165 476 2230 ubi
502 2167 642 2248 propriis
673 2161 842 2229 affectibus
869 2164 981 2228 valere
1008 2163 1105 2227 iussis

229 2277 301 2344 Deo
324 2299 383 2343 nos
405 2277 605 2354 subiieimus‚
633 2278 840 2360 patimurque
870 2278 940 2342 eius
970 2273 1104 2339 arbitrio

229 2389 330 2454 vitam
361 2400 508 2454 nostram
539 2390 586 2453 ita
615 2388 803 2472 gubernari,
832 2398 869 2452 ut
898 2408 981 2470 quae
1010 2386 1105 2449 nobis

228 2502 453 2570 acerbissimae
477 2513 554 2567 sunt
576 2521 763 2577 aerumnae,
786 2499 863 2580 quia
881 2498 920 2561 ab
938 2498 1007 2578 ipso
1029 2517 1103 2577 pro·

228 2616 426 2688 ficiscuntur,
451 2612 649 2676 dulcescant.
672 2610 924 2674 Postremonon
939 2606 1105 2689 generalia

229 2725 333 2789 solum
358 2724 540 2786 recitantur
563 2720 719 2784 bonitatis
744 2717 808 2782 Dei
837 2717 993 2792 encomia,
1022 2736 1105 2798 quae

230 2835 368 2899 doceant
386 2834 421 2896 in
444 2833 514 2913 ipso
534 2831 601 2896 solo
621 2827 900 2912 acquiescendum,
923 2838 961 2892 ut
979 2838 1104 2894 certum

229 2947 264 3011 in
287 2945 378 3009 omni
402 2942 595 3008 necessitate
608 2941 647 3007 ab
661 2963 698 3006 eo
711 2941 869 3006 auxilium
888 2942 960 3024 piae
979 2948 1106 3005 mentes

231 3062 440 3139 exspectent:
477 3055 531 3120 sed
556 3055 699 3137 gratuita
722 3061 923 3134 peccatorum
946 3052 1106 3131 remissio,

231 3189 314 3251 quae
336 3166 405 3233 sola
421 3176 454 3231 ot
466 3167 574 3232 Deum
594 3166 686 3231 nobis
704 3164 822 3247 placat,
844 3175 876 3228 et
894 3163 1104 3245 tranquillam

231 3302 304 3347 cum
323 3302 362 3345 eo
384 3300 497 3362 pacem
511 3279 603 3342 nobis
621 3277 769 3359 acquirit,
791 3277 837 3339 sic
849 3275 1104 3351 commendatur,

231 3400 269 3457 ut
298 3390 380 3456 nihil
409 3410 545 3471 prorsus
574 3387 658 3452 desit
687 3387 728 3450 ad
758 3387 925 3450 seientiam
955 3393 1105 3449 aeternae

232 3502 355 3569 salutis.

318 3630 505 3706 Caeterum,
534 3626 562 3691 si
583 3624 675 3690 labor
697 3648 717 3691 a
738 3645 791 3690 me
812 3626 845 3688 in
870 3625 922 3690 his
943 3644 1107 3689 commen·

233 3742 324 3806 tariis
353 3748 504 3821 sumptus
524 3737 698 3803 lectoribus
727 3736 883 3819 proderit,
913 3735 1018 3800 sciant
1039 3754 1106 3797 me·

234 3853 334 3918 diceri
356 3849 574 3916 certaminum
601 3847 733 3933 (quibus
763 3868 814 3912 me
831 3846 994 3911 Dominus
1017 3865 1108 3909 exer·

232 3964 313 4050 cuit)
345 3960 549 4044 experientia
581 3980 635 4023 me
668 3979 734 4024 non
768 3957 976 4023 mediocriter
1008 3956 1107 4020 fuisse

233 4076 391 4153 adiutum,
414 4094 480 4137 non
504 4071 600 4136 modo
611 4078 649 4134 ut
660 4069 935 4136 accommodarem
951 4068 991 4132 ad
1014 4090 1107 4151 prae·

233 4197 359 4255 sentem
379 4205 475 4250 usum
490 4181 648 4265 quidquid
672 4180 809 4246 licuerat
831 4177 998 4243 doetrinae
1017 4179 1107 4242 colli·

234 4320 327 4386 gere:
358 4295 415 4363 sed
439 4292 539 4360 atad
563 4292 734 4358 eonsilium
765 4290 931 4370 scriptoris
954 4290 1108 4372 cuiusque

232 4412 433 4500 psalmorum
445 4403 697 4488 intelligendum
709 4399 900 4466 familiarior
912 4401 1108 4482 pateretvia.

232 4527 277 4592 Et
299 4542 399 4607 quum
429 4520 518 4583 inter
548 4537 603 4580 eos
634 4512 830 4596 praecipuus
857 4509 899 4573 611
920 4509 1042 4588 David,
1073 4522 1110 4574 61

234 4638 306 4703 6166
336 4629 559 4717 querimonias
582 4626 623 4691 de
645 4621 809 4688 intestinis
832 4621 986 4686 eeclesiae
1014 4622 1110 4686 malis

234 4746 364 4831 plenius
385 4757 628 4825 cognoscerem,
650 4734 733 4798 mihi
752 4753 818 4796 nou
842 4751 956 4812 parum
979 4731 1110 4813 proluit,

236 4857 349 4923 eadem
372 4875 457 4939 quae
488 4851 559 4933 ipse
587 4845 733 4928 deplorat
755 4851 813 4907 aut
833 4840 954 4906 similia
982 4861 1111 4923 perpes·

116 5016 121 5027 -
236 4990 308 5038 sum
321 4987 423 5033 essea
441 4958 627 5030 domesticis
638 4955 794 5022 eeclesiae
817 4951 975 5016 hostibus.
998 4951 1112 5030 Neque

237 5082 335 5152 enim.
366 5076 517 5161 quamvis
548 5072 589 5138 ab
619 5090 657 5136 eo
677 5064 869 5151 longissime
891 5060 1017 5136 distem,
1045 5057 1111 5122 imo

238 5192 278 5260 ad
301 5190 424 5258 multas
444 5185 564 5270 quibus
586 5179 742 5250 excelluit
763 5176 902 5243 virtutes
924 5187 1022 5249 aegro
1043 5167 1111 5232 len-

2190 294 2233 357 20

1258 482 1290 548 la
1308 484 1397 568 regle
1415 484 1573 551 infallible
1592 505 1673 551 nous
1691 507 1731 550 cn
1750 495 1800 550 est
1816 486 1869 569 yci
1889 485 2051 567 preserite.
2080 483 2109 547 Il
2132 487 2190 569 n'y
2213 507 2233 549 a

1258 569 1341 635 livre
1362 592 1404 636 ou
1416 591 1458 636 on
1482 582 1596 636 trouve
1615 571 1655 636 de
1671 573 1747 655 plus
1765 592 1937 654 expresses
1961 583 1993 635 61
2014 571 2233 654 magnifiques

1258 655 1425 740 leuanges,
1456 666 1530 722 tant
1559 658 1599 721 (16
1629 658 1659 721 la
1688 658 1866 742 singuliere
1895 655 2056 721 liberalite
2085 656 2126 720 de
2144 656 2232 721 Dieu

1259 763 1377 808 envers
1399 763 1457 807 son
1470 743 1592 827 Eglise,
1616 765 1679 826 que
1702 743 1742 808 de
1760 752 1867 807 tontes
1886 763 1937 808 ses
1957 763 2108 807 eeuvres:
2128 742 2153 805 il
2175 745 2233 826 n’y

1260 847 1280 890 a
1301 829 1384 892 livre
1407 830 1523 910 auquel
1547 838 1662 911 seyent
1691 831 1827 895 16611666
1856 837 1929 893 tant
1959 827 1999 892 de
2020 827 2233 906 delivranoes,

1261 914 1294 977 ni
1326 915 1443 996 auquel
1480 915 1527 979 los
1556 916 1799 999 tesmoignages
1829 924 1862 980 et
1891 913 2103 996 experienees
2133 914 2174 978 de
2196 935 2253 999 sa·

1259 999 1454 1083 providenoe
1487 1011 1520 1064 et
1558 1001 1728 1066 solicitude
1767 1000 1944 1085 paternella
1984 1020 2102 1065 envers
2140 1019 2232 1083 nous,

1259 1095 1377 1169 soyent
1389 1086 1417 1150 si
1427 1086 1610 1155 richemont
1628 1087 1753 1151 exalter
1764 1095 1798 1152 et
1819 1087 2022 1168 d’unet'aqon
2044 1088 2072 1150 si
2092 1085 2232 1150 authen·

1258 1172 1359 1254 11666.
1384 1172 1483 1248 Β1161,
1507 1174 1531 1236 11
1555 1177 1609 1257 n'y
1633 1193 1651 1235 a
1670 1173 1752 1238 livre
1771 1173 1888 1255 auquel
1907 1171 1981 1253 plus
1999 1172 2233 1254 parlaitement

1258 1278 1342 1321 nous
1371 1259 1432 1323 soit
1461 1260 1635 1343 enseignee
1664 1258 1696 1323 la
1717 1260 1862 1323 maniere
1885 1258 1925 1323 (16
1952 1258 2042 1321 16661
2064 1257 2164 1336 Dieu,
2191 1278 2233 1322 eu

1259 1342 1378 1425 auquel
1409 1365 1490 1409 nous
1519 1365 1637 1429 soyons
1659 1344 1733 1427 plus
1757 1345 1921 1409 vivement
1950 1344 2095 1409 solicitez
2119 1351 2141 1408 a
2163 1358 2232 1409 cest

1258 1429 1404 1494 exercice
1427 1430 1466 1495 do
1487 1431 1581 1512 pieta.
1626 1431 1840 1514 D'avantage,
1864 1430 1895 1494 ia
1917 1429 2064 1512 scitque
2087 1451 2124 1495 ce
2148 1428 2232 1493 livre

1258 1515 1323 1579 soit
1344 1514 1433 1597 plein
1457 1516 1497 1580 de
1520 1524 1592 1581 tons
1615 1516 1865 1599 enseignemens
1887 1517 1941 1597 qui
1961 1525 2104 1596 penvent
2128 1517 2233 1579 servir

1258 1621 1341 1682 pour
1364 1601 1522 1666 reformes
1543 1610 1654 1667 nostre
1677 1604 1767 1666 vica
1790 1612 1878 1667 toute
1897 1603 2062 1678 sainctete,
2086 1602 2233 1665 dreiture

1260 1694 1294 1748 et
1321 1686 1458 1768 1661166,
1492 1688 1763 1771 principalement
1796 1689 1968 1752 toutessois
2000 1687 2023 1750 il
2057 1707 2142 1751 nous
2175 1708 2231 1751 en·

1260 1773 1409 1854 seigncra
1437 1783 1470 1836 et
1499 1773 1591 1837 duira
1621 1782 1642 1839 a
1670 1783 1781 1856 perier
1814 1773 1846 1837 la
1874 1773 1973 1851 croix,
2002 1774 2058 1854 qui
2087 1786 2139 1836 est
2168 1793 2232 1837 une

1260 1878 1360 1942 vraye
1372 1879 1529 1940 espreuve
1543 1860 1582 1923 de
1596 1869 1705 1924 nostre
1718 1860 1912 1934 obeissancc‚
1925 1861 2072 1924 ascavoir
2085 1859 2234 1923 d’autant

1260 1963 1323 2025 que
1346 1964 1528 2028 renonqans
1551 1952 1571 2009 a
1593 1966 1652 2010 nos
1683 1966 1817 2027 propres
1839 1946 2016 2021 affectione,
2048 1965 2233 2009 nous-nous

1260 2039 1463 2094 soumettons
1493 2031 1709 2095 entier-ament
1731 2039 1752 2095 a
1775 2031 1871 2109 Dieu,
1901 2041 1934 2095 et
1957 2030 1987 2092 le
2009 2031 2151 2095 laissons
2173 2031 2231 2094 tel·

1260 2115 1382 2179 lement
1403 2136 1484 2181 nous
1514 2137 1698 2200 gouverner
1720 2127 1751 2180 et
1775 2116 1920 2199 disposer
1942 2125 2052 2179 nostro
2074 2117 2140 2196 vie,
2170 2136 2233 2198 qne

1260 2201 1307 2264 les
1337 2201 1471 2266 miseros
1497 2204 1552 2284 qui
1583 2213 1658 2268 sont
1688 2203 1735 2266 les
1764 2203 1837 2284 plus
1866 2200 1964 2265 rudes
1998 2213 2032 2265 61
2058 2222 2186 2267 amares
2214 2209 2234 2266 a

1259 2295 1369 2351 nostra
1381 2297 1508 2369 nature,
1520 2309 1603 2352 nous
1615 2288 1789 2353 devienent
1801 2287 1927 2361 (166666,
1941 2289 2089 2351 d’autant
2100 2288 2233 2368 qu'elles

1262 2372 1439 2454 procedent
1461 2373 1501 2437 de
1523 2374 1591 2458 luy.
1635 2375 1724 2438 Pour
1747 2374 1777 2438 le
1799 2372 1938 2451 dernier,
1962 2393 2028 2437 non
2051 2373 2234 2438 seulement

1262 2476 1347 2520 noue
1377 2479 1399 2539 y
1434 2467 1628 2523 trouverons
1662 2459 1708 2523 les
1741 2460 1898 2542 lonanges
1927 2459 2099 2541 generales
2134 2460 2174 2524 (16
2205 2460 2234 2522 16

1262 2542 1360 2605 bonte
1390 2540 1430 2606 (16
1452 2542 1538 2606 Dicu
1566 2542 1738 2625 lesquelles
1767 2548 1961 2627 enseigncnt
1991 2567 2056 2609 aux
2086 2545 2235 2609 hommes

1263 2626 1361 2691 dese
1385 2647 1515 2708 reposer
1537 2650 1578 2692 en
1601 2629 1658 2712 lup
1680 2631 1760 2707 seul,
1791 2641 1823 2693 61
1851 2653 1874 2714 y
1902 2630 2042 2712 prendre
2071 2641 2144 2694 tout
2167 2632 2236 2694 leur

1262 2723 1513 2787 contentement‚
1535 2716 1599 2778 alin
1620 2716 1747 2796 666166
1769 2716 1932 2782 fidelesde
1954 2725 2028 2780 tout
2050 2715 2123 2781 leur
2140 2737 2236 2782 eoem·

1263 2798 1432 2862 attendent
1444 2798 1483 2861 (16
1506 2799 1561 2883 luy
1575 2822 1615 2864 en
1629 2810 1736 2865 tontes
1754 2803 1841 2867 leurs
1857 2805 2033 2867 necessitea
2046 2824 2089 2866 un
2102 2823 2236 2867 secours

1262 2892 1410 2947 assoure:
1433 2886 1514 2950 mais
1527 2906 1607 2950 nous
1630 2897 1823 2952 trouverons
1836 2890 1921 2952 aussi
1934 2908 1999 2969 que
2017 2889 2049 2951 la
2061 2889 2234 2952 remission

1261 2969 1406 3051 gratuite
1437 2969 1492 3034 des
1522 2970 1654 3051 pachae,
1692 2973 1831 3055 laquelle
1858 2972 1948 3038 seule
1984 2973 2117 3055 appaise
2148 2972 2235 3036 Dion

1263 3074 1380 3119 envers
1403 3076 1494 3131 nous,
1524 3067 1557 3120 61
1586 3078 1669 3121 nous
1699 3061 1842 3140 aequiert
1873 3060 2074 3139 tranquillite
2095 3059 2135 3123 (16
2158 3081 2236 3125 666-

1261 3140 1388 3204 6616666
1422 3139 1542 3204 devant
1574 3143 1646 3225 luy,
1680 3167 1702 3226 y
1737 3161 1786 3209 est
1814 3145 1982 3209 tellement
2016 3145 2175 3228 preschee
2203 3157 2237 3208 61

1262 3225 1445 3308 magnifiee,
1476 3248 1537 3308 que
1559 3248 1641 3293 nous
1664 3251 1706 3293 ne
1728 3250 1876 3311 pouvons
1903 3252 1960 3313 pas
1983 3229 2054 3294 dire
2077 3252 2141 3312 que
2164 3231 2236 3295 1166

1262 3309 1434 3460 ydefalille
1464 3311 1503 3377 de
1532 3333 1568 3378 oe
1598 3315 1652 3396 qui
1682 3334 1839 3380 concerno
1864 3316 1896 3380 la
1926 3318 2051 3381 scienee
2083 3318 2126 3379 dn
2150 3317 2238 3380 salut

1262 3406 1395 3461 eterna.

1346 3483 1400 3547 Au
1422 3494 1516 3560 reste,
1539 3486 1566 3548 si
1590 3486 1637 3549 les
1660 3485 1800 3550 leetenrs
1823 3487 1954 3551 vienent
1976 3494 1996 3552 a
2018 3489 2122 3551 sentir
2144 3487 2237 3569 quel·

1264 3587 1327 3648 que
1358 3570 1436 3631 fruit
1465 3580 1499 3632 61
1525 3571 1648 3650 proufit
1678 3570 1722 3633 du
1753 3570 1865 3635 labeur
1895 3592 1957 3653 qne
1990 3573 2056 3656 i'ay
2087 3574 2181 3654 prins
2216 3581 2236 3638 a

1262 3653 1381 3715 eserire
1422 3673 1475 3718 ces
1516 3655 1792 3734 Commentairos,
1831 3658 1861 3720 ie
1901 3679 1984 3722 veux
2027 3658 2100 3722 bien
2138 3658 2237 3740 qu‘ils

1263 3736 1416 3801 scaohent
1439 3758 1501 3819 qne
1524 3737 1738 3821 l’experienoe
1760 3762 1822 3822 que
1844 3742 1910 3826 i’ay
1928 3757 1987 3809 aue
2007 3765 2066 3825 par
2084 3743 2131 3808 les
2149 3766 2238 3810 com·

1263 3822 1334 3884 bats
1357 3823 1483 3904 esquels
1506 3821 1536 3885 le
1558 3823 1721 3908 Seigneur
1739 3829 1803 3889 m'a
1828 3837 1956 3911 exerce,
1979 3850 2095 3895 encore
2118 3830 2238 3911 qu’elle

1263 3904 1341 3969 n'ait
1363 3927 1421 3989 pas
1450 3918 1517 3972 6616
1547 3906 1604 3972 (166
1631 3909 1704 3990 plus
1729 3913 1878 3993 grandes,
1916 3917 1981 3997 m'y
2011 3936 2031 3978 a
2061 3916 2238 3982 toutesfois

1264 3991 1480 4136 §randement
1502 3994 1602 4056 servi:
1626 4015 1693 4057 non
1712 3997 1971 4065 seulementace
1984 4022 2045 4083 que
2067 4002 2098 4065 ie
2116 4022 2237 4084 peusse

1287 4072 1398 4140 eduire
1427 4086 1592 4141 comment
1620 4079 1642 4140 il
1671 4080 1741 4143 faut
1769 4085 1948 4166 prattiquer
1977 4096 2010 4150 et
2040 4095 2162 4150 mettre
2194 4108 2237 4152 66

1265 4179 1364 4258 usage
1387 4171 1478 4257 toute
1500 4161 1531 4223 la
1554 4161 1699 4227 doctrine
1722 4166 1816 4246 qu’on
1840 4190 1880 4232 66
1904 4175 2039 4251 pouvoit
2059 4172 2238 4252 recueillir,

1265 4262 1347 4306 mars
1370 4264 1457 4309 auser
1481 4252 1501 4309 a
1523 4266 1559 4310 ce
1588 4267 1651 4328 que
1673 4249 1789 4315 i'eusso
1811 4253 1885 4336 plus
1907 4256 2031 4338 grande
2054 4270 2238 4324 ouverture

1266 4334 1287 4391 a
1308 4329 1522 4412 comprendre
1545 4331 1726 4398 l’intention
1739 4336 1778 4399 de
1790 4338 1917 4404 chacun
1937 4341 1977 4405 de
2000 4363 2082 4408 ceux
2106 4345 2163 4425 qui
2176 4356 2238 4408 ont

1266 4422 1416 4494 composa
1446 4414 1493 4477 les
1522 4415 1705 4483 Pseanmes.
1756 4423 1801 4486 Et
1828 4443 1950 4506 pource
1979 4431 2130 4509 qu'entre
2161 4449 2240 4496 rous

1265 4498 1395 4594 ceum-la
1406 4497 1516 4562 David
1537 4509 1587 4565 est
1608 4502 1638 4565 le
1661 4505 1828 4590 principal,
1851 4529 1888 4574 ce
1910 4514 1964 4593 qui
1983 4514 2048 4577 m'a
2066 4513 2240 4595 beaucoup

1265 4602 1353 4645 servs
1371 4603 1452 4665 pour
1471 4585 1625 4649 entendre
1642 4588 1716 4671 plus
1728 4592 1843 4674 aplein
1863 4596 1910 4659 les
1928 4596 2145 4680 complaintes
2156 4602 2242 4684 qu'il

1265 4667 1324 4729 fait
1346 4667 1402 4733 (166
1430 4666 1602 4735 afflictione
1629 4692 1691 4753 que
1721 4674 1852 4759 l'Eglise
1879 4681 1922 4745 ha
1952 4691 1972 4748 a
2002 4688 2170 4750 soustenir
2194 4709 2240 4752 au

1266 4749 1387 4816 dedans
1410 4753 1449 4815 de
1471 4772 1537 4834 aoy,
1564 4763 1598 4818 et
1625 4777 1684 4837 par
1711 4779 1793 4824 ceux
1821 4784 1961 4832 mesmes
1988 4771 2042 4850 qui
2066 4791 2101 4834 se
2125 4772 2240 4838 disent

1266 4853 1308 4897 66
1331 4847 1416 4900 66116
1437 4837 1608 4918 membres,
1630 4845 1781 4926 e'estque
1798 4847 2009 4930 i'aysouffert
2027 4854 2075 4919 les
2093 4877 2241 4923 mesmes

1266 4917 1380 5016 choses
1409 4939 1451 4982 eu
1482 4922 1671 4991 semblables
1701 4929 1757 4993 (166
1782 4937 1928 5001 66666116
1951 4938 2174 5024 (166166116666
2198 4946 2242 5010 (16

1267 5001 1413 5098 11161166.
1436 5003 1502 5103 (lar
1523 5010 1666 5075 combien
1689 5033 1750 5095 que
1771 5018 1939 5102 i'ensuyve
1960 5024 2072 5090 David
2095 5028 2138 5093 de
2161 5029 2241 5095 bien

1268 5085 1343 5162 lom,
1373 5097 1407 5150 et
1435 5088 1513 5169 qn‘rl
1542 5096 1610 5157 s'en
1641 5095 1729 5161 faille
1757 5100 1921 5187 beaucoup
1951 5128 2014 5189 que
2043 5110 2074 5175 ie
2104 5134 2188 5198 soye
2217 5123 2241 5180 a

1268 5181 1513 5253 accomparera
1540 5177 1611 5262 luy:
1647 5200 1689 5244 on
1719 5204 1799 5266 pour
1827 5189 1937 5256 mieux
1966 5194 2050 5272 dire,
2081 5201 2237 5266 combien
