4658 5856
143 358 206 425 341
935 359 1150 430 PSALMUS
1171 359 1343 427 XXXIV.
1622 345 1626 351 ’
2044 360 2132 426 ,342

142 549 210 615 dies
247 547 360 632 qaino
395 549 500 615 uideat
537 546 675 618 bonnm?
728 552 777 617 14.
814 549 942 616 Custodi
973 549 1114 634 linquam
1137 560 1140 583 '
1166 549 1253 615 diam
1276 548 1381 633 exigit
1402 547 1522 628 David,
1553 571 1595 615 ne
1624 550 1664 614 ad
1687 550 1866 616 fallendum
1889 570 1960 616 eam
1983 551 2132 617 diffluere
2216 596 2220 605 ,

143 641 231 700 mom
259 655 280 700 a
308 632 402 710 maio,
434 640 463 700 et
494 634 611 701 lobiam
641 642 730 703 inam
762 657 801 703 ne
832 637 976 719 loqnctnr
1003 636 1113 703 deicae.
1165 637 1320 701 sinamus.

146 720 196 786 15.
218 720 353 786 Declino
374 742 395 785 a
416 720 549 801 mulitia,
578 722 679 806 etsae
699 722 826 789 bonnm:
854 724 979 806 inquire
994 740 1114 804 pauent,
1211 794 1220 813 ·
1252 721 1301 786 15.
1324 717 1515 808 (Decline‘o
1535 719 1683 806 tandm.)
1727 719 1824 786 Iubet
1852 732 1889 786 ut
1918 722 1977 788 filii
2000 724 2064 789 Dei
2091 721 2131 786 ab

143 812 371 890 dpmaeqnere
391 806 489 873 aliam
1167 807 1256 872 omui
1278 807 1398 872 iniuria
1419 806 1613 883 abstineant,
1643 827 1742 890 aeque
1771 819 1943 873 exerceant
1972 808 2012 872 ad
2034 808 2132 874 bene·

1166 893 1341 958 ficentiarn.
1394 891 1503 976 Vulgo
1526 893 1621 957 citari
1642 892 1725 958 solet
1747 893 1800 959 bic
1829 914 1946 958 versus
1975 914 2013 958 ac
2034 897 2062 959 si
2091 895 2131 960 de

231 977 282 1043 12.
328 976 437 1042 Venite
451 976 523 1057 pilii,
546 980 613 1069 etc.)
655 978 892 1045 Vehementius
922 978 1044 1044 insistit
1073 976 1113 1042 ad
1166 977 1291 1043 duabus
1313 979 1532 1061 poenitentiae
1555 979 1700 1061 partibus
1722 979 1934 1045 concionatus
1956 989 2042 1044 esset
2064 980 2131 1046 Da·

142 976 362 1129 cohortandos
391 1061 512 1141 fideles,
541 1087 583 1131 ne
611 1065 790 1149 quidquam
820 1066 881 1130 sibi
908 1065 1022 1129 utilius
1044 1085 1114 1130 esse
1167 1063 1233 1129 vid.
1278 1064 1362 1128 Nam
1386 1064 1440 1129 hic
1461 1065 1587 1147 primus
1608 1074 1659 1128 est
1680 1065 1922 1147 resipiscentiae
1942 1065 2073 1149 medus,
2096 1078 2133 1131 ut

142 1157 271 1233 putent,
295 1169 389 1231 quam
413 1148 500 1214 iuste
518 1160 551 1215 et
569 1152 701 1216 innoxie
719 1172 792 1216 eum
812 1151 961 1216 omnibus
980 1149 1113 1216 versari.
1165 1159 1314 1233 peccator
1343 1149 1422 1213 vitia
1452 1149 1569 1231 quibus
1610 1148 1756 1215 addictus
1783 1159 1834 1215 eet
1873 1150 2011 1230 obiiciat,
2044 1153 2132 1235 prio·

141 1235 229 1301 Nam
258 1235 333 1317 quia
363 1233 467 1299 maior
497 1255 572 1318 pars
599 1239 760 1320 optimum
789 1256 942 1320 prospere
972 1246 1006 1301 et
1027 1257 1114 1301 com·
1165 1237 1258 1320 rique
1280 1238 1367 1302 vitae
1388 1236 1569 1300 renuntiet:
1593 1234 1711 1300 deinde
1733 1256 1838 1301 mores
1856 1257 1933 1308 suos
1954 1236 2074 1302 formet
2092 1237 2132 1302 ad

142 1319 237 1387 mode
258 1320 379 1404 agendi
401 1321 628 1403 compendium
652 1344 723 1389 esse
744 1323 955 1406 imaginatur,
978 1322 1005 1386 si
1029 1322 1114 1404 quis·
1165 1323 1334 1388 iustitiam.
1378 1319 1446 1387 Sed
1475 1321 1535 1387 bie·
1557 1322 1686 1404 proprie
1714 1321 1875 1404 quomodo
1903 1323 2027 1387 versari
2057 1345 2131 1388 cum
2208 1325 2209 1328 ’

142 1428 205 1491 que
235 1407 280 1486 vi,
307 1403 484 1484 fraudibus,
515 1409 655 1487 iniuriis,
685 1418 719 1473 et
743 1408 815 1475 aliis
844 1407 980 1474 nocendi
1007 1407 1114 1472 modis
1165 1407 1322 1491 proximis
1339 1415 1495 1491 operteat,
1514 1406 1675 1472 docemur.
1707 1406 1793 1488 Quia
1810 1419 1919 1473 autem
1938 1428 2034 1491 saepe
2056 1430 2133 1475 con·

141 1492 291 1576 superior
320 1511 392 1556 esse
412 1487 599 1573 contendat,
629 1495 812 1561 necessaria
841 1503 889 1559 est
911 1493 1009 1558 huius
1039 1492 1112 1558 doc·
1165 1495 1266 1579 tingit
1288 1503 1323 1558 ut
1345 1492 1457 1576 quiin
1480 1493 1622 1575 aliquam
1646 1492 1816 1557 hominum
1840 1502 1965 1575 partem
1989 1493 2132 1559 liberalis

142 1580 248 1644 trinae
264 1578 422 1660 repetitio.
457 1576 630 1644 Caeterum
648 1580 878 1663 quiasubaetis
896 1580 1014 1644 animis
1032 1600 1113 1662 opus
1165 1591 1215 1644 est
1237 1580 1289 1644 vel
1312 1580 1407 1643 etiam
1440 1577 1605 1662 prodigus,
1635 1579 1750 1643 saltem
1780 1582 1848 1643 suis
1876 1579 1990 1645 officiis
2012 1580 2133 1646 multos

141 1673 201 1743 est,
222 1663 309 1728 filios
331 1663 511 1746 appellans,
541 1663 660 1730 blando
690 1665 750 1731 hoc
773 1676 805 1730 et
827 1665 958 1731 amabili
982 1667 1113 1730 nomine
1165 1666 1266 1744 iuvat,
1292 1663 1473 1730 fraudando
1501 1673 1533 1728 et
1563 1664 1708 1730 nocendo
1738 1664 1847 1729 laedat
1875 1665 1970 1730 alios:
2000 1666 2041 1731 ab
2070 1666 2132 1732 hae

140 1769 262 1834 pravos
290 1769 403 1814 omnes
432 1749 568 1816 affectus
597 1751 737 1835 mitigat.
781 1751 895 1834 Neque
917 1752 1004 1816 enim
1028 1750 1114 1833 quis·
1165 1761 1258 1834 parte
1280 1751 1397 1815 merito
1424 1749 1539 1833 incipit
1560 1747 1680 1826 David,
1709 1749 1831 1815 utsibi
1853 1751 1980 1817 amalo
2009 1761 2132 1835 tempe-

141 1856 239 1920 quam
270 1835 359 1899 inter
389 1845 438 1899 tot
471 1835 614 1903 insultus
648 1838 778 1921 quietus
811 1837 927 1912 stabit,
960 1837 1023 1902 nisi
1056 1836 1113 1920 qui
1165 1848 1240 1902 rent
1269 1836 1325 1920 qni
1348 1836 1419 1901 Dec
1448 1836 1550 1901 vitam
1572 1855 1665 1900 suam
1696 1834 1832 1917 probare
1854 1836 2001 1919 cupiunt.
2044 1837 2132 1902 Rur-

140 1919 406 1987 mansuetudinie
434 1921 552 2003 spiritu
574 1923 732 1988 formatus
762 1924 861 1987 fuerit
888 1921 928 1987 ad
951 1943 1113 1991 summam
1166 1943 1239 1988 sum
1262 1922 1337 2005 qnia
1360 1920 1517 2004 plerique,
1540 1921 1567 1986 ai
1590 1921 1748 2001 fraudem,
1777 1931 1836 1986 aut
1857 1921 1936 2002 vim,
1963 1932 2021 1986 aut
2043 1922 2134 1987 dam·

140 2006 346 2073 modestiam.
381 2006 555 2073 Praefatur
576 2009 689 2091 itaque
707 2007 873 2092 propbeta,
896 2028 993 2091 quam
1013 2008 1114 2073 tradit
1167 2028 1247 2072 num
1260 2007 1383 2072 nemini
1394 2007 1572 2084 attulerint,
1591 2007 1691 2089 probe
1707 2027 1742 2071 ss
1754 2006 1922 2072 defunctos
1934 2008 2133 2088 existimant,

140 2091 276 2159 vivendi
312 2093 429 2176 legem,
462 2096 587 2158 servari
619 2105 652 2160 et
681 2095 742 2159 coll
772 2115 836 2158 non
865 2114 970 2177 posse,
1003 2094 1066 2158 nisi
1095 2113 1114 2157 a
1167 2094 1284 2159 merito
1303 2092 1454 2157 adiunxit
1472 2093 1610 2156 alterum
1630 2103 1838 2175 praeceptum
1859 2092 1899 2158 de
1909 2093 2133 2160 beneficentia.

140 2177 322 2245 mansuetis
345 2193 378 2242 et
399 2178 581 2262 morigeris.
616 2179 740 2245 Eodem
760 2182 858 2245 etiam
882 2189 1007 2262 spectat
1028 2177 1113 2262 quod
1165 2178 1281 2261 Neque
1304 2179 1392 2242 enim
1415 2198 1491 2244 suos
1512 2178 1605 2243 Deus
1627 2179 1746 2243 otiosos
1767 2199 1838 2242 esse
1859 2180 1991 2260 patitur,
2020 2180 2077 2245 sed
2100 2181 2134 2246 in

141 2264 229 2343 dicit,
253 2262 387 2329 Venite:
418 2272 451 2328 et
473 2272 614 2331 attentos
637 2287 707 2331 esse
728 2266 829 2344 iubet,
860 2285 976 2348 nempe
998 2276 1037 2328 ut
1058 2265 1113 2330 da·
1166 2285 1336 2330 commune
1359 2283 1435 2328 suas
1452 2283 1567 2345 operas
1587 2265 1742 2342 conferre,
1765 2273 1801 2328 nt
1820 2264 1875 2327 alii
1893 2264 2031 2329 aliorum
2049 2287 2136 2333 com·

140 2351 245 2434 posita
273 2348 363 2414 omni
392 2352 605 2431 contumacia,
636 2351 812 2433 sedatoque
842 2350 964 2434 impetu
995 2359 1029 2414 et
1049 2350 1114 2415 fer·
1166 2349 1271 2415 modis
1293 2359 1407 2414 mutue
1426 2348 1596 2414 consulant
1613 2349 1826 2414 acetudeant.
1861 2349 1955 2415 Pacis
1979 2351 2135 2418 fovendae

139 2455 230 2514 vore,
260 2433 379 2500 dociles
402 2456 436 2500 se
458 2454 496 2500 ae
518 2435 702 2502 tractabiles
724 2435 911 2520 praebeant.
959 2435 1114 2502 Timorem
1167 2456 1277 2501 curam
1301 2434 1417 2499 deinde
1439 2433 1658 2499 commendat.
1702 2434 1833 2501 Scimus
1852 2445 1960 2500 autem
1983 2435 2135 2503 humani·

141 2521 274 2588 lebetae
308 2541 368 2606 pro
396 2521 468 2604 ipsa
497 2523 549 2604 pie
572 2521 704 2588 vivendi
739 2522 853 2607 regula
875 2522 997 2604 posuit:
1027 2542 1064 2587 aa
1085 2523 1113 2587 si
1166 2528 1233 2586 tate
1256 2531 1290 2585 et
1311 2520 1485 2586 tolerantia
1505 2519 1620 2599 foveri,
1650 2520 1705 2585 sed
1736 2520 1812 2602 quia
1844 2541 1940 2604 saepe
1968 2525 2135 2606 negotium

142 2609 287 2688 dixisset,
319 2626 420 2690 quum
454 2608 560 2673 virtus
593 2617 627 2673 et
658 2609 782 2673 institia
810 2609 845 2673 in
878 2607 1023 2671 omnium
1057 2628 1113 2672 ere
1166 2617 1216 2671 est
1237 2626 1310 2672 cum
1333 2606 1470 2671 morosis
1491 2605 1687 2684 hominibus,
1718 2606 1769 2671 vel
1792 2607 1989 2688 praefractis,
2010 2608 2062 2673 vel
2084 2609 2135 2674 in·

140 2693 291 2770 volitent,
330 2712 452 2775 paucos
486 2701 596 2758 tamen
630 2714 701 2759 esse
732 2695 787 2777 qui
821 2693 924 2758 vitam
954 2691 1052 2776 probe
1081 2703 1113 2758 et
1165 2694 1278 2776 gratis,
1300 2691 1352 2757 vel
1374 2711 1455 2776 quos
1477 2690 1614 2755 minima
1630 2712 1778 2774 quaeque
1795 2693 1920 2757 occasio
1945 2693 1985 2757 ad
2008 2713 2135 2778 pugnas

141 2779 204 2843 rite
226 2779 419 2844 instituant:
441 2779 517 2861 qnia
534 2779 690 2864 ignorant
711 2780 788 2862 quid
808 2780 852 2845 sit
870 2777 978 2842 Deum
997 2779 1111 2844 colere.
1165 2779 1363 2859 inflammat:
1398 2775 1475 2861 quia
1510 2777 1605 2843 multi
1645 2777 1783 2860 improbi
1825 2798 1884 2843 nos
1917 2778 2056 2844 subinde
2087 2780 2135 2846 la·
2172 2780 2177 2794 ‘

228 2863 281 2928 13.
314 2863 484 2951 (Quianam
516 2870 560 2930 esi
592 2864 666 2951 vir.)
715 2864 790 2929 Non
825 2866 1008 2947 interrogat
1039 2886 1113 2947 pro·
1166 2874 1305 2943 cessant,
1333 2864 1388 2927 alii
1417 2883 1476 2928 sna
1504 2863 1667 2946 pravitate
1695 2873 1852 2946 quantum
1888 2863 1923 2928 in
1947 2885 1981 2930 se
2003 2874 2054 2929 est
2083 2865 2137 2931 bu-

141 2950 242 3034 pbeta
265 2971 305 3014 an
329 2951 501 3032 quisquam
524 2950 571 3014 ita
594 2953 636 3015 sit
658 2952 793 3016 affectus
810 2951 888 3016 acsi
906 2961 1021 3032 sponte
1044 2971 1112 3013 om·
1167 2971 1283 3014 norum
1317 2949 1442 3012 animos
1470 2969 1489 3011 a
1518 2969 1554 3013 se
1583 2947 1735 3026 alienant,
1765 2947 1822 3012 alii
1851 2948 2006 3014 videntur
2035 2951 2137 3016 offen·

141 3056 200 3101 nes
228 3036 397 3101 miseriam
427 3036 489 3100 sibi
517 3049 738 3102 accerserent:
768 3038 891 3102 ecimus
921 3037 1008 3098 enim
1033 3035 1114 3101 bene
1166 3036 1273 3101 siones
1295 3034 1335 3099 de
1357 3033 1522 3098 industria
1549 3044 1696 3116 captare:
1727 3055 1790 3097 non
1821 3034 2013 3116 simpliciter
2041 3057 2137 3118 quae·

141 3130 177 3187 et
196 3119 339 3188 feliciter
367 3120 484 3205 agendi
514 3140 686 3186 commune
715 3121 867 3186 omnibus
890 3141 961 3185 esse
982 3132 1113 3185 votum:
1167 3121 1301 3185 rendam
1325 3140 1396 3183 esse
1418 3139 1529 3202 pacem
1554 3118 1656 3199 docet,
1678 3140 1793 3182 verum
1817 3120 2136 3203 siquandofugitare

142 3206 199 3272 sed
222 3209 256 3272 in
279 3207 499 3290 praeposteris
529 3206 646 3271 studiis
668 3208 857 3272 caecitatem
881 3215 914 3270 et
936 3207 1112 3270 amentiam
1167 3227 1227 3270 nos
1260 3204 1440 3279 videbitur,
1476 3201 1517 3268 ad
1550 3224 1621 3268 eam
1654 3203 1913 3286 persequendam
1947 3217 2136 3271 constanter

142 3293 346 3378 perstringit.
382 3290 477 3373 Quod
501 3313 602 3375 quum
626 3302 759 3373 strenue
781 3311 894 3356 omnes
916 3292 956 3355 ad
980 3302 1113 3374 captan·
1167 3292 1245 3356 eniti
1268 3290 1369 3354 iubet.
1414 3289 1637 3371 Est-quidem
1668 3289 1721 3354 hic
1750 3290 1867 3372 aliquis
1897 3290 2032 3356 modus:
2061 3293 2137 3375 qnia

143 3378 221 3443 dnm
244 3377 330 3461 quod
358 3376 419 3444 sibi
450 3378 530 3442 utile
559 3378 603 3442 sit
631 3378 797 3455 cursitent,
830 3377 885 3442 vix
919 3378 1114 3443 centesimus
1166 3378 1222 3442 ubi
1255 3377 1363 3439 emnia
1396 3376 1595 3440 tentaverint
1624 3375 1716 3458 probi
1751 3384 1786 3440 et
1817 3375 1953 3441 modesti
1986 3377 2135 3444 homines

143 3465 282 3548 quisque
303 3465 337 3527 in
361 3464 507 3527 animum
529 3463 662 3529 inducat
683 3482 806 3546 pacem,
836 3463 1114 3546 tranquillumque
1167 3462 1206 3526 ad
1230 3482 1341 3544 pacem
1366 3458 1598 3540 redimendam,
1620 3460 1700 3525 adeo
1724 3480 1788 3525 non
1812 3462 1989 3542 emollient,
2018 3464 2069 3529 vel
2093 3465 2134 3530 ad

142 3561 178 3615 et
198 3547 375 3632 optabilem
394 3548 481 3614 vitae
503 3557 622 3614 statum
645 3549 770 3613 iustitia
790 3558 822 3612 et
844 3551 1007 3630 aequitate
1030 3549 1114 3612 redi·
1167 3549 1363 3630 aequitatem
1393 3548 1529 3614 flectent
1554 3546 1777 3630 improborum
1801 3548 1936 3626 animos,
1968 3558 2005 3613 ut
2026 3551 2134 3632 potins

142 3655 244 3701 mere.
299 3633 387 3700 Suos
427 3654 504 3717 ergo
545 3635 721 3718 discipulos
760 3634 913 3699 admonet
947 3634 1113 3717 propheta,
1166 3655 1278 3698 corum
1307 3644 1426 3698 acuant
1458 3631 1626 3698 malitiam.
1677 3631 1807 3697 Deinde
1841 3654 1953 3698 eorum
1985 3635 2136 3718 impietas

142 3728 250 3787 totum
272 3721 340 3785 fere
366 3720 523 3785 mundum
554 3721 716 3785 iniustitia
746 3719 809 3783 labi
833 3728 866 3783 et
888 3741 1007 3798 errare,
1037 3719 1113 3783 dum
1168 3739 1226 3784 nos
1253 3740 1349 3801 saepe
1376 3719 1464 3802 cogit
1491 3717 1531 3782 ad
1555 3716 1701 3784 dissidia:
1735 3718 1800 3783 imo
1832 3720 1910 3783 dum
1941 3721 2002 3802 ipsi
2026 3723 2135 3786 Deum

142 3806 277 3872 aliunde
299 3806 361 3871 sibi
384 3803 512 3871 beatam
536 3808 635 3870 vitam
665 3806 834 3888 promittit,
865 3826 962 3887 quam
986 3828 1027 3870 ex
1050 3804 1113 3869 Dei
1167 3818 1346 3887 provocant
1367 3805 1460 3885 quasi
1483 3803 1568 3868 bello
1590 3817 1701 3885 aperte
1729 3804 1862 3881 indicto,
1893 3804 2029 3886 perfidia
2050 3817 2136 3871 esset

142 3888 379 3967 benedictione,
402 3912 466 3974 qua
487 3890 574 3957 solos
590 3892 754 3973 simplices
776 3901 809 3955 et
830 3891 975 3974 integros
998 3892 1112 3974 digna·
1167 3910 1232 3954 non
1255 3908 1447 3972 repugnare.
1493 3886 1559 3953 Sed
1582 3889 1635 3953 hic
1658 3897 1785 3952 tantum
1809 3889 1916 3954 David
1939 3890 1974 3954 in
1997 3892 2134 3973 privatis

143 3986 209 4042 tur.
255 3976 322 4043 Sed
355 3977 430 4061 plus
464 3977 693 4041 vehementiae
725 3977 758 4041 in
791 3997 826 4041 se
854 3977 998 4042 eontinet
1031 3976 1113 4040 haec
1166 3976 1307 4060 negotiis
1331 3974 1401 4039 vult
1430 3995 1488 4039 nos
1518 3986 1707 4039 mansuetos
1730 3995 1800 4039 esse
1823 3984 1856 4038 et
1877 3975 1997 4053 faciles,
2028 3988 2061 4041 et
2083 3999 2133 4044 ae·

142 4063 349 4141 exclamatio,
372 4071 409 4127 ut
430 4062 547 4128 melius
569 4082 669 4144 oxper
692 4064 791 4127 efiant
820 4073 984 4144 torpentes
1006 4074 1040 4126 et
1061 4081 1113 4127 so·
1166 4061 1242 4125 dulo
1275 4078 1406 4142 operam
1441 4059 1517 4124 dare
1550 4081 1591 4124 ne
1619 4081 1684 4143 pax
1713 4061 1834 4137 effluat,
1867 4070 2032 4144 uteunque
2061 4084 2132 4129 eam

142 4150 206 4235 piti
229 4149 346 4214 animi:
376 4167 414 4213 ae
435 4150 462 4212 si
493 4147 639 4223 dixisset,
663 4083 773 4229 duum
795 4167 909 4212 omnes
926 4148 1112 4213 felicitatem
1165 4148 1307 4211 retinere
1328 4144 1500 4211 molestum
1523 4145 1566 4210 sit
1587 4164 1625 4210 ae
1646 4146 1895 4212 incommodum.

142 4256 164 4300 a
187 4245 310 4317 petant,
343 4233 399 4316 qui
420 4234 461 4298 fit
482 4245 520 4298 nt
540 4232 580 4297 ad
603 4253 674 4297 eam
697 4232 904 4299 obtinendam
928 4254 1024 4298 nenio
1047 4235 1113 4299 fere

143 4256 277 4386 adiiciat
299 4319 469 4384 animum?
499 4340 537 4385 ac
559 4317 618 4384 sibi
642 4318 749 4401 potius
772 4319 910 4402 quisque
936 4340 995 4383 sua
1017 4319 1113 4402 eulpa
1252 4317 1302 4382 16.
1329 4315 1419 4383 Oculi
1436 4315 1567 4382 Iebence
1588 4336 1682 4398 anper
1703 4318 1810 4396 instes,
1834 4322 1862 4380 et
1883 4338 1979 4384 annea
2000 4321 2069 4385 eins
2091 4322 2133 4387 od

144 4407 256 4473 varias
276 4405 443 4470 molestias
465 4402 631 4471 accersat?
1164 4403 1327 4468 clemonem
1348 4421 1463 4467 eornm.
1504 4402 1555 4466 17.
1586 4402 1698 4467 anfns
1720 4401 1852 4467 faltonae
1870 4423 1968 4484 anper
1986 4406 2134 4486 foetentes

234 4491 285 4556 14.
314 4489 458 4577 (damam
486 4492 629 4574 linquam
656 4487 767 4574 inam.)
812 4491 863 4556 De
892 4512 968 4556 rara
990 4491 1113 4556 virtute
1164 4489 1292 4571 maium,
1315 4492 1342 4553 et
1362 4489 1461 4553 demut
1481 4509 1497 4553 e
1517 4493 1603 4552 terro
1624 4488 1806 4552 azenerium
1827 4509 1940 4553 mnam.
1988 4492 2036 4555 18.
2062 4490 2133 4557 Ola-

145 4578 200 4643 bie
230 4577 397 4661 praecipit,
427 4583 463 4641 nt
490 4578 594 4641 simus
621 4575 657 4639 in
686 4577 893 4641 sermonibus
920 4597 1052 4642 veraces
1081 4587 1114 4640 et
1164 4579 1335 4651 mouerant,
1358 4579 1386 4638 ei
1408 4574 1523 4639 Iebooa
1544 4575 1677 4656 audivit,
1705 4577 1792 4639 nec
1812 4575 1953 4640 mnnibna
1975 4579 2132 4660 anqustiis

144 4663 285 4729 minime
316 4664 426 4726 astuti.
477 4662 674 4744 Quanquam
708 4659 763 4724 alii
796 4661 893 4728 latins
925 4662 1113 4740 extendunt,
1165 4683 1269 4727 eornm
1290 4658 1434 4725 liberavit
1453 4681 1511 4727 eos.

144 4757 304 4834 putantes
335 4747 597 4813 maledicentiam
630 4746 691 4812 hoc
715 4747 821 4827 priore
849 4748 994 4814 membro
1024 4749 1114 4812 dam-

144 4837 230 4900 nari.
282 4832 471 4915 Simplicius
499 4843 610 4898 tamen
640 4854 677 4896 ac
704 4832 827 4898 rectius
856 4843 906 4899 est
932 4835 1116 4919 intelligere
1253 4832 1302 4896 16.
1336 4831 1441 4915 (Oculi
1470 4830 1624 4917 faltonae.)
1678 4832 1768 4897 Haec
1801 4832 1923 4912 optima
1955 4832 2132 4912 patientiae

145 4921 233 5005 qnod
256 4918 400 4986 secundo
421 4920 567 4984 membro
585 4923 711 5000 repetit,
732 4937 770 4981 ne
792 4919 896 4985 dolose
914 4941 986 4984 cnm
1005 4922 1115 5003 proxi·
1166 4918 1298 4994 fultura,
1339 4917 1415 4980 dum
1446 4919 1592 5000 persuasi
1623 4938 1736 4982 sumus
1766 4936 1824 4980 nes
1854 4938 1872 4980 a
1897 4918 1968 4981 Deo
1997 4918 2130 4999 respici:

145 5009 212 5073 mis
233 5007 405 5088 mqncmnr,
437 5014 474 5070 ut
502 5004 603 5070 verba
632 5015 742 5068 nostra
771 5004 879 5086 laquei
902 5006 967 5069 sint
990 5004 1029 5069 ad
1053 5007 1114 5071 cir·
1167 5018 1264 5087 atque
1293 5010 1330 5067 ut
1360 5005 1494 5086 quisque
1521 5024 1556 5068 se
1583 5005 1616 5067 in
1649 5003 1728 5068 recti
1757 5012 1791 5065 et
1819 5003 1994 5083 aequitatis
2025 5003 2131 5068 studio

145 5088 430 5159 cumveniendnm.
486 5090 574 5172 Quia
612 5098 721 5155 autem
755 5089 836 5154 nihil
871 5089 1035 5156 difficilius
1067 5102 1117 5157 est
1167 5090 1323 5168 eontinet,
1352 5088 1440 5153 illius
1462 5088 1622 5172 praesidio
1652 5099 1758 5152 tutum
1782 5094 1814 5151 et
1833 5088 2030 5152 ineolumem
2054 5090 2130 5155 fore.

145 5199 246 5262 quam
278 5178 326 5242 ita
358 5177 518 5242 moderari
551 5196 717 5241 sermones
750 5186 892 5253 nostros,
933 5185 972 5240 ut
1004 5177 1117 5261 lingua
1167 5177 1257 5259 Ergo
1290 5195 1332 5239 ne
1366 5172 1476 5240 fideles
1509 5174 1622 5238 mundi
1651 5171 1779 5237 libidini
1809 5194 1842 5237 se
1871 5175 2033 5256 expositos
2061 5197 2132 5242 esse

144 5284 252 5348 purus
281 5265 325 5341 sit
355 5264 476 5329 mentis
505 5261 690 5329 character:
724 5260 797 5328 ideo
830 5260 975 5328 sedulam
1009 5274 1116 5329 custo·
1168 5271 1293 5345 putent,
1324 5259 1400 5324 dum
1432 5260 1638 5325 innocentiae
1665 5259 1746 5324 dant
1774 5280 1923 5342 operam,
1952 5270 2049 5344 atque
2079 5261 2131 5329 hic

1878 5360 1929 5415 222
