4658 5856
246 349 310 416 599
1061 346 1277 414 Psanites
1299 348 1427 415 LXIV.
2172 348 2237 414 600

245 558 304 622 per
326 538 389 602 Dei
421 558 541 603 nomen
570 539 692 617 iurant,
722 549 754 603 et
775 557 914 621 quorum
937 536 1060 620 linguis
1082 557 1216 619 respon·
1270 535 1309 600 de
1335 535 1547 603 multitudine
1575 535 1717 603 hostium
1740 558 1874 603 suorum
1895 536 2061 619 conqueri.
2104 534 2236 602 interca

246 624 324 689 deut
353 624 460 701 eorda,
490 623 576 706 qucd
598 625 696 689 stiam
718 644 761 689 ex
783 624 945 688 antitheto
967 623 1083 688 melius
1104 623 1216 705 liquet.
1269 631 1407 688 testatur
1428 622 1550 701 David,
1575 625 1788 707 quantumvis
1809 644 1929 707 magua
1951 622 2048 692 turba
2068 622 2236 700 obruatur,

246 709 437 775 Iurantibus
466 711 553 774 enim
583 730 641 793 per
671 730 789 774 nomeu
809 708 874 773 Dei
904 710 1039 792 opponit
1067 708 1217 790 uquentes
1268 708 1330 774 sibi
1358 709 1506 775 sufficere
1538 709 1771 792 protectionem
1805 730 1901 792 quam
1930 730 1948 773 e
1980 707 2068 774 coelo
2101 709 2236 790 expetit.

244 796 422 861 mmdaeia:
444 815 508 877 qua
529 817 611 860 voce
633 818 698 861 non
722 804 851 859 tantum
874 794 1017 877 perfidos
1039 802 1072 860 et
1089 794 1216 859 dolosos
1268 792 1410 858 Causam
1431 815 1558 877 quoque
1575 816 1667 859 suam
1690 795 1730 860 ab
1753 795 1896 860 hostium
1919 793 2043 859 malitia
2064 804 2098 858 et
2114 793 2237 876 impro-

246 881 395 946 homines
418 881 617 964 perstringit,
638 881 695 947 sed
711 881 810 946 etiam
825 882 882 964 qui
897 879 1064 964 sacrilegis
1079 879 1216 945 fallaciis
1240 920 1244 988 Ι
1268 879 1370 944 bitate
1399 880 1612 959 commendat,
1644 902 1719 944 nam
1745 901 1811 962 quo
1834 880 1884 946 vel
1907 881 2059 964 iniquius,
2089 879 2143 945 rel
2164 901 2237 945 cru·

246 965 310 1032 Dei
333 987 451 1032 nomen
474 967 656 1049 profanant.
1268 964 1373 1030 delius
1406 965 1574 1031 nobiscum
1609 977 1729 1049 agunt,
1762 987 1800 1031 eo
1833 967 1954 1032 certius
1986 974 2130 1031 statuere
2163 964 2239 1030 licet

1267 1051 1443 1134 propitium
1467 1051 1559 1117 nobis
1582 1051 1690 1117 Deum
1712 1051 1793 1118 iore.

1352 1137 1384 1201 4.
1414 1136 1585 1222 (Quoniam
1616 1143 1766 1203 acuerunt
1797 1139 1892 1220 quasi
1921 1136 2064 1219 abdunt
2095 1136 2239 1219 tirtamus

1267 1221 1383 1309 suan)
1417 1222 1580 1304 Quamvis
1600 1223 1635 1287 iii
1651 1244 1726 1289 eum
1741 1222 1924 1306 capitaliter
1938 1222 2102 1289 saevirent
2119 1221 2238 1301 hostes,

552 1322 758 1393 psfflffls
781 1324 908 1392 mv,
1267 1328 1378 1373 eorum
1408 1318 1517 1373 tamen
1548 1309 1755 1373 virulentiam
1777 1310 1948 1392 praecipue
1972 1317 2114 1374 accusat.
2158 1308 2239 1373 Pro·

1268 1392 1374 1459 babile
1396 1402 1505 1459 autem
1529 1405 1580 1458 est
1602 1393 1641 1459 de
1664 1394 1753 1460 falsis
1777 1393 1994 1459 delationibus
2015 1396 2053 1458 et'
2065 1393 2240 1459 calumniis

245 1495 331 1550 ABG.
350 1495 478 1550 consuet
502 1495 547 1548 hie
573 1494 697 1549 Psalmis
725 1496 921 1564 querimoniam
947 1497 1073 1565 praeibas
1098 1496 1216 1548 matam.
1268 1501 1342 1546 eum
1365 1480 1463 1562 loqui,
1485 1481 1603 1563 quibus
1625 1479 1746 1545 sciebat
1764 1502 1798 1545 se
1815 1481 1980 1545 immerito
1997 1479 2141 1564 gravari,
2166 1479 2239 1545 toti·

347 1565 418 1618 Nam
436 1580 490 1633 quo
508 1566 594 1633 magis
612 1565 698 1617 Deum
717 1564 751 1617 ud
769 1565 982 1619 misericordiam
999 1565 1111 1619 inclinet
1119 1565 1216 1631 David,
1267 1587 1330 1649 quo
1351 1564 1472 1650 populo
1495 1566 1587 1631 reddi
1609 1566 1763 1631 invisum·
1809 1565 1986 1648 comparat
2008 1585 2087 1649 ergo
2108 1563 2241 1648 lingum

349 1643 408 1715 iani,
422 1634 457 1686 ‘¹⁰
475 1633 577 1715 ³¹¹le
597 1633 716 1685 hostium
739 1648 850 1715 9⁰⁰t¹¹¹e
872 1635 995 1702 saevitia,
1020 1650 1099 1715 qnam
1124 1634 1158 1686 ‘¹⁰
1175 1634 1216 1686 ³¹¹·
1268 1672 1380 1717 eorum
1413 1651 1546 1717 vladiis:
1580 1672 1729 1716 amarum
1760 1659 1793 1715 et
1824 1652 2022 1716 virulentum
2055 1669 2240 1715 sermonem

347 1703 424 1755 sidus
442 1718 633 1772 perversisque
659 1701 904 1756 machinationibus
927 1707 1111 1771 conqueritur.
1147 1703 1216 1756 Tan·
1412 1706 1432 1736 θ

349 1772 410 1825 dciii
429 1772 520 1824 oculos
538 1771 573 1823 ad
591 1772 677 1823 Deum
695 1778 865 1840 mussitans,
889 1772 942 1825 sibi
960 1772 993 1825 de
1011 1772 1125 1825 meliore
1142 1773 1217 1825 exitu
1267 1739 1405 1838 §agiltiflj
1450 1738 1504 1837 ,ΕΚ
1526 1740 1673 1821 ⁰PP⁰⁸ll⁰
1695 1759 1787 1837 ΜΨ
1811 1736 2007 1819 Probitalflffl
2028 1737 2171 1835 ³⁸·30filr·
2187 1759 2243 1802 ⁰⁰⁸

348 1840 508 1909 gratulatur.
1267 1825 1402 1889 iaculari
1426 1823 1537 1888 dicens
1556 1834 1670 1889 contra
1685 1823 1851 1887 hominem
1868 1835 1993 1889 rectum
2008 1833 2042 1886 et
2056 1843 2240 1888 innoxium.

1267 1909 1339 1975 Hac
1372 1909 1472 1992 igitur
1504 1908 1703 1993 impetrandi
1735 1909 1853 1975 fiducia
1881 1929 1916 1973 se
1945 1909 2121 1984 animavit,
2155 1908 2241 1990 quod

331 1996 358 2058 1.
383 1994 544 2076 Praefecto
576 1992 727 2060 Psaimus
755 1994 903 2060 Doridis.
949 1994 978 2058 2.
1010 1994 1100 2060 Audi
1129 1993 1218 2060 Beue
1268 1995 1328 2061 sibi
1354 1996 1475 2061 nullius
1497 1994 1610 2078 culpae
1630 1996 1789 2075 conscius,
1818 1994 1951 2078 indigne
1973 2004 2007 2057 et
2027 1993 2241 2076 perfidiosus

241 2101 341 2146 vacem
374 2100 476 2144 meam
508 2080 543 2144 in
568 2079 748 2159 precatione
779 2100 865 2144 mea:
898 2101 919 2144 a
947 2085 1065 2145 terrore
1094 2081 1218 2146 inimici
1268 2082 1380 2165 pravis
1402 2091 1436 2144 et
1457 2080 1601 2146 scelestis
1624 2080 1811 2145 homiuibus
1834 2077 2060 2162 impetebatur.
2093 2078 2168 2144 Iam
2188 2100 2241 2143 eos

243 2166 362 2233 mendi
399 2167 497 2230 citam
533 2185 643 2229 mom.
698 2165 727 2230 3.
760 2165 924 2231 Absconde
956 2186 1004 2230 me
1036 2187 1057 2231 a
1089 2166 1218 2232 censdio
1268 2166 1352 2233 clam
1375 2178 1408 2231 et
1429 2167 1463 2230 iii
1487 2167 1612 2232 occulta
1632 2166 1779 2246 iaculari,
1804 2165 1932 2248 telaque
1952 2174 2088 2248 repente
2111 2165 2240 2230 vibrare

244 2250 463 2334 malignorum,
486 2273 508 2315 a
527 2254 611 2315 metu
630 2253 822 2332 operantium
839 2251 1046 2333 iniquitatem.
1081 2252 1110 2317 4.
1137 2252 1218 2333 Quo·
1268 2251 1388 2329 dicens,
1410 2253 1575 2335 significat
1596 2274 1651 2317 eos
1672 2251 1847 2334 multiplici
1870 2251 1991 2315 astutia
2011 2249 2155 2333 pollere:
2183 2271 2240 2315 nec

245 2340 333 2401 niam
355 2342 504 2401 acuerurd
525 2337 617 2418 quasi
635 2337 780 2419 pladiani
802 2338 943 2420 iiriguam
963 2357 1065 2417 suam,
1095 2337 1216 2403 direre-
1268 2340 1365 2402 modo
1385 2340 1503 2403 acriter
1525 2340 1670 2402 intentos
1693 2359 1763 2402 esse
1786 2337 2040 2414 aduocandum,
2061 2333 2240 2418 seduloque

244 2428 320 2487 runt
339 2424 486 2506 sagittam
507 2441 790 2488 mancationem
811 2443 968 2488 amarum.
1001 2424 1031 2489 5.
1053 2423 1109 2489 Ad
1130 2425 1216 2488 iana
1270 2424 1414 2507 vigilare,
1444 2422 1502 2489 sed
1531 2427 1629 2489 etiam
1660 2424 1846 2505 ingeniosos
1876 2443 1946 2486 esse
1969 2444 2006 2486 sc
2028 2421 2176 2500 solertes,
2204 2435 2239 2486 ut

245 2508 418 2574 undumin
429 2508 554 2574 occultis
564 2513 669 2572 eontra
678 2509 1216 2591 integrumwcpeuteiaeutabuntur,
1268 2511 1366 2575 citius
1400 2511 1618 2574 transfodiant
1651 2524 1761 2591 pectus
1795 2509 1919 2574 incauti
1952 2507 2110 2587 hominis,
2143 2529 2237 2589 quam

244 2615 297 2660 nec
319 2595 472 2659 timebunt.
505 2594 534 2657 6.
562 2592 734 2673 obfirmant
755 2594 817 2659 sibi
837 2594 965 2674 facinus
985 2595 1130 2676 impium,
1151 2615 1216 2659 ser·
1268 2597 1427 2678 suspicari
1449 2606 1547 2675 queat
1569 2596 1631 2660 sibi
1656 2595 1833 2677 quidquam
1857 2593 1935 2657 mali
1958 2595 2091 2657 instare.
2135 2594 2238 2657 Porro

244 2700 367 2744 monem
407 2679 566 2756 auferunt
597 2678 634 2742 de
667 2678 890 2744 abscondendis
922 2678 1060 2760 laqueis:
1099 2680 1215 2758 dicunt,
1268 2702 1369 2762 quum
1396 2680 1547 2744 audimus
1577 2680 1750 2756 Davidem,
1780 2682 1833 2761 qui
1863 2694 1928 2743 tam
1955 2688 2068 2744 sancte
2097 2699 2134 2744 ac
2161 2699 2238 2761 pura

250 2765 328 2845 Quis
357 2764 470 2828 uident
498 2762 575 2828 eos?
620 2763 649 2827 7.
673 2762 812 2828 Scrutati
840 2768 912 2828 sunt
939 2767 1129 2845 iniquitates,
1159 2766 1216 2829 ta
1267 2766 1428 2830 iustitiam
1457 2766 1616 2842 coluerat,
1647 2768 1747 2831 fuisse
1777 2781 1886 2829 tamen
1916 2765 2058 2829 sinistris
2084 2765 2237 2829 crimina·

237 2852 403 2932 nunaunt
423 2850 611 2914 scrutinium
631 2854 813 2929 scrutatum,
841 2850 1035 2916 etintimum
1056 2853 1214 2932 cuiusque,
1268 2852 1412 2917 tionibus
1445 2852 1637 2915 obnoxium:
1675 2873 1716 2916 ne
1744 2851 1903 2915 miremur
1930 2852 1957 2914 si
1987 2849 2119 2932 quando
2147 2848 2236 2914 Deus

244 2941 271 3000 et
293 2956 347 3002 aar
366 2935 568 3016 profundum.
1267 2957 1328 3002 nos
1349 2939 1404 3020 qui
1427 2937 1523 3020 longe
1545 2959 1564 3001 a
1586 2936 1723 3002 Davidis
1746 2937 1934 3019 integritate
1952 2936 2118 3014 absumus,
2139 2935 2236 3001 simili

1266 3023 1456 3088 tentationis
1478 3045 1597 3106 genere
1619 3034 1777 3088 exerceat.
1821 3021 1894 3087 Hoc
1924 3040 2000 3086 vcro
2022 3025 2155 3086 unicum
2178 3023 2237 3086 erit

328 3107 359 3171 2.
383 3104 486 3191 (Audi
507 3103 598 3170 Deus
624 3126 724 3172 vocem
748 3128 850 3173 meam
870 3107 1101 3189 inprecatione
1121 3107 1214 3192 mea.)
1267 3108 1434 3186 solatium,
1474 3109 1514 3173 ad
1550 3110 1656 3174 Deum
1690 3109 1879 3190 confugere,
1917 3120 1954 3171 ut
1986 3108 2090 3171 bonae
2122 3127 2236 3171 causae

241 3193 417 3258 Praefatur
438 3213 473 3256 se
495 3211 589 3254 orare
611 3193 696 3257 serio
719 3204 753 3258 et
770 3193 897 3259 ardenti
915 3193 1042 3269 affectu,
1065 3203 1098 3258 et
1115 3193 1214 3258 simul
1266 3195 1483 3277 patrocinium
1514 3196 1679 3278 suscipiat.
1724 3194 1886 3277 Adiungit
1907 3191 2004 3256 alium
2027 3192 2236 3256 circumstan-

242 3278 469 3343 necessitatem
492 3276 643 3342 ostendit.
684 3277 822 3344 Ardoris
843 3290 877 3343 et
900 3278 1125 3345 vehementiae
1148 3280 1214 3362 sig·
1266 3281 1362 3358 tiam,
1395 3281 1479 3362 quod
1514 3282 1584 3344 sine
1617 3280 1739 3363 pudore
1776 3290 1809 3344 et
1842 3289 1930 3343 metu
1961 3278 2094 3360 sagmas
2126 3298 2236 3343 venen

243 3386 322 3448 npm
346 3372 395 3427 est
417 3362 540 3427 vocalis
562 3365 715 3445 precatio.
747 3365 827 3430 Mox
849 3365 890 3429 ad
909 3365 1077 3447 augustias
1094 3363 1214 3448 quibus
1265 3365 1366 3432 illitas
1399 3386 1437 3430 aa
1465 3385 1517 3430 ore
1544 3387 1602 3431 suo
1632 3366 1758 3431 cibrerd
1810 3364 1899 3428 'Palis
1937 3376 2045 3428 autem
2079 3365 2236 3428 securitas

242 3458 381 3532 urgetur
399 3446 575 3528 descendit,
597 3469 854 3515 commemorans
873 3453 985 3516 mortis
1003 3461 1143 3516 terrores
1158 3450 1214 3533 qui
1265 3450 1413 3534 perditae
1442 3450 1595 3517 audaciae
1623 3454 1752 3535 signum
1784 3461 1842 3528 est,
1872 3448 1927 3513 ubi
1952 3447 2091 3530 improbi
2115 3450 2235 3513 centies

241 3532 474 3618 ingerebantur
493 3532 533 3598 ab
546 3533 711 3599 hostibus:
730 3535 848 3601 deinde
860 3537 1213 3602 aliascircumstantias
1266 3536 1459 3619 deprehensi
1481 3538 1644 3602 obstinate
1668 3547 1775 3601 tamen
1801 3547 1956 3619 pergunt:
1980 3536 2056 3617 quia
2076 3555 2135 3598 nco
2151 3534 2235 3599 ullus

242 3621 361 3703 quibus
389 3619 527 3704 gratiam
558 3619 620 3683 sibi
649 3621 810 3687 conciliet.
860 3622 969 3686 Deum
1003 3623 1091 3686 enim
1128 3624 1213 3686 vitae
1237 3594 1240 3699 i
1265 3622 1327 3686 Dei
1358 3635 1480 3697 metus,
1518 3642 1578 3688 nec
1606 3623 1775 3686 hominum
1807 3620 2004 3686 verecundia
2030 3641 2085 3684 cos
2117 3621 2235 3684 retinet

243 3727 322 3771 suae
344 3704 512 3772 custodem
534 3704 722 3788 implorans,
746 3705 786 3772 de
808 3728 847 3773 ea
868 3729 903 3773 se
921 3708 1096 3791 periclitari
1114 3708 1214 3791 signi·
1264 3708 1342 3790 quin
1372 3729 1407 3772 se
1437 3707 1629 3790 gladiatorio
1658 3719 1691 3771 et
1713 3708 1883 3790 desperato
1906 3710 2030 3787 impetu
2054 3705 2234 3787 proiiciant.

243 3794 329 3857 ficut.
381 3789 535 3858 Secundo
572 3810 671 3856 versu
700 3791 778 3858 dicit
805 3792 867 3859 sibi
897 3814 967 3859 esse
995 3813 1070 3858 cum
1100 3793 1213 3858 multis
1350 3793 1379 3858 6.
1393 3791 1587 3942 §obtineant
1600 3793 1956 3875 aitifacinusimpiurn:
1972 3811 2153 3871 sumanus,
2171 3792 2236 3871 ete.)

242 3893 423 3954 certamen,
464 3876 600 3958 ideoque
640 3878 797 3961 imparem
831 3900 901 3944 esse
934 3879 975 3944 ad
1006 3879 1213 3945 sustinendos
1264 3878 1361 3943 Nunc
1416 3900 1433 3943 e
1465 3880 1646 3961 pertinacia
1677 3889 1711 3944 et
1743 3879 1908 3944 sceleratis
1941 3877 2235 3960 conspirationibus

243 3982 358 4028 eorum
387 3962 539 4038 insultus,
569 3961 634 4029 nisi
663 3964 752 4030 Deus
782 3974 963 4032 succurrat.
1016 3965 1212 4048 Quanquam
1264 3963 1407 4029 hostium
1437 3985 1571 4030 suorum
1593 3964 1812 4046 conqueritur.
1855 3963 2026 4029 Postremo
2047 3961 2139 4027 addit
2161 3983 2235 4028 oon-

246 4047 420 4113 verborum
443 4046 639 4131 ambiguitas
660 4070 794 4115 sensum
817 4051 979 4134 duplicem
1002 4052 1096 4116 nobis
1116 4051 1213 4134 parit.
1265 4049 1448 4130 fidentiam,
1481 4071 1544 4132 qua
1578 4071 1613 4113 se
1642 4049 1683 4114 ad
1712 4049 1841 4132 quidvis
1869 4048 2055 4112 audendum
2085 4047 2235 4114 incitant.

244 4147 314 4218 '00
348 4136 433 4197 enim
471 4135 557 4215 quod
590 4154 746 4200 arcanum
779 4137 957 4221 significat,
996 4136 1127 4220 quidam
1160 4134 1213 4202 liic
1264 4136 1368 4201 Porro
1406 4157 1470 4200 non
1503 4135 1637 4201 dubium
1671 4147 1720 4200 est
1753 4135 1831 4219 quin
1866 4133 1940 4217 plus
1976 4133 2043 4197 illis
2074 4131 2237 4200 addiderit

245 4219 409 4301 accipiunt
441 4240 500 4300 pro
534 4219 670 4285 occultis
699 4221 1010 4287 machinationibus:
1044 4222 1100 4287 alii
1135 4242 1213 4287 vero
1264 4221 1367 4286 animi
1395 4221 1569 4286 infirmitas
1599 4221 1746 4299 Davidis,
1777 4230 1814 4285 ut
1844 4219 2045 4303 petulantius
2075 4233 2237 4284 vexarent

244 4326 303 4387 pro
325 4315 419 4370 coetu
441 4304 706 4372 consultantium.
741 4308 813 4391 Ego
835 4307 959 4373 eonsdii
979 4329 1105 4384 nomen,
1129 4306 1212 4389 quod
1265 4309 1420 4373 miserum
1453 4317 1485 4371 et
1516 4306 1691 4389 profugum
1725 4307 1907 4385 homiuem,
1948 4325 2044 4387 quem
2077 4305 2236 4371 videbant

243 4391 374 4457 Latinis
403 4411 531 4473 quoque
559 4390 693 4456 dubium
723 4406 781 4469 est,
812 4393 915 4476 posui.
964 4391 1116 4459 Secundo
1144 4395 1212 4457 loco
1264 4393 1354 4456 omni
1377 4391 1498 4457 auxilio
1520 4392 1663 4456 destitui.
1698 4392 1879 4474 Postquain
1903 4391 1987 4455 dixit
2008 4411 2080 4456 esse
2103 4390 2237 4456 insana·

243 4477 377 4542 additur
399 4498 517 4540 nomen
541 4490 652 4559 nrm
671 4478 754 4561 quod
774 4478 948 4560 aliquando
967 4479 1139 4560 strepitum
1159 4477 1213 4543 vel
1264 4477 1359 4556 biles,
1392 4485 1426 4540 et
1454 4497 1536 4558 quos
1565 4474 1606 4540 ad
1635 4476 1873 4542 humanitatem
1902 4477 1990 4541 flecti
2019 4497 2114 4558 posse
2147 4477 2237 4542 nulla

243 4563 429 4638 clamorem,
448 4562 623 4645 aliquando
639 4575 835 4629 conventum
854 4564 1022 4628 hominum
1040 4564 1212 4646 significat.
1264 4584 1338 4646 spes
1360 4562 1419 4628 sit:
1442 4561 1533 4626 addit
1556 4562 1640 4627 ultro
1661 4564 1806 4646 citroque
1827 4564 1915 4626 inter
1936 4583 1971 4626 se
1993 4561 2138 4643 colloqui
2160 4585 2238 4646 quo-

244 4646 426 4712 Deducitur
449 4662 557 4713 autem
576 4669 596 4712 a
613 4648 720 4715 radice
737 4662 819 4731 ij
839 4648 923 4730 quod
943 4659 991 4713 est
1009 4648 1212 4713 tumultuari.
1265 4648 1361 4713 modo
1384 4668 1440 4729 per
1462 4647 1597 4713 iusidias
1619 4647 1714 4712 illum
1737 4649 1884 4731 perdant.
1922 4646 2080 4729 Sequitur
2102 4648 2235 4712 tandem

245 4732 283 4799 Si
317 4744 386 4821 ’ῃῡ
419 4755 478 4816 pro
518 4734 729 4799 clandestinis
762 4734 892 4800 insidiis
924 4734 1070 4818 accipere
1103 4733 1213 4814 libeat,
1264 4733 1392 4808 ferocia,
1422 4734 1574 4815 quoniam
1598 4745 1688 4798 astus
1711 4755 1787 4798 suos
1809 4731 1991 4797 invisibiles
2014 4752 2085 4797 esse
2109 4744 2236 4817 putent.

244 4831 356 4901 num
386 4820 549 4885 violentus
581 4820 643 4884 erit
676 4822 828 4902 impetus.
878 4819 951 4885 Hoc
981 4819 1076 4884 modo
1103 4818 1212 4883 David
1265 4816 1396 4884 Scimus
1436 4818 1522 4882 enim
1563 4840 1661 4900 quam
1695 4840 1807 4884 secure
1839 4817 1978 4900 improbi
2012 4839 2072 4882 sua
2107 4820 2236 4885 vafritie

243 4905 371 4989 protegi
401 4916 533 4987 cuperet
555 4916 622 4969 tam
645 4926 664 4969 a
685 4903 893 4969 fraudulenta
914 4904 1038 4969 malitia
1060 4903 1212 4980 hostium,
1263 4903 1378 4969 confisi
1407 4902 1610 4986 simplicibus
1639 4905 1814 4969 insultent:
1848 4906 1923 4986 quia
1954 4914 2071 4986 putant
2100 4915 2234 4970 centuni

243 5011 339 5073 quam
364 5011 383 5054 a
406 4991 439 5055 vi
461 5001 494 5055 et
511 4991 620 5068 armis,
644 4991 699 5055 ubi
719 4989 864 5056 meditati
883 4989 1045 5072 quomodo
1062 5000 1214 5066 noceimt,
1264 4990 1407 5054 rationes
1430 4989 1491 5054 sibi
1514 5010 1642 5073 semper
1669 4991 1702 5054 iu
1725 5005 1877 5073 promptu
1901 4990 1969 5054 fore
1992 4988 2143 5072 tegendis
2166 5013 2234 5056 see-

243 5074 285 5139 ad
313 5076 449 5140 consilia
477 5097 536 5141 suu
565 5074 771 5157 exsequenda
800 5076 982 5160 prosiliunt.
1027 5074 1214 5157 Simplicior
1264 5073 1369 5138 leruin
1388 5095 1521 5140 suorum
1538 5076 1682 5158 flagitiis.
1711 5075 1912 5140 Particulam
1935 5051 2005 5158 ms
2016 5087 2082 5138 tam
2096 5075 2138 5140 ud
2149 5078 2237 5162 ipsos

245 5173 355 5225 tamen
379 5162 547 5244 magisque
570 5162 713 5243 genuina
735 5173 784 5226 ast
806 5162 894 5244 prior
916 5162 1088 5239 sententia,
1111 5160 1212 5223 Davi·
1264 5157 1414 5223 bandum
1445 5160 1647 5239 architectus,
1678 5182 1774 5242 quam
1804 5161 1844 5224 ad
1875 5161 2007 5244 laqueos
2036 5174 2070 5225 et
2098 5163 2237 5229 insidias

243 5244 318 5311 dem
349 5266 413 5329 quo
441 5247 546 5330 magis
575 5247 608 5310 in
632 5268 666 5312 se
688 5257 841 5330 provocet
865 5247 926 5311 Dei
949 5245 1213 5322 misericordiam,
1264 5245 1432 5310 commode
1458 5247 1580 5311 referre
1603 5247 1686 5311 licet.
1731 5245 1821 5311 Malo
1844 5258 1953 5310 tamen
1976 5246 2015 5311 de
2038 5247 2118 5329 ipsis
2142 5249 2237 5314 intel·
