4658 5856
159 337 223 409 759
954 338 1171 411 PSALMUS
1194 339 1360 406 LXXXI.
2094 342 2154 407 760

160 532 238 596 toit:
268 539 301 598 et
329 534 439 598 unctio
468 543 586 600 testata
609 544 667 614 est,
698 544 805 599 ratum
829 531 901 597 Deo
923 532 1025 598 fuisse
1046 531 1132 616 quod
1186 529 1225 593 ab
1244 549 1334 594 euers
1355 529 1521 595 humerum
1542 533 1623 598 eius:
1645 551 1759 596 munus
1782 531 1850 595 eiua
1871 530 1911 595 ab
1932 529 2006 596 cilis
2026 549 2156 595 remese-

161 639 329 701 perperam
370 622 511 684 tumultu
547 619 656 703 populi
689 630 817 703 gestum
852 621 966 685 iuerat.
1021 619 1134 683 Potuit
1184 621 1269 680 runt.
1303 616 1388 681 alo
1405 617 1603 681 tribulatione
1619 615 1769 690 domam,
1788 621 1816 681 et
1834 618 1938 700 eripui
1954 621 1993 695 te,
2010 616 2156 698 respondi

160 704 263 787 igitur
296 705 437 787 populus
471 706 572 771 lsrael
606 726 716 788 regem
751 726 848 768 suum
880 705 985 770 dicere
1015 726 1034 768 a
1063 704 1134 769 Deo
1184 701 1241 765 tibi
1263 702 1432 768 inocculto
1460 703 1605 767 tonitrui:
1631 701 1766 783 moloni
1793 708 1822 767 te
1848 723 1944 783 super
1965 722 2069 783 equos
2092 701 2158 766 Me·

161 803 306 855 creatum
325 805 357 853 et
376 791 566 870 stabilitum,
588 793 695 873 quiin
715 790 893 855 remedium
914 790 1134 873 dissipationis
1185 785 1265 851 ribo.
1310 787 1414 853 Selob.

161 874 288 941 additus
311 878 419 940 luerat
440 878 515 942 filiis
533 876 681 942 Davidis.
716 878 787 942 Iltsi
811 878 898 940 enim
922 876 1055 945 dissidio
1078 875 1134 940 illo

162 962 323 1044 collapsus
352 975 403 1026 est
429 974 533 1026 status
554 962 675 1044 populi,
704 963 831 1027 fultura
852 973 962 1027 tamen
985 963 1051 1039 illa,
1081 985 1133 1026 ar·
1272 959 1302 1023 2.
1326 958 1504 1042 (Breuitate
1525 960 1617 1041 Deo.)
1660 959 1761 1027 Hunc
1790 959 1960 1024 Psalmum
1993 958 2158 1041 probabile

162 1067 243 1112 cano
265 1048 328 1112 Dei
351 1049 485 1112 consilio
508 1048 674 1130 supposita
696 1049 756 1112 fuit
777 1068 818 1113 ne
839 1049 1031 1115 concideret.
1068 1046 1133 1114 Sed
1188 1054 1239 1109 est
1261 1044 1352 1109 festis
1379 1045 1503 1122 diebus,
1537 1048 1654 1128 quibus
1687 1045 1838 1111 solennes
1869 1066 1945 1110 suos
1978 1055 2159 1109 conventus

163 1153 222 1216 ego
262 1133 401 1198 libenter
440 1146 543 1198 totum
585 1134 739 1199 ecclesiae
778 1154 895 1215 corpus
928 1135 1133 1217 complector.
1188 1131 1461 1214 agebantIudaei,
1480 1132 1581 1197 fuisse
1603 1132 1812 1197 destinatum.
1848 1132 1931 1196 Nam
1953 1153 1974 1194 a
1996 1131 2158 1213 principio

162 1218 232 1282 Neo
265 1228 385 1283 temere
419 1217 576 1301 singulari
608 1241 745 1285 numero
774 1240 852 1283 usus
885 1231 936 1283 est
964 1220 1133 1303 propheta,
1188 1218 1331 1281 ostendit
1353 1238 1417 1281 non
1442 1219 1540 1283 luisse
1561 1217 1707 1283 ordinem
1730 1218 1823 1281 illum
1846 1215 2005 1281 divinitus
2025 1218 2160 1281 manda·

163 1324 263 1386 quum
288 1304 385 1368 vallet
405 1304 497 1369 Deus
519 1306 675 1387 populum
699 1305 793 1369 illum
817 1306 920 1369 instar
942 1327 1014 1370 esse
1037 1307 1135 1370 unios
1187 1314 1268 1382 tum,
1291 1315 1329 1367 ut
1347 1303 1436 1367 surdi
1460 1317 1493 1367 et
1511 1305 1594 1368 muti
1613 1303 1653 1368 ad
1672 1300 2160 1384 tabernaculumstarent(quia

162 1386 313 1470 hominis,
343 1411 406 1471 qua
435 1386 531 1455 etiam
564 1393 690 1455 ratione
720 1390 844 1456 Paulus
871 1391 945 1456 Gal.
969 1393 998 1467 3,
1031 1392 1071 1456 16
1100 1393 1133 1455 in
1189 1389 1279 1454 Dens
1313 1409 1418 1470 neque
1447 1390 1512 1453 otio
1535 1411 1640 1472 neque
1664 1388 1793 1472 frigidis
1815 1408 1853 1453 ao
1876 1389 2027 1454 inanibus
2050 1409 2159 1453 caere·

162 1495 227 1539 nno
267 1477 390 1540 semine
430 1477 561 1541 insistit.
617 1477 841 1541 Diffluxerant
880 1478 967 1542 enim
1003 1476 1133 1553 Ismael,
1187 1477 1306 1539 moniis
1329 1475 1459 1559 colitur)
1481 1475 1535 1540 sed
1560 1489 1596 1538 ut
1619 1475 1739 1539 talibus
1760 1474 1924 1540 exercitiis
1947 1474 2022 1538 fidei
2052 1477 2158 1538 unita·

161 1558 250 1624 Esau
272 1575 304 1625 et
326 1561 391 1638 alii,
413 1582 511 1643 quum
536 1563 625 1627 Deus
649 1563 789 1627 redemit
810 1581 847 1626 aa
869 1563 1000 1646 collegit
1022 1583 1134 1627 semen
1190 1570 1253 1624 tem
1277 1563 1364 1625 inter
1385 1583 1420 1624 se
1443 1568 1599 1637 levarent,
1623 1563 1854 1643 profiterentur
1876 1580 1970 1625 suam
1994 1561 2158 1642 pietatem,

162 1646 324 1711 Abrahae.
377 1647 430 1710 Itu
464 1647 572 1713 Filius
609 1648 747 1713 bominis
787 1647 955 1712 vocabitur
994 1649 1135 1731 populus
1188 1661 1220 1711 et
1243 1668 1278 1710 se
1300 1649 1486 1710 animarent
1507 1647 1549 1711 ad
1572 1648 1744 1712 continuos
1766 1648 1835 1711 eius
1858 1665 2063 1728 progressus,
2086 1666 2159 1710 sua-

161 1751 256 1813 quem
287 1733 346 1796 sibi
378 1732 590 1816 adoptaverat
612 1733 713 1812 Deus,
745 1743 783 1798 ut
811 1746 898 1799 esset
926 1736 1017 1816 quasi
1050 1755 1134 1798 unus
1188 1754 1251 1815 que
1273 1731 1382 1797 studia
1404 1734 1643 1816 coniungerent
1664 1732 1705 1796 ad
1729 1730 1927 1797 laudandum
1951 1729 2081 1794 Deum:
2105 1732 2159 1796 de-

164 1818 274 1881 homo:
305 1819 379 1900 quia
407 1829 516 1882 tamen
546 1821 655 1884 unitas
684 1821 763 1886 haec
791 1820 994 1901 pendebat-a
1016 1822 1133 1902 capite,
1188 1820 1288 1901 nique
1319 1831 1356 1881 ut
1389 1819 1421 1884 in
1456 1840 1549 1884 sacro
1581 1817 1709 1883 foedere
1744 1818 1972 1893 retinerentur,
2007 1836 2071 1898 quo
2098 1816 2158 1881 sibi

162 1923 226 1966 noo
247 1903 397 1986 displicet
413 1924 523 1987 regem
544 1906 665 1969 diserte
684 1906 790 1970 notari
803 1919 962 1985 quatenus
974 1906 1135 1970 retinebat
1187 1903 1280 1969 Deus
1302 1923 1357 1968 eos
1379 1906 1601 1987 adoptaverat.
1646 1904 1756 1984 Quium
1780 1924 1857 1966 vero
1881 1904 1934 1968 hio
1962 1903 2064 1967 luerit
2092 1903 2160 1966 die·

161 1988 317 2053 maiorem
349 1991 457 2072 populi
489 2001 625 2074 partem,
657 2013 698 2054 ne
727 1991 853 2055 exitiali
882 1993 979 2055 ruina
1001 1993 1133 2074 periret.
1188 2011 1261 2054 rum
1287 1991 1443 2056 festorum
1467 2012 1545 2055 usus
1567 1991 1627 2055 sub
1650 1990 1731 2072 lega,
1761 1989 1915 2071 colligere
1943 1990 2044 2053 etiam
2077 1987 2161 2066 licet,

162 2073 335 2140 Caeterum
358 2073 409 2140 hic
432 2097 546 2141 rursus
564 2077 722 2159 propheta
741 2077 871 2141 nonnisi
889 2078 1052 2160 prioribus
1072 2077 1134 2141 Dei
1188 2077 1312 2157 quoties
1336 2076 1432 2141 hodie
1454 2078 1654 2142 conveniunt
1677 2074 1797 2150 fideles,
1821 2073 1937 2138 debere
1959 2073 2062 2138 finem
2075 2073 2161 2137 hunc

162 2159 329 2224 beneficiis
359 2162 512 2226 innititur
542 2162 581 2225 ad
612 2162 851 2227 conciliandum
880 2164 950 2228 eius
975 2164 1132 2228 favorem:
1187 2182 1258 2226 esse
1281 2164 1491 2244 propositum,
1527 2175 1562 2225 ut
1595 2183 1630 2226 se
1663 2174 1837 2226 exerceant
1871 2161 1905 2223 in
1929 2180 2009 2223 vera
2031 2162 2162 2241 pietate,

162 2265 200 2310 ac
221 2247 249 2309 si
273 2246 404 2323 diceret,
427 2246 576 2324 Domine,
600 2252 677 2331 quia
695 2259 788 2312 tuum
808 2258 858 2312 est
876 2252 1032 2330 perficere
1050 2249 1134 2330 quod
1187 2246 1252 2311 Dei
1276 2249 1432 2314 beneficia
1455 2249 1489 2311 io
1513 2249 1703 2312 memoriam
1733 2259 1897 2326 revocent,
1926 2246 2100 2328 proficiant
2128 2248 2160 2309 in

92 2345 95 2349 “
162 2333 305 2413 coepisti,
329 2352 441 2415 regem
464 2333 521 2397 abs
544 2346 576 2397 ta
599 2334 690 2398 nobis
713 2332 825 2399 datum
845 2335 1017 2400 custodias.
1053 2334 1136 2398 'l'an·
1187 2334 1256 2397 eius
1279 2334 1385 2407 verbo,
1411 2332 1549 2415 fideique
1570 2355 1649 2399 suae
1666 2353 1861 2398 consensum
1881 2343 2053 2396 testentur.
2087 2332 2160 2394 Fri·

162 2415 235 2480 dem
267 2419 464 2499 promittunt
492 2419 603 2484 fideles
631 2442 666 2484 se
690 2420 759 2484 Deo
786 2431 897 2503 gratos
918 2421 996 2499 lore,
1027 2421 1055 2484 si
1078 2443 1134 2484 ex·
1189 2419 1272 2482 volis
1293 2419 1380 2483 enim
1404 2440 1441 2485 ac
1464 2419 1635 2484 inutilibus
1650 2420 1862 2483 eaeremoniis
1877 2417 1996 2481 ludunt
2012 2418 2160 2481 homines

161 2502 265 2567 auditi
300 2505 438 2568 luerint:
472 2525 577 2587 neque
607 2505 638 2568 id
672 2517 798 2569 tantum
830 2507 988 2570 sacrificio
1020 2506 1136 2583 laudis,
1188 2524 1263 2568 oum
1287 2504 1368 2579 Deo,
1392 2507 1453 2570 nisi
1477 2506 1511 2569 in
1535 2505 1650 2588 primis
1673 2505 1783 2587 vigeat
1804 2503 1953 2568 doctrina
1976 2504 2160 2585 fldei‚quae

161 2588 217 2653 sed
239 2597 309 2654 tota
331 2591 409 2654 vita.
442 2589 528 2654 Nam
545 2591 696 2656 invocatio
713 2592 850 2655 uomiuis
868 2591 930 2655 Dei
947 2611 1006 2673 pro
1025 2592 1136 2656 vitulis
1188 2589 1228 2654 ad
1252 2591 1490 2656 invocationem
1503 2612 1558 2656 eos
1579 2591 1709 2655 incitet:
1734 2590 1797 2653 nisi
1816 2591 1919 2673 etiam·
1928 2587 2160 2653 beneficiorum

161 2671 322 2738 labiorum
345 2676 512 2756 accipitur.
546 2674 613 2740 Sed
635 2677 734 2740 totius
758 2678 845 2739 vitae
867 2696 1060 2740 consensum
1085 2676 1138 2740 de·
1189 2675 1367 2740 recordatio
1390 2692 1545 2759 suggerat
1565 2676 1699 2741 laudum
1719 2676 1902 2740 materiam:
1925 2676 1991 2738 imo
2009 2687 2160 2738 moreest

164 2759 267 2824 claret
289 2760 345 2824 ubi
369 2759 456 2838 dicit,
479 2780 543 2824 uou
563 2761 737 2826 recedemus
758 2782 779 2825 n
800 2766 837 2826 te.
871 2759 1067 2843 Quanquam
1090 2763 1137 2827 sio
1188 2761 1369 2843 profanatio
1388 2763 1531 2827 nominis
1542 2763 1615 2842 Dei,
1634 2761 1710 2826 dum
1729 2761 1890 2827 exstincta
1901 2761 2070 2825 doetrinae
2082 2762 2160 2840 luce,

165 2845 296 2908 contexi
326 2854 432 2927 potest
462 2846 662 2920 hievernus,
695 2845 835 2911 Domine
860 2847 959 2911 etiam
981 2848 1017 2911 in
1040 2846 1137 2913 rebus
1189 2856 1325 2911 externo
1347 2858 1475 2912 tantum
1498 2848 1588 2911 cultu
1608 2846 1796 2931 defungitur
1807 2846 1956 2930 populns.
1994 2844 2160 2929 Ideopro·

163 2929 285 2994 nostris
326 2930 503 3013 deploratis
543 2932 747 2997 manebimus
788 2933 848 2998 sub
881 2945 939 2998 tuo
973 2931 1136 3016 obsequio,
1188 2932 1289 3015 pheta
1322 2953 1389 2997 non
1423 2933 1529 2997 solum
1564 2932 1676 2997 fideles
1709 2933 1797 2997 iubet
1836 2933 1877 2995 ad
1911 2930 2159 2996 tabernaculum

162 3035 268 3098 neque
296 3015 456 3080 malorum
486 3016 645 3083 acerbitas
675 3017 716 3082 ad
750 3015 963 3084 deiectionem
994 3039 1053 3084 nos
1074 3019 1137 3083 im·
1189 3038 1393 3093 concurrere,
1426 3018 1482 3083 sed
1515 3019 1554 3083 de
1587 3020 1652 3083 tine
1684 3039 1811 3102 quoque
1844 3017 2007 3096 admonet,
2034 3027 2074 3081 ut
2095 3017 2160 3082 illic

162 3101 270 3184 pellet.
316 3101 386 3165 'Pus
408 3111 519 3167 autem
537 3104 644 3186 gratia
666 3113 701 3166 et
723 3104 846 3169 virtute
868 3104 1023 3184 restituti,
1053 3105 1136 3171 osle-
1189 3115 1366 3169 renovetur
1387 3105 1545 3169 memoria
1566 3105 1700 3188 gratuiti
1719 3103 1868 3179 foederis,
1898 3103 1985 3167 unde
2007 3113 2161 3186 augescat

163 3185 331 3251 brabimos
371 3208 488 3253 nomen
521 3198 623 3255 tuum.
678 3189 727 3253 De
762 3189 876 3254 ultimo
908 3210 1005 3255 versu
1039 3210 1135 3273 quem
1189 3190 1271 3255 fides
1292 3211 1404 3255 eorum
1427 3202 1460 3256 et
1483 3193 1595 3274 pietas,
1618 3201 1653 3255 ut
1675 3189 1882 3254 celebrentur
1898 3188 1964 3253 Dei
1995 3187 2160 3264 beneficia,

163 3272 260 3337 tertio
289 3271 432 3338 inculcat
460 3273 629 3356 propbeta,
660 3295 898 3356 supervacuum
930 3284 1017 3342 esset
1043 3276 1137 3359 plura
1189 3296 1272 3358 quae
1314 3277 1440 3341 animos
1479 3278 1519 3341 ad
1560 3277 1738 3360 gratiarum
1779 3275 1938 3340 actionem
1978 3274 2159 3339 stimulent.

165 3356 282 3423 dicere.
1190 3359 1360 3441 Quantum
1383 3361 1425 3426 ad
1448 3373 1653 3446 tympanum,
1677 3361 1848 3434 citharam,
1871 3374 1904 3424 et
1925 3359 2062 3424 nablum
2086 3361 2161 3424 atti·

1190 3459 1256 3525 net,
1277 3447 1420 3514 diximus
1438 3449 1524 3526 alibi,
1547 3457 1581 3512 et
1601 3458 1713 3531 postea
1735 3445 1909 3512 dicendum
1928 3445 2000 3523 erit,
2023 3445 2161 3510 Levitae

1190 3552 1257 3596 non
1289 3533 1348 3599 abs'
1381 3555 1417 3599 re
1450 3534 1582 3600 musicis
1615 3533 1841 3599 instrumentis
1874 3551 1951 3597 usos
1971 3529 2074 3596 luisse
2100 3531 2161 3596 sub

1190 3617 1280 3702 lege:
1303 3620 1381 3700 quia
1403 3630 1553 3685 tenerum
1576 3618 1684 3684 adhue
1706 3631 1738 3683 st
1759 3617 1869 3700 pueris
1899 3616 2037 3681 similem
2062 3638 2161 3701 popu·

451 3733 659 3805 PSfflms
680 3734 838 3804 mxl
1188 3702 1258 3769 lum
1282 3703 1374 3771 Deus
1407 3705 1526 3771 talibus
1559 3705 1753 3770 rudimentis
1785 3703 1900 3769 docere
1931 3702 2036 3767 voluit
2057 3722 2162 3784 usque

839 3783 849 3803 ⁰
1189 3789 1230 3854 ad
1253 3789 1377 3856 Christi
1407 3791 1594 3857 adventum.
1639 3791 1735 3856 Nune
1756 3788 1812 3855 ubi
1835 3789 1998 3868 evangelii
2020 3787 2162 3864 claritas,

164 3920 248 3977 ABG·
265 3922 342 3976 Dm
365 3932 429 3976 sm
455 3922 535 3977 hum
558 3922 660 3976 Psalmi
684 3932 791 3994 partes,
817 3941 880 3976 nam
906 3925 1029 3994 quisquis
1054 3925 1138 3980 morit
1190 3875 1345 3941 discussis
1368 3876 1492 3943 umbrie
1514 3877 1683 3960 legalibus,
1710 3876 1833 3939 cultum
1854 3875 1917 3940 Dei
1948 3873 2055 3955 magis
2084 3875 2162 3937 sim·

269 3998 358 4060 autor,
375 3993 504 4061 populum
524 3991 650 4045 bortatur
667 4001 698 4044 nt
716 3992 873 4061 redemptus
891 3992 941 4046 Dei
959 4011 1048 4058 manu,
1067 4002 1096 4048 et
1107 3996 1136 4048 in
1188 3961 1305 4045 Pll⁰⁰m
1329 3962 1421 4027 ¹¹⁰bl⁸
1443 3962 1659 4045 ⁰⁰mm0¹¹d⁸lr
1681 3961 1781 4062 ⁸lull⁰
1803 3981 1841 4027 ω
1855 3979 2034 4060 ΙΡΘῙῬΘῙἪῙῙ
2054 3959 2163 4058 ἰωίῳ·

268 4077 380 4129 regnum
398 4060 566 4113 sacerdotale
584 4077 615 4113 aa
628 4061 791 4128 peculiarem
810 4063 949 4115 ecelesiam
968 4064 1078 4126 electus,
1096 4065 1137 4117 in·
1189 4068 1300 4112 remur
1322 4048 1405 4129 quod
1430 4049 1590 4131 propheta
1613 4069 1741 4112 nounlst
1764 4059 1862 4111 uetat!
1885 4065 1964 4111 auae
1982 4055 2161 4129 praecepta

268 4128 445 4181 aestimabilia
469 4128 548 4181 buius
571 4129 676 4198 gratiae
700 4145 811 4197 memor,
835 4131 1036 4200 redemptorem
1059 4150 1137 4186 sunm
1188 4132 1285 4199 Unde
1324 4144 1460 4215 apparet
1500 4135 1642 4216 papistas
1683 4133 1743 4198 hoo
1772 4132 1813 4196 ad
1846 4153 1881 4196 se
1920 4130 2162 4206 transferendo,

267 4197 585 4334 fflusslffbfgbfflni
589 4205 781 4336 :affinga
789 4215 834 4319 112⁰
844 4199 1137 4340 ffi‘sserffiffiuffi
1189 4219 1301 4282 simias
1324 4219 1432 4282 luisse.
1477 4217 1548 4282 Sub
1568 4219 1727 4284 novilunio
1748 4239 1807 4301 per
1829 4216 2054 4301 synecdochen
2079 4217 2164 4282 alias

269 4333 374 4387 scilicet
400 4280 498 4387 blande
528 4340 556 4386 et
582 4336 694 4389 comiter
723 4336 852 4404 populum
883 4335 955 4389 buno
981 4337 1014 4390 sd
1041 4355 1070 4391 se
1096 4339 1137 4393 in·
1190 4324 1316 4385 q¹¹⁰q¹¹⁰
1340 4305 1436 4368 fellas
1460 4302 1618 4404 defflglml·
1650 4304 1858 4403 ‚Quanquam
1881 4315 1995 4402 alim),
2014 4302 2164 4384 ll¹¹⁰tldl⁰

269 4403 373 4463 muns,
401 4400 469 4455 nihil
491 4402 638 4470 profecerit
660 4404 726 4473 quin
753 4404 845 4473 iugum
866 4405 935 4473 legis
958 4406 1137 4474 perrioaoitor
1190 4388 1411 4453 offerebantur
1433 4390 1599 4468 sacrificia,
1621 4391 1689 4456 dues
1712 4401 1820 4454 tamen
1843 4388 1995 4469 sumbus
2022 4408 2083 4467 per
2104 4410 2165 4453 ex·

269 4477 419 4540 renueret.
1190 4474 1374 4537 callentium
1398 4475 1557 4557 nominat,
1580 4476 1698 4558 quibus
1719 4497 1755 4541 se
1776 4497 1819 4539 ex
1849 4474 1929 4557 legis
1957 4474 2164 4558 praescripto

1191 4560 1350 4624 sistebant
1370 4557 1482 4623 fideles
1503 4559 1544 4623 ad
1567 4560 1823 4626 tabernaculum.

255 4645 283 4708 1.
307 4640 467 4724 Proefm
488 4661 585 4723 super
608 4640 729 4706 Gitbitb
752 4643 874 4726 Asopi.
919 4645 949 4710 2.
972 4644 1139 4710 Eueultote
1274 4643 1304 4708 5.
1328 4642 1428 4728 (Quia
1457 4645 1630 4731 statutum.)
1673 4646 1748 4728 Quo
1776 4646 1938 4711 efficacior
1965 4646 2009 4711 sit
2038 4646 2165 4710 exhor·

167 4727 235 4795 Dec
254 4729 435 4811 fortitudini
457 4733 587 4809 neuros,
610 4726 737 4791 iubilate
753 4728 823 4794 Deo
841 4727 953 4795 Iacob:
974 4731 1004 4796 3.
1018 4729 1138 4795 Sumite
1189 4729 1278 4804 tatio,
1302 4728 1405 4811 legem
1430 4728 1515 4795 hano
1537 4731 1720 4814 impositam
1744 4754 1814 4798 esee
1836 4731 1929 4797 docet
1950 4731 2071 4815 populo
2086 4730 2166 4811 Dei,

167 4815 322 4879 cautiorem
342 4817 370 4878 et
380 4814 521 4896 proferte
538 4819 729 4897 tympanum,
747 4813 1137 4881 citboromiuauuditotum
1189 4835 1255 4896 qua
1276 4813 1442 4877 sanciatur
1463 4828 1630 4881 aeternum
1655 4818 1776 4883 foedus.
1812 4816 1899 4898 Quia
1916 4830 2026 4883 autem
2047 4820 2081 4880 in
2095 4818 2165 4884 ioe-

169 4919 238 4965 cum
259 4899 363 4964 nablo:
385 4899 415 4963 4.
441 4899 582 4982 Uloupite
599 4898 723 4963 cibare
745 4899 780 4962 iu
808 4901 976 4984 uccduma
1005 4906 1137 4982 tempore
1189 4899 1320 4963 deribus
1350 4908 1462 4962 mutua
1491 4912 1542 4966 est
1574 4906 1762 4968 conventio:
1793 4904 1872 4969 dicit
1905 4905 1966 4969 hoo
1997 4915 2166 4968 statutum

170 4989 281 5049 nouo
303 4985 346 5050 ud
367 4985 451 5049 diem
472 4984 623 5066 sacrificii
650 4985 766 5048 uestri:
808 4983 838 5048 5.
875 4985 958 5067 Quia
987 4990 1138 5052 statutum
1189 4983 1301 5046 datum
1321 4982 1420 5047 fuisse
1432 4984 1556 5063 Israeli,
1573 5001 1605 5051 et
1617 4988 1724 5054 Deum
1744 4991 1806 5054 sibi
1830 4992 1890 5054 hoc
1912 4991 1964 5054 ius
1986 4990 2165 5074 pepigisse.

171 5068 290 5135 larciii
311 5069 376 5149 bec,
398 5071 552 5135 iudicium
573 5069 754 5135 Deolcceb.
799 5068 829 5134 6.
856 5070 1082 5138 Testimonium
1102 5071 1136 5134 iu
1190 5079 1293 5163 l'll'lp
1315 5068 1445 5149 quidam
1469 5070 1656 5137 derivante
1675 5075 2167 5174 rerbofflpquudsignifioat

172 5150 286 5236 Iosepb
313 5156 421 5235 posuit
453 5154 515 5232 boe,
549 5175 645 5237 quum
677 5173 817 5238 egressus
839 5161 885 5219 est
905 5161 1138 5238 superterram
1189 5170 1324 5216 ornare:
1346 5163 1378 5216 et
1402 5165 1534 5220 vertunt
1555 5158 1675 5239 Decus,
1698 5161 1750 5224 vel
1773 5176 2004 5227 ornamentum
2028 5165 2166 5247 Ioseph,

171 5238 323 5322 Aegypti:
363 5240 481 5306 iobium
512 5241 593 5322 quod
609 5240 783 5306 neeuebom
805 5240 922 5306 cadim.
969 5242 998 5307 7.
1022 5239 1139 5303 Amori
1189 5238 1246 5300 sed
1269 5236 1435 5304 descendit
1457 5244 1561 5324 potius
1584 5257 1694 5343 amp
1712 5257 1745 5310 et
1767 5261 1942 5314 eontextus
1959 5251 2088 5334 flagitat
2102 5272 2165 5334 pro
