4658 5856
169 341 233 407 tsl
946 340 1164 409 PSALMUS
1187 340 1384 406 LXXXIV.
2104 341 2167 406 782

168 529 336 597 interdum
359 531 454 596 etiam
478 533 581 597 servit
602 530 913 614 exclamationibus,
944 552 1008 594 uon
1031 528 1142 595 dubito
1195 529 1260 594 nisi
1282 527 1405 592 deiecto
1428 528 1516 592 omni
1539 529 1640 606 tastu,
1673 535 1708 593 et
1729 528 1847 594 animis
1869 550 1947 594 vere
1974 528 2164 599 humiliatis.

170 617 250 700 quin
269 616 426 699 propheta
446 617 589 682 medium
608 618 765 683 orationis
783 639 915 683 cursum
932 616 1142 699 abrumpens,
1196 615 1295 696 Atqui
1319 613 1404 679 hauc
1426 613 1488 679 sibi
1510 613 1689 696 quaerendi
1711 613 1776 678 Dei
1799 613 1958 679 rationem
1981 616 2104 694 statuit,
2130 624 2167 680 ut

169 701 346 778 exclamet,
380 702 439 768 sibi
466 715 641 785 conspectu
663 703 775 769 altaris
804 701 886 766 nihil
914 703 982 767 iore
1004 702 1141 784 gratius.
1196 701 1341 782 precario
1364 710 1533 765 mutuetur
1555 700 1595 765 ab
1626 721 1664 765 oo
1693 701 1847 765 virtutem
1877 722 1942 783 qua
1969 721 2004 764 sc
2032 699 2167 765 destitui

169 787 321 853 Primum
344 809 421 870 crgo
444 787 552 852 David
575 790 761 872 passeribus
783 810 817 854 se
848 800 881 852 ct
908 785 1142 851 hirundinibus
1195 786 1307 849 sentit.
1359 783 1455 865 Quod
1485 808 1562 851 mox
1590 786 1737 868 sequitur
1764 786 1893 850 semitas
1922 806 1986 851 esse
2015 787 2050 851 r‘n
2079 787 2167 853 corde

170 894 375 956 comparans,
387 874 551 938 miseriam
563 895 655 939 suam
668 875 860 956 amplificat:
880 875 957 955 quia
968 869 1142 956 indignum
1194 872 1344 951 ipsoram,
1368 871 1499 953 quidam
1522 892 1588 937 uno
1610 883 1766 937 contextu
1788 872 1835 935 ita
1856 880 2034 954 exponunt,
2058 873 2167 938 felices

170 970 221 1023 est
254 959 294 1023 ab
327 958 528 1023 haereditate
560 961 622 1025 sibi
655 961 814 1041 promissa
846 958 966 1040 expelli
988 956 1141 1022 Abrahae
1194 976 1265 1020 csse
1286 958 1342 1038 qui
1365 958 1453 1020 viam
1475 966 1655 1040 sequuntur
1677 979 1697 1021 a
1720 956 1791 1021 Deo
1813 958 2066 1039 praescriptam:
2089 960 2168 1041 quia

169 1043 263 1122 filios,
281 1065 380 1127 quum
399 1045 546 1110 aviculae
564 1043 657 1110 nidos
674 1046 792 1111 alicubi
811 1046 983 1127 reperiant.
1018 1043 1141 1124 Quam·
1195 1041 1275 1105 nihil
1299 1043 1404 1126 magis
1426 1042 1645 1124 perniciosum
1668 1051 1734 1118 est,
1764 1063 1862 1125 quam
1886 1063 1999 1125 sapere
2029 1065 2069 1107 ex
2091 1064 2166 1126 pro·

169 1131 224 1194 ris
246 1142 356 1194 autom
378 1141 492 1196 nactus
514 1131 705 1213 quandoque
734 1145 819 1195 essct
847 1129 1054 1195 commodum
1085 1129 1141 1193 ho·
1193 1127 1266 1210 prio
1288 1148 1397 1193 sensu.
1432 1128 1593 1193 Nccvero
1615 1130 1736 1193 trustra
1760 1127 1893 1212 delego
1918 1131 2166 1211 pronuntiatum

170 1215 324 1297 spitium,
361 1217 427 1281 imo
458 1217 571 1282 liceret
600 1217 684 1298 apud
714 1215 899 1281 incredulos
928 1236 1002 1280 cum
1033 1215 1141 1297 aliqua
1194 1222 1253 1293 est,
1276 1213 1367 1278 Haec
1386 1222 1436 1277 est
1458 1213 1527 1291 via,
1558 1212 1725 1278 ambulate
1746 1214 1782 1278 in
1805 1234 1860 1292 ea,
1894 1213 2016 1279 Ieaaias
2039 1214 2090 1293 30,
2113 1215 2165 1279 21.

170 1299 329 1383 dignitate
351 1322 492 1377 manere,
516 1303 607 1366 visus
628 1313 735 1366 tamen
760 1315 810 1366 est
825 1300 887 1367 sibi
905 1299 1141 1384 quodammodo
1194 1298 1320 1363 Verum
1352 1300 1454 1382 igitur
1486 1310 1553 1377 est,
1595 1300 1759 1383 perversis
1792 1300 1955 1365 erroribus
1988 1301 2166 1384 circumagi

169 1386 264 1451 exsul
286 1407 306 1450 a
332 1394 400 1450 toto
429 1387 506 1451 orbe
534 1388 724 1469 quantisper
753 1387 793 1451 ad
824 1388 1045 1452 sanctuarium
1075 1407 1141 1450 uon
1195 1383 1344 1450 homines
1367 1385 1421 1449 ubi
1443 1385 1497 1450 vel
1520 1385 1683 1449 tantillum
1706 1406 1726 1449 a
1748 1385 1848 1449 verbo
1865 1384 1930 1450 Dei
1952 1385 2166 1450 deflexerunt.

168 1471 303 1554 patebat
323 1491 481 1538 accessus.
525 1472 611 1537 Nam
634 1483 722 1537 certe
743 1472 796 1538 hic
819 1473 912 1538 uobis
934 1485 985 1536 est
1008 1470 1140 1536 vivendi
1193 1468 1260 1534 Sed
1284 1469 1400 1535 melius
1423 1469 1484 1535 hoo
1506 1471 1715 1554 restringitur
1737 1468 1777 1535 ad
1801 1479 2004 1553 praesentem
2027 1471 2166 1536 circum·

169 1558 246 1622 finis
268 1558 358 1621 utin
382 1558 445 1623 Dei
473 1557 563 1623 cultu
593 1578 813 1623 exerceamur.
856 1558 960 1624 Porro
990 1557 1140 1640 quamvis
1194 1559 1365 1634 stantiam,
1394 1555 1504 1621 felices
1524 1578 1595 1621 esse
1625 1558 1681 1638 qui
1704 1555 1811 1620 Deum
1840 1554 1903 1620 sibi
1931 1557 2068 1638 cupiunt
2095 1578 2166 1623 esse

169 1663 235 1707 non
253 1643 316 1706 rite
333 1643 457 1708 colatur
476 1644 539 1707 nisi
557 1643 718 1726 spirituali
737 1644 841 1722 modo,
859 1644 1011 1709 subsidiis
1031 1653 1141 1707 mmen
1193 1641 1280 1705 ritae
1293 1642 1540 1719 moderatorem,
1557 1642 1693 1725 ideoque
1704 1641 1745 1705 ad
1758 1662 1833 1704 eum
1850 1643 2002 1707 accedere
2017 1643 2165 1724 cupiunt.

169 1729 218 1792 uti
252 1748 333 1810 opus
366 1741 415 1794 est
448 1750 532 1811 queo
564 1749 628 1793 non
662 1730 720 1794 abs
752 1750 788 1793 re
821 1730 914 1795 uobis
953 1729 1139 1793 destinavit.
1192 1726 1307 1808 Neque
1329 1726 1417 1790 enim
1439 1726 1491 1811 (ut
1510 1727 1631 1791 dictum
1650 1726 1712 1812 est)
1735 1727 1990 1792 moraturDeus
2012 1736 2166 1793 externas

167 1811 263 1878 Haec
284 1815 366 1878 ratio
388 1821 440 1880 cst
460 1835 519 1879 cur
541 1815 575 1878 in
599 1813 684 1879 hauc
710 1834 821 1879 vocem
851 1824 1003 1897 erumpat
1024 1812 1141 1892 David,
1192 1814 1425 1892 caeremonias,
1454 1812 1511 1878 sed
1534 1834 1647 1897 regere
1669 1812 1742 1879 vult
1764 1833 1800 1877 ac
1822 1811 1884 1877 sibi
1906 1814 2064 1878 subiicere
2086 1835 2166 1896 quos

169 1899 404 1964 calteriatus
423 1899 565 1965 Domine.
599 1890 686 1964 Nam
703 1900 781 1982 quia
797 1900 935 1964 obiicere
953 1908 1140 1983 promptum
1193 1896 1234 1961 ad
1258 1897 1505 1963 tabernaculum
1527 1920 1623 1963 suum
1652 1899 1779 1963 invitat.
1825 1896 1982 1980 Quisquis
2012 1919 2088 1980 ergo
2118 1899 2166 1964 di·

168 1996 251 2063 erat,
275 1984 395 2051 multos
416 2006 488 2050 csso
510 1984 647 2068 angulos
669 1985 703 2048 in
727 1986 851 2049 mundo
872 1985 927 2049 ubi
959 1996 1029 2049 tuto
1052 1986 1142 2066 quic·
1194 1982 1271 2047 dicit
1286 1993 1409 2066 quanta
1424 1984 1468 2048 sit
1485 1984 1623 2049 felicitas
1638 1984 1711 2048 Deo
1725 1982 1834 2062 inniti,
1856 1984 1964 2049 studia
1979 1983 2044 2049 huc
2059 2006 2118 2050 sua
2133 1994 2165 2050 ct

168 2079 291 2146 sceret,
322 2071 388 2136 imo
410 2072 531 2136 multos
552 2091 622 2135 esso
645 2070 791 2153 hospites
813 2072 870 2153 qui
900 2070 1037 2135 libenter
1066 2091 1141 2134 cum
1194 2089 1307 2134 omnes
1316 2091 1431 2135 sensus
1440 2069 1621 2153 applicabit,
1634 2080 1668 2134 ut
1680 2065 1836 2133 achum
1845 2069 1994 2135 celeriter
2003 2079 2164 2154 properet.

166 2156 367 2239 exciperent,
390 2167 487 2239 atque
509 2157 555 2221 ita
576 2157 647 2219 sinc
665 2177 764 2221 causa
783 2156 988 2220 tumultuari:
1011 2176 1143 2238 respon·
1280 2157 1309 2220 7.
1332 2152 1558 2240 (Transeuntes
1578 2156 1615 2219 in
1635 2155 1739 2240 colle.)
1783 2154 1945 2239 Intelligit
1967 2154 2049 2220 nihil
2072 2177 2165 2238 posse

168 2239 235 2319 det,
257 2261 292 2305 se
313 2242 411 2306 malle
434 2243 495 2306 toti
515 2241 637 2307 mundo
660 2241 866 2320 renuntiare,
896 2262 994 2323 quam
1017 2242 1142 2324 privari
1194 2241 1334 2304 cordatis
1356 2242 1563 2323 streuuisquc
1586 2242 1648 2305 Dei
1671 2240 1849 2306 cultoribus
1871 2242 2000 2306 obstare
2023 2243 2102 2323 quin
2124 2241 2165 2306 ad

170 2347 265 2392 sacro
299 2328 519 2393 tabernaculo:
560 2325 689 2391 nullum
722 2326 828 2393 locum
861 2327 923 2392 sibi
964 2327 1141 2393 iucundum
1195 2328 1418 2391 sanctuarium
1439 2327 1605 2391 festinent.
1649 2329 1759 2409 Atque
1789 2326 1850 2392 hac
1879 2326 2033 2408 loquendi
2062 2327 2168 2392 forma

172 2433 244 2477 esse
274 2412 386 2494 procul
417 2412 522 2478 aDei
551 2413 726 2493 altaribus,
756 2415 821 2476 imo
848 2412 975 2476 nullum
1004 2433 1141 2494 usquam
1194 2413 1364 2476 coufirmat
1387 2412 1473 2494 quod
1496 2412 1586 2495 prius
1609 2411 1710 2491 dixit,
1743 2411 1827 2476 nihil
1856 2413 1961 2495 magis
1983 2432 2053 2477 esse
2075 2425 2167 2496 opta·

172 2498 372 2563 domicilium
394 2512 488 2562 extra
510 2510 631 2562 terram
653 2508 798 2562 sanctam
822 2497 882 2562 sibi
906 2499 1041 2580 placere.
1081 2498 1142 2561 At·
1195 2496 1259 2560 bile
1282 2518 1378 2579 quam
1402 2498 1546 2563 exerceri
1573 2497 1716 2580 quotidie
1746 2499 1780 2561 in
1803 2496 1866 2561 Dei
1896 2497 2002 2562 cultu:
2036 2498 2167 2578 quaudo

171 2603 236 2665 que
265 2583 328 2648 huc
358 2585 519 2666 pertinent
550 2584 695 2665 epitheta
722 2605 804 2666 quac
825 2583 897 2649 Deo
925 2585 1055 2661 tribuit,
1083 2605 1142 2648 rex
1195 2582 1305 2646 nullae
1320 2581 1538 2659 difficultates,
1562 2582 1841 2659 nullaobstaoula,
1860 2583 1990 2665 piorum
2006 2581 2165 2647 desideria

169 2688 265 2734 meus
295 2680 327 2733 et
350 2669 440 2734 Deus
470 2690 576 2746 mous,
605 2669 769 2753 significat
794 2670 884 2734 euim
911 2669 1081 2734 molestam
1110 2683 1143 2734 et
1197 2669 1313 2731 morari
1346 2680 1503 2751 poterunt
1530 2669 1609 2751 quin
1642 2667 1794 2733 alacriter
1825 2689 1885 2750 per
1917 2667 2009 2732 arida
2038 2667 2168 2733 deserta

171 2756 322 2819 acerbam
345 2776 416 2820 esse
437 2757 554 2830 vitam,
577 2756 654 2837 quia
676 2753 802 2819 exsulet
825 2777 845 2820 a
866 2776 968 2838 regno
992 2756 1070 2820 Dei:
1105 2776 1143 2820 ao
1177 2756 1391 2819 ‘concurrant
1412 2753 1453 2817 ad
1475 2753 1685 2818 celebrandos
1707 2775 1815 2818 sacros
1843 2763 2032 2818 conventus.
2078 2753 2167 2835 Quo·

170 2841 200 2904 si
233 2839 373 2916 diceret,
413 2840 541 2904 etiamsi
574 2861 626 2904 me
659 2841 807 2905 certatim
847 2861 961 2906 omnes
1000 2842 1144 2905 inritent
1195 2840 1284 2904 niam
1307 2853 1392 2922 κῃ
1413 2840 1577 2922 significat
1599 2840 1686 2917 flere,
1708 2853 1738 2920 Π
1760 2859 1836 2904 vero
1859 2848 1893 2903 et
1911 2853 1939 2923 κ
1958 2839 2072 2904 literae
2090 2852 2167 2905 sunt

171 2925 329 3008 quamdiu
351 2946 371 2988 a
394 2926 513 2991 finibus
536 2927 599 2991 tuis
629 2925 802 3006 excludor,
831 2947 932 3008 quum
962 2947 1020 2990 rex
1050 2947 1143 2990 meus
1195 2926 1324 3002 affines,
1358 2945 1495 3006 quarum
1526 2934 1642 2988 mutua
1671 2937 1720 2989 cst
1749 2926 1999 3001 transmutatio,
2033 2934 2167 2990 vertunt

170 3013 235 3090 sis,
265 3010 342 3094 quid
366 3033 418 3076 me
439 3012 568 3077 iuvaret
590 3012 623 3074 in
646 3011 767 3076 mundo
796 3011 915 3094 agere?
950 3012 1021 3076 Iam
1043 3033 1142 3093 quum
1195 3010 1307 3088 multi,
1337 3009 1456 3074 vallem
1478 3010 1585 3074 fletus.
1629 3009 1812 3075 Probabilis
1839 3018 2023 3074 esttamen
2053 3031 2166 3075 eorum

169 3094 264 3162 Deus
287 3118 378 3161 meus
400 3098 461 3175 sis,
484 3117 637 3178 quorsum
657 3099 749 3179 vivo,
773 3098 835 3160 nisi
859 3112 895 3160 ιιι
918 3096 958 3161 ad
981 3109 1012 3160 te
1035 3096 1142 3179 adspi·
1194 3096 1302 3177 opinio
1324 3095 1380 3177 qui
1402 3094 1534 3158 Morum
1553 3103 1697 3160 vertunt.
1731 3093 1928 3177 Quanquam
1947 3094 2080 3159 dubium
2099 3115 2165 3161 non

168 3181 264 3246 rem?
309 3181 374 3248 Ubi
396 3193 505 3247 autem
535 3203 588 3245 me
615 3182 737 3263 reiiois,
767 3203 825 3247 cur
853 3203 918 3246 non
947 3183 1057 3245 omnia
1087 3183 1143 3245 ho·
1195 3191 1245 3245 est
1268 3180 1376 3245 notari
1398 3180 1528 3245 steriles
1550 3191 1582 3244 et
1604 3180 1731 3244 ieiunas
1760 3180 1970 3260 solitudines,
2000 3202 2057 3263 per
2085 3200 2165 3262 quas

168 3267 268 3348 spitia
290 3289 446 3351 aspernor
468 3267 648 3350 quamlibet
676 3266 821 3332 suaviter
849 3267 940 3332 carni
970 3287 1060 3331 meae
1089 3287 1141 3331 ar·
1193 3266 1366 3330 molestum
1396 3275 1446 3331 cst
1476 3267 1538 3329 iter
1566 3264 1689 3330 facere:
1724 3267 1799 3348 quia
1827 3265 1869 3330 ad
1898 3266 2050 3330 viaticum
2081 3266 2164 3331 nihil

168 3352 320 3417 rideant?
1194 3361 1245 3416 est
1266 3351 1371 3434 magis
1394 3351 1612 3417 necessarium
1636 3362 1725 3433 potu.
1763 3351 1898 3416 Piorum
1917 3371 1995 3435 ergo
2011 3362 2164 3417 constan·

255 3438 285 3504 b.
317 3436 426 3524 (Beati
458 3439 513 3518 qni
544 3436 710 3523 Ιιιιὸιιαιιι.)
764 3436 829 3503 Hic
865 3437 985 3504 clarius
1026 3436 1141 3501 definit
1193 3438 1273 3502 tiam
1295 3435 1432 3520 probare
1455 3437 1558 3501 voluit
1579 3436 1699 3520 David,
1722 3437 1800 3519 quia
1821 3457 1927 3519 aquae
1948 3437 2102 3519 penuria,
2124 3439 2164 3503 ob

168 3533 295 3589 rectum
317 3536 349 3588 et
370 3523 551 3606 legitimum
574 3523 752 3587 sanctuarii
775 3544 887 3588 usum:
916 3535 1016 3606 atquc
1037 3523 1082 3586 ita
1105 3543 1140 3588 se
1192 3544 1290 3606 quam
1324 3523 1479 3587 deficiunt
1512 3523 1668 3601 viatores,
1702 3543 1767 3587 non
1800 3522 1956 3606 impediet
1989 3523 2162 3604 quominus

167 3606 323 3674 discernit
345 3610 387 3675 ab
412 3610 604 3693 hypocritis,
634 3609 688 3691 qui
712 3617 745 3672 et
767 3609 828 3690 ipsi
856 3609 896 3673 ad
919 3609 1139 3674 caeremonias
1192 3631 1250 3691 per
1271 3609 1372 3674 valles
1390 3629 1542 3673 arenosas
1560 3609 1599 3672 ad
1613 3607 1721 3673 Deum
1740 3607 1961 3691 quaerendum
1977 3616 2160 3690 properent.

167 3704 323 3760 externas
345 3693 457 3760 sedulo
475 3709 658 3768 accurrunt,
681 3694 875 3776 sed‘pietate
891 3695 998 3759 vacui.
1032 3694 1139 3760 Veros
1192 3693 1319 3775 Quibus
1353 3695 1461 3759 verbis
1492 3695 1679 3778 coarguitur
1712 3715 1825 3759 eorum
1858 3694 2008 3777 ignavia,
2041 3693 2160 3775 quibus

167 3792 278 3844 autem
309 3779 373 3845 Dei
402 3779 542 3845 cultores
571 3790 712 3845 testatur
740 3779 849 3843 David
879 3781 994 3845 afferre
1031 3780 1138 3846 laudis
1191 3801 1291 3864 greve
1313 3791 1362 3845 est
1384 3779 1561 3863 quidquam
1591 3779 1700 3844 subire
1727 3778 1924 3844 incommodi
1955 3778 2032 3842 dum
2061 3781 2160 3861 proti·

166 3866 381 3944 sacrificium,
411 3865 496 3948 quod
526 3865 631 3930 afide
658 3866 800 3947 separari
823 3886 889 3930 non
913 3875 1027 3947 potest.
1071 3866 1134 3930 Ne·
1189 3867 1341 3930 ciendum
1363 3865 1469 3929 estin
1490 3863 1556 3929 Dei
1578 3866 1677 3929 cultu.
1723 3864 1829 3930 Suum
1852 3866 1955 3928 otium
1977 3873 2009 3928 et
2027 3863 2160 3930 deliciae

167 3971 232 4032 que
255 3952 341 4015 enim
365 3972 405 4015 ex
428 3952 537 4016 animo
560 3953 667 4016 Deum
691 3950 835 4015 laudabit
858 3951 920 4015 nisi
939 3953 993 4034 qui
1012 3953 1138 4034 acquie-
1189 3973 1244 4017 eos
1267 3951 1448 4027 oblectant,
1478 3952 1586 4033 itaque
1609 3950 1705 4014 modo
1726 3950 1839 4033 podem
1871 3969 2001 4014 movere
2030 3971 2161 4016 necesse

167 4057 263 4102 scens
299 4038 332 4100 in
370 4037 440 4101 eius
476 4037 602 4120 gratia,
642 4037 803 4121 spirituali
839 4056 918 4119 pace
954 4048 987 4102 et
1018 4037 1137 4121 gaudio
1190 4060 1253 4101 non
1277 4038 1329 4115 sit,
1351 4035 1491 4100 libenter
1512 4057 1547 4100 se
1570 4036 1809 4118 profitebuntur
1831 4034 1895 4099 Dei
1917 4035 2073 4100 cultores:
2104 4037 2160 4102 sed

165 4122 298 4187 fruitur.
1190 4123 1327 4187 liberum
1351 4121 1517 4187 doctrinae
1539 4131 1571 4185 et
1594 4131 1873 4187 sacramentorum
1896 4143 1990 4186 usum
2022 4143 2063 4185 ue
2094 4123 2160 4205 pilo

1188 4209 1318 4290 quidem
1340 4206 1512 4272 rediment.
1547 4206 1703 4272 Videmus
1725 4228 1823 4289 quam
1846 4206 1966 4271 multos
1989 4207 2075 4271 nidis
2092 4211 2160 4271 suis

252 4293 281 4356 6.
306 4291 428 4357 Beatus
448 4292 538 4357 torno
555 4294 609 4358 cni
630 4293 726 4359 robur
743 4296 777 4358 in
794 4299 829 4372 te,
853 4295 979 4358 sanitae
996 4294 1031 4357 in
1049 4294 1136 4359 corde
1188 4295 1303 4358 affixos
1326 4306 1435 4356 teneat
1458 4292 1536 4358 haec
1557 4294 1718 4370 socordia,
1753 4305 1789 4356 ut
1817 4292 1911 4357 nulla
1932 4292 2160 4358 commoditate

164 4397 280 4442 eornm
327 4379 354 4442 l.
386 4379 595 4443 Transeuntes
624 4380 659 4442 in
688 4379 766 4444 valle
788 4378 916 4465 toust)
942 4380 1055 4461 fontem
1081 4399 1134 4459 pc-
1187 4378 1331 4444 fraudari
1355 4399 1390 4443 se
1408 4379 1599 4456 sustineant,
1622 4380 1719 4442 etiam
1739 4378 1795 4443 ubi
1812 4376 1853 4441 ad
1872 4399 1983 4460 proces
2001 4377 2158 4461 publicas,

165 4467 253 4542 nent,
290 4464 383 4528 ιιιαιιι
411 4466 561 4529 cisternas
595 4466 711 4546 operiet
732 4464 854 4546 pluuia.
906 4465 934 4529 8.
964 4464 1091 4529 Venient
1120 4485 1136 4528 e
1188 4465 1228 4528 ad
1252 4463 1445 4529 audiendam
1469 4464 1583 4528 salutis
1606 4463 1802 4541 doctrinam,
1826 4464 1866 4528 ad
1889 4483 1981 4528 sacra
2003 4463 2159 4545 mysteria

164 4550 275 4613 nnete
291 4550 326 4613 in
343 4547 555 4632 virtutem,**)
572 4549 723 4614 uidebitur
741 4549 829 4615 Dens
847 4551 975 4615 deornm
991 4552 1027 4614 in
1046 4549 1131 4614 Sion.
1187 4550 1412 4633 participanda
1433 4560 1612 4615 vocantur:
1638 4548 1784 4613 videmus
1807 4548 1886 4614 alios
1905 4548 2055 4627 dormire,
2078 4547 2159 4613 alios

1187 4655 1318 4717 operam
1348 4634 1426 4699 dare
1457 4635 1563 4716 lucro,
1601 4633 1681 4699 alios
1711 4635 1884 4715 implicitos
1914 4655 1984 4697 esse
2014 4635 2158 4716 profanis

249 4719 279 4784 6.
303 4717 462 4805 (Beatus.)
495 4720 619 4785 Iterum
642 4719 744 4802 docet,
768 4722 988 4786 sanctuarium
1011 4741 1046 4784 se
1069 4741 1133 4784 non
1187 4720 1342 4803 nogotiis,
1364 4720 1445 4784 alios
1468 4721 1563 4783 etiam
1587 4719 1709 4785 ludere.
1754 4718 1849 4784 Unde
1871 4719 1991 4783 mirum
2008 4730 2158 4800 nonest,

163 4818 315 4888 expetere
338 4816 467 4870 tentum
492 4819 528 4869 ιιι
559 4820 670 4886 pascat
698 4806 821 4890 oculos,
853 4806 910 4872 sed
941 4817 978 4871 ut
1007 4806 1042 4869 in
1070 4805 1134 4869 fide
1187 4807 1242 4889 qui
1265 4806 1376 4887 procul
1398 4805 1528 4884 absunt,
1549 4811 1583 4869 et
1603 4806 1660 4888 qui
1681 4807 1753 4870 aine
1772 4804 1964 4870 facultatum
1987 4804 2157 4887 dispendio

162 4892 321 4972 proficiat.
366 4892 427 4955 Est
449 4892 536 4954 enim
558 4891 610 4956 hic
633 4913 697 4955 non
721 4891 865 4975 vulgaris
888 4894 1059 4974 protectus,
1082 4912 1133 4954 re·
1187 4892 1250 4956 trui
1273 4901 1438 4973 nequeunt
1459 4891 1532 4957 istis
1554 4891 1669 4955 salutis
1690 4889 1904 4967 adminiculis,
1928 4888 2014 4954 domi
2032 4891 2156 4956 resides

161 4976 314 5042 cumbere
337 4988 405 5041 toto
428 4978 536 5040 auimo
557 4978 592 5041 in
611 4976 729 5053 Deum,
753 4976 838 5060 quod
854 4977 926 5042 ficri
943 5000 1010 5044 non
1027 4985 1134 5061 potest
1185 4998 1328 5041 manere.
1380 4976 1480 5059 Atqui
1511 4997 1551 5040 nc
1584 4977 1618 5039 in
1646 4977 1713 5040 suis
1741 4975 1878 5040 lautitiis
1905 4975 1967 5040 sibi
1999 4975 2156 5058 placeant,

1186 5063 1375 5145 pronuntiat
1398 5062 1523 5142 David,
1553 5061 1669 5143 quibua
1692 5060 1782 5126 cordi
1810 5071 1861 5125 ost
1890 5062 2010 5144 pietas,
2041 5072 2073 5126 et
2102 5063 2157 5144 qui

250 5180 279 5245 a)
295 5182 322 5233 ,Β
338 5182 426 5235 nn„
444 5180 478 5232 do
496 5181 596 5250 pleurs,
613 5197 648 5234 ,π
664 5197 770 5249 mm„
789 5198 823 5235 on
841 5182 877 5234 dn
895 5183 1004 5234 murier.
1186 5149 1270 5213 serio
1292 5148 1401 5212 Deum
1424 5148 1544 5222 colunt,
1567 5167 1620 5210 eos
1643 5167 1779 5230 pergere
1802 5167 1867 5211 non
1886 5147 1981 5210 modo
2000 5168 2059 5229 por
2075 5147 2156 5212 mol·

232 5249 279 5317 **)
296 5251 330 5303 ds
347 5250 420 5304 force
439 5265 474 5302 en
490 5252 572 5318 toros,
590 5265 742 5318 mmarpe:
761 5268 795 5305 on
808 5251 841 5304 de
860 5259 958 5320 troops
977 5267 1010 5305 en
1028 5256 1132 5320 troops.
1184 5234 1249 5299 lem
1272 5250 1306 5298 ct
1328 5234 1446 5298 laetam
1470 5233 1566 5310 viem,
1587 5232 1646 5296 sub
1669 5232 1795 5310 umbra,
1817 5246 1852 5296 et
1872 5252 1930 5315 per
1952 5231 2158 5299 delectabiles
