4658 5856
199 360 261 426 313
995 362 1212 431 PSALMUS
1232 364 1385 432 XXXII.

200 549 342 618 Sensum
369 552 457 617 hunc
487 554 657 617 confirmat
685 572 769 634 quae
790 553 903 618 statim
925 551 1056 619 additur
1076 555 1168 619 ratio.
1507 556 1714 627 PSAIMUS
1732 555 1891 623 XXXII.

199 637 390 704 Mansuetos
420 637 508 702 enim
536 637 576 701 ad
607 638 716 703 Deum
745 638 920 704 amandum
944 637 1074 705 hotatur
1094 660 1169 724 pro·

200 723 310 822 pheta,
339 724 415 806 quie
437 741 568 822 veraeee
596 722 775 789 custodiet:
804 725 938 807 perinde
961 746 1038 810 ergo
1060 735 1110 791 eet
1131 746 1169 791 80
1221 742 1408 798 enecavit
1433 746 1518 814 probe
1542 753 1572 798 et
1594 745 1666 799 serio
1689 749 1817 813 expertus
1841 761 1922 812 quam
1939 744 2067 798 miserum
2084 745 2121 799 sit
2138 746 2188 800 Dei

201 831 228 875 s1
258 818 428 874 contentos
461 829 531 874 esse
560 810 685 875 ruberet
715 810 784 874 eius
814 810 987 892 praesidio.
1032 810 1167 876 Interim
1321 830 1431 866 manum
1457 815 1560 868 sentire
1588 815 1623 867 ob
1652 817 1764 883 peceato
1793 813 1928 878 infestam,
1964 814 2105 881 exclamat,
2136 814 2188 869 hoc

119 964 132 976 g
199 893 362 975 admonet,
395 904 503 960 rectae
535 894 753 960 conscientiae
786 895 983 960 studendum
1017 917 1097 977 esse,
1137 905 1170 961 et
1322 898 1456 935 ⁸¹¹¹¹¹¹¹¹¹²¹¹¹
1480 890 1510 936 ⁰³
1533 884 1641 937 unicum
1665 899 1724 935 ⁸⁸⁸⁰
1747 881 1843 934 ΝΜ
1867 882 1940 934 ’ΜΘ
1963 889 2052 951 caput,
2075 884 2098 935 Εἰ
2114 882 2187 936 Deus

135 975 154 994 χ’
198 981 423 1065 integritatem
464 979 641 1055 colendam,
683 980 762 1062 quia
793 980 886 1045 Deus
926 980 1090 1047 rectorum
1132 1003 1169 1047 ao
1322 950 2083 1089 ξᾝῖῗῐξδὲἐιξρωἑζῖξξῑέῗζῇἵᾞὲἳῑᾷζῗῖᾞῗὲᾗ
2097 951 2187 1073 ,m

202 1067 370 1133 veracium
392 1086 428 1130 se
449 1067 518 1130 fore
540 1065 705 1130 custodem
730 1067 900 1148 promittit.
945 1067 998 1132 Ex
1022 1069 1169 1151 opposito
1322 1086 1350 1140 in
1373 1086 1451 1140 unus
1474 1088 1613 1141 felicitatis
1630 1088 1787 1140 societatem
1810 1086 1919 1156 invitat,
1943 1089 2000 1140 eius
2024 1088 2187 1142 obtinendae

198 1153 408 1237 pronuntiat:
439 1149 598 1234 Superbia
620 1150 750 1216 abunde
777 1152 954 1234 rependere
975 1152 1168 1232 mercedem,
1321 1155 1430 1208 modum
1448 1172 1497 1209 suo
1515 1157 1639 1225 exemplo
1656 1155 1850 1224 praescribens

199 1258 250 1315 ne,
275 1239 330 1303 ubi
348 1238 499 1303 videmus
521 1236 588 1303 illis
606 1257 760 1320 prospere
781 1236 822 1301 ad
841 1247 969 1321 tempus
986 1238 1167 1315 succedere,

200 1344 304 1407 prava
332 1322 507 1389 aemulatio
538 1344 596 1388 nos
623 1322 784 1399 sollicitet,
816 1323 867 1387 vel
890 1332 979 1389 oerta
1000 1345 1059 1389 nos
1081 1324 1168 1389 fran-
1305 1324 1467 1392 Eradiens
1494 1325 1643 1392 Doridis.
1691 1327 1718 1391 1.
1741 1325 1837 1390 Beati
1857 1326 1968 1407 oseca
1989 1328 2123 1392 remissa
2144 1335 2189 1394 eat

199 1419 257 1494 gat
280 1419 313 1475 et
335 1409 501 1474 exanimet
522 1428 634 1472 eorum
657 1407 816 1487 ferocitas,
846 1409 923 1472 dum
954 1409 1085 1491 quidvis
1105 1410 1167 1474 sibi
1218 1410 1380 1494 iniquitas,
1416 1430 1547 1493 qaorum
1573 1417 1646 1476 tecta
1673 1417 1717 1477 est
1742 1413 1956 1493 eonspectae.
2007 1413 2038 1477 2.
2066 1412 2187 1480 Beatus

198 1496 296 1561 licere
337 1502 462 1578 putant.
520 1492 656 1559 Summa
690 1493 791 1576 igitur
824 1505 882 1577 est,
923 1497 1073 1577 quamvis
1106 1496 1166 1560 sibi
1218 1495 1306 1560 borno
1328 1499 1379 1562 cui
1400 1517 1463 1561 noa
1484 1498 1617 1578 impetat
1639 1496 1753 1562 Iobovc
1775 1497 1979 1577 iniquitatem,
2001 1499 2080 1562 etia
2095 1501 2186 1565 caius

198 1580 358 1664 plaudent
390 1579 491 1662 impii,
533 1579 610 1643 dum
644 1579 780 1661 impune
820 1579 854 1643 iu
888 1579 1064 1645 sceleribus
1098 1582 1166 1646 suis
1217 1583 1336 1661 spirito
1356 1602 1416 1646 nott
1439 1587 1484 1647 est
1504 1582 1601 1648 dolus.

199 1676 401 1751 grassantur,
434 1662 546 1729 fideles
579 1673 688 1729 autem
723 1665 757 1727 in
791 1665 902 1729 multis
936 1665 1106 1731 timoribus
1135 1677 1167 1730 st

198 1751 351 1836 periculis
384 1758 574 1815 versentur:
615 1770 674 1816 vos
706 1758 816 1814 tamen
849 1749 921 1815 Deo
954 1750 1101 1831 addicite,
1135 1760 1168 1815 st
1305 1750 1476 1836 Inscriptio
1505 1762 1635 1837 gustum
1666 1752 1804 1834 aliquem
1835 1755 2019 1837 argumenti
2041 1755 2183 1837 praebet.

198 1836 378 1903 recumbite
407 1836 443 1899 in
471 1835 541 1899 eius
570 1835 729 1919 gratiam:
768 1835 844 1916 quia
877 1856 1007 1902 veraces
1040 1858 1168 1920 semper
1220 1835 1361 1917 Quidam
1383 1848 1501 1920 putant
1519 1858 1637 1903 nomen
1665 1849 1796 1918 epm,
1818 1859 1858 1902 ex
1876 1859 1975 1904 versu
1993 1841 2012 1904 l
2031 1840 2184 1927 desump-

198 1921 360 1999 defendet,
390 1920 539 2003 superbis
566 1940 643 1985 vero
672 1940 768 2002 quam
833 1922 906 1985 criti
940 1932 1018 1986 sunt
1045 1944 1167 1988 meroe·
1220 1930 1289 1986 tum
1312 1943 1398 1987 esse:
1429 1923 1485 1987 sed
1514 1924 1632 1988 rectius
1661 1938 1718 2000 est,
1749 1946 1789 1987 ex
1819 1933 1887 1988 toto
1908 1934 2061 1990 contextu
2083 1925 2185 1993 fuisse

198 2008 273 2074 dem
290 2004 455 2090 rependet.
479 2006 518 2071 In
541 2004 782 2089 particula'qnt
798 1943 855 2104 gp
877 2028 943 2072 non
961 2008 1167 2073 consentiunt
1219 2007 1350 2072 Psalmo
1382 2009 1580 2090 impositum.
1635 2008 1744 2073 David
1779 2009 1865 2073 enim
1898 2021 1971 2091 post
2010 2011 2122 2095 longos
2153 2023 2186 2078 et

197 2093 404 2177 interpretes.
434 2090 629 2174 Superbiam
651 2090 783 2174 quidam
806 2102 946 2173 vertunt,
968 2092 1029 2157 hoc
1052 2114 1166 2159 sensu:
1218 2092 1391 2158 horribiles
1410 2096 1580 2170 cruciatus,
1600 2114 1702 2175 quum
1719 2092 1811 2159 Deus
1830 2096 2006 2177 propositis
2023 2097 2090 2162 irae
2108 2120 2185 2164 suae

198 2178 292 2244 Deus
332 2199 390 2261 pro
423 2176 577 2259 superbia
609 2175 768 2241 retribuet
806 2177 945 2260 superbe
982 2179 1166 2262 egentibus.
1218 2177 1321 2260 signis
1343 2199 1417 2243 eum
1436 2199 1548 2244 severe
1567 2187 1748 2261 torqueret:
1771 2182 1903 2244 tandem
1932 2181 2069 2264 gratiam
2089 2183 2184 2268 adep·

198 2265 265 2330 Alii
296 2271 474 2347 exponunt,
504 2259 545 2327 ad
567 2263 746 2340 cumulum,
768 2262 832 2339 vel,
861 2263 948 2327 ultra
969 2284 1166 2340 mensuram,
1219 2270 1281 2339 tus,
1305 2261 1534 2328 documentum
1566 2264 1627 2329 hoe
1660 2263 1699 2327 ad
1730 2285 1824 2328 suum
1855 2275 1887 2329 et
1909 2266 2010 2331 totius
2032 2267 2185 2334 ecclesiae

199 2349 277 2433 quia
304 2360 374 2428 *qm
403 2348 563 2413 Hebraeis
600 2347 768 2412 residuum
805 2348 978 2431 significat,
1012 2370 1070 2431 pro
1104 2371 1167 2431 quo
1218 2369 1313 2412 usum
1335 2348 1565 2427 accommodat,
1586 2357 1624 2413 ut
1646 2369 1680 2413 se
1703 2349 1846 2431 aliosque
1869 2350 2019 2415 erudiant
2037 2353 2071 2416 in
2089 2374 2185 2435 prae-

198 2435 366 2520 posuimus
393 2433 524 2498 mande.
574 2433 735 2498 Nonnulli
763 2433 963 2519 intelligunt,
993 2455 1096 2516 usque
1125 2437 1165 2499 ad
1218 2433 1311 2515 cipue
1341 2434 1455 2499 salutis
1484 2435 1600 2515 eapite.
1644 2433 1732 2514 Quia
1764 2435 1850 2498 enim
1881 2436 1952 2500 fieri
1983 2458 2048 2501 non
2076 2448 2185 2521 potest

199 2521 283 2588 filios
306 2529 339 2584 et
360 2530 506 2603 nepotes,
536 2519 589 2600 qui
621 2517 742 2583 residui
771 2519 950 2584 manabunt
971 2541 1013 2583 ex
1035 2520 1163 2584 illorum
1218 2521 1296 2601 quin
1318 2519 1630 2602 misere·trepident
1652 2520 1758 2584 cuncti
1781 2521 1941 2597 mortales,
1976 2523 2076 2587 donec
2097 2539 2185 2589 certo

198 2607 332 2674 semine.
376 2605 553 2670 Caeterum
583 2604 659 2686 quia
688 2602 799 2668 eadem
824 2624 888 2669 vox
910 2625 969 2688 pro
992 2605 1163 2671 Excellen·
1218 2604 1364 2686 persuasi
1386 2606 1462 2681 sint,
1485 2605 1593 2669 Deum
1617 2603 1679 2671 sibi
1702 2625 1774 2669 esse
1795 2606 1980 2687 propitium,
2011 2608 2073 2682 vel,
2097 2608 2184 2691 quod

200 2693 245 2757 tia
281 2690 410 2773 saepius
446 2689 613 2772 accipitur,
649 2709 712 2754 non
751 2688 861 2755 dubito
893 2691 974 2772 quin
1008 2691 1166 2775 propheta
1218 2689 1362 2754 deterius
1385 2699 1444 2768 est,
1472 2710 1507 2754 se
1535 2690 1625 2772 ipsos
1647 2697 1681 2753 et
1701 2691 1808 2754 Deum
1832 2690 1931 2768 obliti,
1959 2693 1993 2756 in
2017 2694 2183 2759 mortifero

199 2779 301 2844 fauete
324 2775 481 2857 superbos
503 2776 714 2857 perstringat,
736 2774 792 2857 qui
815 2797 908 2841 suam
930 2777 1164 2857 praestantiam
1217 2785 1350 2858 stupore
1372 2775 1514 2840 iaceant:
1545 2798 1610 2840 non
1633 2773 1708 2840 alibi
1730 2796 1825 2857 quam
1850 2776 1883 2839 in
1906 2779 2049 2859 gratuita
2070 2800 2183 2861 peona-

198 2861 346 2930 sibinen
367 2861 463 2926 modo
486 2861 601 2944 clypei,
630 2859 687 2925 sed
716 2860 859 2926 invictae
880 2861 1073 2927 munitionis
1095 2862 1164 2928 loco
1218 2871 1324 2925 torum
1348 2862 1453 2936 venia,
1475 2861 1572 2926 sitam
1594 2881 1665 2926 esse
1686 2859 1871 2926 felicitatem
1894 2862 2003 2928 docet:
2026 2866 2104 2947 quia
2125 2887 2184 2931 nec

198 2955 313 3014 contm
334 2946 445 3012 Deum
467 2967 538 3011 esse
559 2946 698 3030 fingunt.
731 2944 819 3025 Quia
841 2967 919 3031 ergo
938 2967 993 3011 eos
1013 2956 1166 3013 excaecat
1218 2947 1395 3029 quidquam
1425 2946 1575 3011 miserius
1602 2946 1647 3010 sit
1669 2966 1764 3028 quam
1797 2946 1903 3011 Deum
1927 2948 2046 3014 habere
2068 2953 2185 3016 adver·

174 3095 177 3101 .
198 3034 252 3101 vel
273 3034 415 3099 fascinat
437 3052 497 3097 sua
521 3041 675 3113 potestas,
698 3039 736 3096 ut
757 3033 1013 3114 intemperanter
1035 3054 1073 3098 ac
1094 3033 1165 3097 sine
1218 3051 1300 3109 sum,
1330 3053 1390 3096 nec
1419 3032 1513 3095 aliter
1540 3032 1632 3097 uobis
1661 3033 1819 3113 propitius
1848 3033 1901 3112 sit,
1930 3053 2028 3114 quam
2049 3034 2105 3100 ubi
2126 3056 2183 3119 pa-

197 3118 297 3185 modo
336 3117 471 3183 abiectis
510 3126 544 3179 et
582 3115 744 3181 debilibus
785 3116 959 3182 insultent:
998 3118 1165 3201 eleganter
1217 3125 1311 3181 terna
1334 3115 1538 3198 indulgentia
1559 3117 1699 3199 peccatis
1723 3117 1841 3181 nostrie
1863 3117 2012 3200 ignoscit.

196 3203 355 3288 propheta
383 3200 470 3277 dicit,
504 3222 562 3283 pro
591 3201 785 3266 excellentia
806 3223 871 3283 qua
902 3214 1044 3288 turgent,
1075 3225 1166 3285 repo·
1304 3202 1332 3264 1.
1366 3198 1476 3286 (Beati
1513 3201 1652 3287 quibas.)
1712 3202 1793 3266 'Pam
1833 3222 1874 3265 ex
1913 3202 2039 3268 ardenti
2077 3205 2183 3271 cordis

197 3291 292 3356 sitam
316 3288 382 3352 illis
405 3307 476 3352 esse
498 3286 690 3352 mercedem.
1217 3287 1344 3361 affectu,
1367 3306 1464 3368 quam
1488 3308 1528 3351 ex
1551 3288 1635 3351 seria
1657 3285 1866 3352 meditatione
1885 3290 2027 3372 erumpit
2045 3291 2079 3353 in
2099 3291 2183 3357 hano

283 3374 335 3439 24.
358 3372 511 3458 (Fortiter
537 3392 591 3436 occ
610 3368 731 3455 perite.)
773 3370 897 3435 Eodem
922 3372 1063 3453 partinet
1084 3371 1165 3436 haec
1216 3371 1495 3436 exclamationem.
1546 3372 1631 3436 Nam
1661 3392 1764 3455 quum
1794 3378 1881 3437 totus
1908 3371 1976 3437 fere
1999 3375 2183 3440 mundusa

196 3459 393 3535 exhortatio,
425 3458 506 3523 haec
529 3456 616 3522 enim
638 3458 822 3522 constantia
852 3456 890 3520 de
912 3478 975 3538 qua
998 3457 1164 3539 praecipit,
1214 3456 1279 3520 Dei
1302 3457 1419 3522 iudicio
1448 3478 1565 3522 sensus
1593 3477 1668 3523 suos
1697 3464 1858 3532 avertens,
1891 3458 2090 3524 mortiferam
2120 3459 2182 3525 sibi

196 3546 233 3610 in
254 3544 313 3610 illo
332 3545 395 3610 Dei
419 3563 528 3608 amore
549 3542 686 3607 fundata
704 3550 768 3606 est:
792 3540 846 3605 ubi
867 3551 933 3605 toto
953 3541 1049 3606 corde
1067 3563 1163 3625 quam
1214 3541 1411 3607 oblivionem
1446 3543 1586 3619 inducat,
1620 3543 1773 3626 falsisque
1806 3541 1928 3609 deliciis
1960 3565 1995 3609 se
2026 3546 2182 3611 inebriet:

196 3631 360 3715 promittit
388 3628 537 3706 salutem,
566 3628 718 3693 omuibus
747 3627 906 3692 illecebris
929 3628 1036 3691 valere
1058 3627 1163 3708 iussis,
1214 3628 1324 3692 David
1347 3628 1443 3693 sicuti
1463 3630 1532 3694 irae
1554 3628 1618 3694 Dei
1640 3639 1728 3694 metu
1753 3629 1859 3692 fuerat
1881 3629 2059 3712 perculsus,
2082 3640 2120 3694 ut
2141 3632 2182 3696 ad

197 3716 435 3800 amplectimur.
481 3714 593 3794 Neque
617 3725 725 3777 tamen
747 3732 950 3794 supervacua
968 3722 1017 3777 est
1039 3713 1164 3779 fortitu·
1215 3713 1432 3797 quaerendam
1457 3713 1712 3780 misericordiam
1735 3735 1770 3778 se
1792 3714 1961 3794 conferret,
1984 3715 2064 3780 alios
2083 3717 2180 3781 etiam

197 3801 282 3867 dinis
305 3810 339 3866 et
359 3799 561 3867 constantiae
583 3799 713 3873 mentio,
736 3799 811 3880 quia
829 3798 884 3863 ubi
905 3797 976 3881 quis
998 3799 1032 3861 in
1054 3798 1163 3864 Deum
1215 3799 1303 3866 clara
1325 3810 1356 3863 et
1378 3820 1494 3863 sonora
1516 3819 1595 3864 voce
1618 3800 1855 3882 expergefacit:
1877 3803 2104 3884 pronuntians,
2127 3822 2182 3866 eos
2231 3831 2234 3836 ·

195 3885 391 3962 recubuerit,
421 3882 461 3949 ad
484 3884 605 3949 multos
628 3883 770 3951 Semnus
796 3883 937 3965 impetus
959 3884 1164 3950 sustinendos
1215 3886 1345 3950 demum
1368 3884 1477 3949 beatos
1506 3905 1585 3960 esse,
1615 3883 1733 3966 quibus
1762 3883 1908 3966 placatus
1935 3892 1985 3949 eet
2016 3884 2116 3960 Deus,
2146 3899 2182 3952 ut

196 3993 231 4038 se
262 3978 431 4054 comparet
463 3978 561 4051 atque
594 3978 700 4034 armet
732 3989 863 4033 necesse
899 3976 958 4032 est.
1013 3969 1163 4034 Primum
1214 3991 1274 4054 pro
1296 3970 1372 4034 filiis
1405 3979 1568 4052 agnoscat,
1605 3969 1723 4051 quibus
1756 3969 1872 4034 merito
1902 3970 2053 4035 inimicus
2085 3983 2182 4039 esset.

197 4078 276 4142 ergo
305 4068 364 4135 est,
394 4066 432 4120 ut
460 4076 519 4120 nos
549 4053 673 4137 placide
701 4055 736 4119 in
759 4052 823 4118 Dei
852 4053 949 4118 fidem
972 4062 1005 4118 et
1026 4055 1164 4120 tutelam
1215 4055 1359 4122 'l'ametsi
1378 4066 1485 4118 autem
1505 4054 1584 4120 alios
1602 4053 1784 4137 hypocrisis
1801 4061 1834 4119 et
1851 4055 2003 4137 superbia
2020 4071 2180 4136 excaecet,

197 4143 374 4221 nudamus,
414 4160 452 4205 ac
484 4140 613 4204 bonitas
651 4140 720 4205 eius
753 4148 869 4224 gustus
902 4160 1017 4204 sensus
1050 4160 1163 4206 omnes
1215 4142 1295 4206 alios
1327 4158 1454 4205 crassus
1496 4138 1560 4205 Dei
1594 4148 1809 4222 contemptus,
1853 4151 1890 4202 ut
1925 4141 1965 4204 de
1996 4144 2181 4223 quaerenda

197 4239 326 4294 nostres
357 4227 506 4291 retineat.
561 4223 689 4289 Deinde
722 4236 757 4289 ut
790 4226 885 4289 firma
916 4227 1100 4290 eonstantia
1131 4237 1164 4290 et
1215 4227 1311 4291 venia
1332 4225 1466 4290 minime
1495 4225 1624 4291 solliciti
1654 4226 1737 4292 sint:
1769 4225 1915 4290 fatentur
1937 4237 2046 4291 tamen
2069 4249 2181 4295 omnes

197 4311 394 4396 infatigabili
416 4311 538 4377 virtute
560 4311 721 4387 instructi,
744 4309 881 4374 subinde
902 4308 943 4374 ad
962 4331 1047 4375 nova
1069 4332 1163 4394 proe-
1215 4313 1311 4378 venia
1333 4311 1393 4375 sibi
1416 4332 1496 4393 opus
1518 4331 1606 4377 esse:
1641 4331 1700 4375 nec
1722 4330 1799 4375 sans
1821 4312 1992 4394 qnisquam
2013 4324 2063 4378 est
2085 4335 2180 4395 quem

196 4399 242 4464 lia
263 4407 387 4463 stemus
417 4397 560 4463 accincti.
604 4394 691 4475 Quia
712 4405 820 4460 tamen
849 4416 945 4460 nemo
967 4408 1083 4478 sponte
1105 4417 1164 4461 sua
1215 4418 1279 4462 non
1310 4396 1350 4460 ad
1380 4397 1442 4460 Dei
1472 4397 1615 4461 tribunal
1646 4406 1775 4462 accuset
1808 4398 1941 4480 propria
1973 4400 2181 4483 conscientia,

198 4483 239 4550 ad
269 4482 484 4568 pugnandum
514 4482 685 4560 sufficeret,
716 4480 827 4546 David
855 4481 1005 4562 spiritum
1036 4482 1163 4547 fortitu·
1215 4482 1391 4564 multisque
1414 4482 1554 4547 stimulis
1587 4491 1721 4566 pungat.
1767 4482 1863 4546 Hanc
1884 4482 1985 4566 igitur
2007 4484 2180 4548 confessio·

197 4568 284 4635 diuis
316 4588 449 4652 sperare
484 4587 503 4630 a
536 4566 608 4630 Deo
640 4574 673 4630 et
705 4574 816 4648 petere
849 4587 908 4631 nos
940 4564 1038 4643 iubet,
1079 4566 1162 4650 quod
1214 4590 1289 4634 nem
1327 4566 1473 4650 profanis
1511 4588 1638 4651 quoque
1678 4566 1864 4632 hominibus
1902 4577 2071 4649 extorquet
2110 4569 2180 4650 ipsa

197 4663 314 4720 notatu
337 4653 482 4737 apprime
504 4651 638 4734 dignum
661 4660 719 4715 est.
764 4651 849 4715 Nam
871 4651 947 4716 hinc
969 4651 1162 4736 colligimus,
1215 4663 1349 4718 natura:
1377 4651 1464 4732 Quia
1485 4674 1582 4717 nemo
1603 4653 1763 4736 perfectus
1786 4662 1844 4732 est,
1874 4655 2088 4718 necessariam
2111 4674 2178 4718 om·

196 4741 252 4807 ubi
274 4761 333 4805 nos
355 4739 455 4804 officii
477 4738 632 4801 admonet
653 4736 785 4819 spiritus
804 4736 876 4817 Dei,
897 4757 961 4801 non
982 4737 1163 4821 expendere
1215 4738 1311 4805 nibus
1333 4758 1404 4803 esse
1424 4740 1572 4803 veniam:
1596 4758 1633 4803 ac
1651 4746 1719 4802 tum
1740 4736 1871 4802 demum
1889 4739 2052 4819 praeclare
2070 4738 2179 4805 nobis·

196 4825 304 4908 qualis
337 4825 380 4890 sit
411 4824 566 4905 cuiusque
599 4823 745 4900 facultas,
785 4842 844 4888 noe
879 4823 1021 4888 officium
1054 4825 1163 4906 ipsum
1214 4846 1288 4892 oum
1311 4824 1375 4907 agi,
1394 4843 1494 4906 quum
1517 4832 1647 4906 peccata
1668 4824 1759 4888 Deus
1782 4823 1926 4886 remittit.
1972 4821 2037 4886 Sed
2055 4825 2178 4888 interea

195 4911 329 4994 propria
361 4909 530 4974 hominum
564 4909 687 4974 virtute
720 4907 845 4971 metiri:
886 4907 942 4973 sed
983 4909 1089 4991 potius
1122 4906 1163 4972 ad
1214 4910 1326 4975 multis
1348 4907 1520 4992 caliginem
1545 4909 1675 4974 obducit
1697 4909 1886 4991 hypocrisis,
1912 4907 2031 4971 multos
2054 4908 2177 4973 demul-

195 5017 309 5080 preaes
338 5016 396 5060 nos
425 4993 610 5072 accendere,
639 5002 677 5057 ut
706 4993 865 5058 defectum
895 5002 1043 5059 nostrum
1067 4994 1162 5070 solus,
1214 5005 1266 5061 oet
1286 5014 1442 5078 perversa
1470 4995 1575 5060 carnis
1603 4995 1767 5066 securitas,
1797 5004 1832 5056 ut
1861 4992 1951 5055 nullo
1980 5002 2038 5057 aut
2058 4992 2181 5078 frigido.

196 5082 252 5164 qui
275 5091 391 5165 potest,
412 5079 503 5145 Deus
527 5081 678 5164 corrigat.
1213 5084 1281 5147 irae
1304 5079 1367 5145 Dei
1389 5099 1486 5144 sensu
1506 5089 1690 5162 tangantur.
1735 5078 1781 5140 Et
1798 5074 1919 5141 accedit
1937 5076 2059 5161 duplex
2078 5100 2177 5162 error,
2237 5078 2240 5085 ’

1214 5165 1301 5249 quod
1324 5175 1453 5247 peccata
1481 5185 1540 5228 sua
1562 5183 1676 5230 omnes
1698 5171 1886 5242 extenuant,
1916 5184 1977 5228 nec
2003 5167 2178 5232 centesima

1214 5274 1255 5318 ex
1279 5259 1372 5334 parte
1394 5256 1548 5331 reputant
1569 5269 1666 5331 quam
1689 5249 1754 5312 siut
1775 5247 1845 5312 Deo
1867 5247 2007 5315 obnoxii.
2050 5252 2180 5316 Deinde
