4672 5864
105 308 170 373 529

106 518 166 562 sue
184 496 377 572 substantie,
400 494 451 560 vel
472 494 506 559 in
525 514 583 559 suo
600 514 670 559 esse
687 497 737 577 (ut
758 491 949 577 loquuntur)
968 490 1077 558 Deum

107 582 261 648 fraudare
283 583 368 647 iusto
392 581 525 645 honore.

197 752 248 816 10.
271 752 341 836 Epo
359 757 461 817 111011
478 753 559 818 sicud
575 751 660 817 oliva
674 749 824 832 frondoso
842 751 876 814 ia
892 751 981 816 110110
1000 748 1080 815 Dei:

107 840 235 920 speravi
252 839 289 902 itt
306 837 436 903 10111010
447 836 510 902 Dei
531 838 564 901 in
583 838 741 902 1011111011
760 841 788 899 01
804 855 911 917 eaput.
950 837 1000 900 11.
1024 835 1080 901 (lc-

111 923 232 990 lebrobo
253 928 282 988 te
299 924 520 998 1001101011,
543 924 618 1004 quic
639 921 756 1003 foeisti:
776 921 953 1004 1110001110
970 941 1082 987 comest

109 1017 205 1090 taum,
226 1010 303 1091 puio
320 1010 433 1074 bouum
454 1014 621 1074 artemam
642 1008 815 1075 mansuetis
836 1008 909 1074 tuis.

199 1180 248 1244 10.
273 1177 357 1264 (Epo
379 1179 505 1265 aetem.)
541 1180 719 1262 Postquam
740 1176 849 1242 David
868 1177 944 1244 fidei
961 1187 994 1243 et
1011 1179 1080 1260 spei

110 1265 171 1329 elis
211 1267 246 1330 11
286 1264 424 1330 sublime
460 1277 609 1343 evectus,
648 1262 852 1347 splendorem
893 1264 1080 1347 opulentiae

110 1350 213 1434 Doeg,
236 1372 303 1434 quo
325 1350 504 1415 seeundum
522 1353 631 1417 cernis
649 1370 782 1416 sensnm
801 1349 917 1415 fuisset
934 1349 1081 1429 obrutus,

111 1437 255 1502 animose
277 1435 445 1519 despexit:
479 1437 628 1519 exsurgit
649 1436 747 1501 etiam
777 1436 846 1516 ipso
868 1458 909 1501 ex
932 1437 1001 1501 suis
1021 1437 1081 1501 mi·

110 1524 214 1588 seriis.
270 1521 315 1587 Et
347 1541 542 1605 quamquam
575 1524 681 1586 instar
712 1520 838 1586 inutilis
878 1542 915 1588 ae
957 1520 1081 1605 putridi

110 1609 218 1673 trunci
247 1607 428 1692 prociectus
458 1609 558 1688 iacet,
595 1618 728 1691 propter
756 1627 847 1688 spem
873 1608 1003 1672 1111110
1029 1608 1081 1671 11-

111 1693 332 1772 staurationis,
353 1693 459 1758 olivae
480 1715 515 1758 ee
537 1704 714 1776 comparet.
751 1691 795 1757 Et
817 1706 904 1759 certe
925 1692 1017 1758 nulle
1038 1714 1081 1757 ex

110 1780 248 1844 interitu
265 1777 361 1863 Doeg
378 1776 556 1844 consolatio
575 1778 682 1843 redire
700 1788 828 1861 poterat
845 1778 886 1842 ad
904 1778 1080 1855 Davidem,

111 1866 175 1930 nisi
208 1884 382 1948 persuasus
413 1865 544 1947 fuisset,
585 1879 749 1947 sumptam
782 1864 883 1929 fuisse
923 1864 1081 1929 divinitus

113 1948 294 2016 vindictam
328 1949 368 2014 de
400 1948 541 2015 hominis
573 1949 764 2016 crudelitate
796 1968 895 2031 quam
924 1949 1081 2017 adversus

112 2036 264 2101 innoxios
296 2047 499 2101 exercuerat.
543 2035 632 2117 Ergo
666 2034 775 2101 Deum
808 2035 968 2102 malorum
999 2055 1081 2119 01110

112 2121 248 2205 indigne
284 2140 459 2203 perpessus
495 2122 617 2199 iuerat,
651 2119 791 2186 ultorem
822 2142 893 2186 esse
923 2135 1081 2205 reputans

114 2208 232 2287 David,
253 2205 340 2289 quod
363 2206 523 2290 reliquum
545 2220 596 2273 est
616 2207 678 2273 sibi
697 2206 867 2290 promittit,
891 2218 930 2274 ut
947 2206 1081 2274 collecto

113 2314 199 2359 novo
221 2294 332 2376 vigore
361 2292 480 2357 iterum
509 2294 640 2358 floreat:
674 2293 771 2357 simul
803 2302 911 2358 tamen
942 2293 1083 2359 ostendit

115 2381 177 2445 hoc
200 2379 347 2462 prosperi
370 2390 475 2443 status
496 2399 661 2443 summum
681 2378 741 2444 sibi
764 2378 834 2443 fore
856 2390 974 2462 capnt,
995 2379 1083 2444 inter

113 2465 178 2529 Dei
199 2463 343 2529 cultores
363 2464 489 2528 censeri
510 2475 544 2529 ot
566 2465 671 2530 locum
695 2474 816 2544 111010,
839 2477 876 2529 ut
896 2486 932 2530 se
954 2466 990 2529 in
1009 2473 1083 2547 pro·

115 2550 255 2616 sessione
276 2549 407 2631 pietatis
429 2559 597 2614 exerceat:
623 2550 707 2616 sicut
728 2550 805 2616 ahbi
828 2549 974 2618 vidimus
996 2571 1085 2616 acer·

115 2635 188 2700 hius
221 2636 251 2700 ei
284 2635 385 2700 fuisse
417 2635 569 2700 exsulare
602 2657 622 2701 a
655 2636 718 2700 Dei
751 2637 956 2720 sanctuario,
987 2657 1085 2720 quam

116 2741 227 2800 uxore,
249 2732 283 2786 et
305 2719 397 2786 bonis
420 2721 573 2786 omnibus
596 2723 761 2804 privatum
781 2741 892 2787 errare
920 2744 979 2807 per
1000 2724 1084 2788 fere·

115 2828 188 2873 rum
211 2805 395 2890 speluncas.
429 2804 526 2885 Quod
549 2808 681 2874 tacitam
704 2827 859 2890 personae
883 2809 976 2893 Doeg
998 2808 1085 2873 anti·

116 2893 224 2958 thesin
256 2890 388 2975 quidam
420 2892 552 2958 subesse
584 2894 714 2969 volunt,
748 2895 825 2976 quia
854 2892 961 2959 fallaci
991 2914 1085 2976 prae·

117 2989 219 3062 textu,
239 2988 393 3060 tanquam
411 2975 545 3043 sedulus
563 2978 627 3044 Dei
645 2979 760 3061 cultor,
779 2979 968 3063 speculandi
987 3000 1086 3044 cause

117 3065 156 3128 ad
183 3062 429 3129 tabernaculum
459 3066 643 3143 accesserit,
677 3085 719 3128 ex
748 3070 871 3130 remota
899 3065 1087 3130 coniectura

944 304 1161 374 PSALMUS
1184 304 1260 370 LII.

2033 294 2097 368 530

1130 492 1206 575 quia
1234 492 1267 556 in
1297 491 1360 556 Dei
1387 491 1531 557 bonitate
1561 493 1628 557 fixe
1659 512 1723 556 101
1754 501 1840 557 eret:
1879 492 1990 574 itaque
2017 489 2096 555 dum
2165 514 2182 525 ⁶

1130 577 1178 642 illi
1200 590 1362 656 esesdune,
1391 596 1524 643 succum
1547 591 1580 642 et
1603 581 1746 660 vigorem
1769 576 1832 642 sibi
1852 597 2020 660 nunquam
2043 575 2096 641 de·

1131 664 1198 728 lore
1237 664 1314 746 quia
1354 683 1444 746 spem
1479 683 1572 728 suam
1610 664 1643 728 11
1676 662 1747 728 1)00
1785 664 1937 746 reposuit.
1992 661 2097 727 Porro

1132 750 1208 834 quia
1230 751 1325 832 longo
1348 748 1515 837 malorum,
1532 758 1637 814 tractu
1658 749 1772 815 confici
1796 748 1911 831 potnit,
1933 748 1995 813 nisi
2014 746 2097 813 fidu·

1131 836 1199 902 0110
1211 855 1290 901 suec
1307 833 1525 901 constentiam
1545 834 1577 898 11
1599 835 1732 920 longum
1750 845 1880 918 tempus
1898 832 2097 917 produceret,

1132 919 1254 986 diserte
1274 919 1430 1004 exprimit
1452 939 1486 984 10
1508 939 1574 984 101
1603 921 1850 1004 praescripsisse
1870 919 1943 985 Deo
1972 928 2097 985 certum

1132 1005 1263 1090 aliquod
1296 1016 1439 1089 tempus,
1472 1004 1528 1070 sed
1562 1006 1787 1071 aeternitatem
1821 1027 1878 1089 spe
1910 1025 1971 1071 sna
1998 1005 2098 1071 luisse

1132 1092 1347 1175 complexum.
1382 1091 1496 1173 Neque
1518 1093 1623 1156 enims
1641 1111 1755 1176 perere
1769 1092 1805 1157 in
1819 1091 1979 1157 1101111011
1992 1091 2098 1173 potuit

1132 1178 1213 1260 quin
1236 1176 1308 1244 Deo
1329 1176 1533 1261 permitteret
1554 1177 1689 1243 liberam
1711 1177 1828 1243 mortis
1849 1190 1883 1242 et
1912 1178 1998 1241 vitae
2021 1196 2098 1242 suae

1132 1273 1336 1346 potestatem.
1381 1262 1444 1330 Ubi
1477 1263 1693 1346 perspicimus
1726 1262 1804 1346 qaid
1838 1261 2001 1346 legitimos
2033 1261 2101 1328 Dei

1131 1349 1217 1415 filios
1239 1347 1404 1415 discernat
1426 1346 1466 1414 ab
1490 1347 1678 1433 hypocritis,
1699 1369 1776 1413 1111
1797 1369 1897 1431 quum
1916 1348 2045 1431 utrique
2062 1349 2098 1413 in

1132 1434 1267 1501 ecclesia
1288 1435 1385 1500 simul
1406 1434 1558 1517 permixti
1581 1436 1661 1514 sint,
1681 1434 1778 1501 sicuti
1799 1435 1834 1499 in
1857 1454 1931 1498 eree
1953 1434 2099 1499 triticum

1132 1521 1244 1604 paleae
1266 1521 1409 1586 mixtum
1426 1529 1492 1586 est:
1515 1520 1596 1586 alios
1618 1530 1726 1586 temen
1749 1540 1824 1605 spes
1845 1541 1905 1585 sue
1927 1520 1961 1583 in
1984 1539 2097 1602 perpe·

1132 1617 1191 1671 tna
1223 1607 1363 1673 statione
1395 1607 1581 1686 confirmet,
1623 1607 1702 1672 alios
1734 1626 1795 1671 sua
1831 1607 1960 1671 vanitas
1992 1606 2098 1670 instar

1132 1692 1245 1775 paleae
1267 1690 1410 1758 discutit

1218 1777 1269 1841 11.
1291 1775 1468 1863 (Celebrate
1484 1778 1534 1858 te.)
1569 1777 1739 1844 Psalmnm
1760 1777 1924 1847 condedit
1945 1777 2007 1842 hac
2024 1796 2098 1860 gra·

1133 1865 1254 1928 tiaram
1277 1864 1413 1943 actione,
1435 1883 1499 1946 qua
1520 1866 1742 1930 1001111110
1764 1867 1943 1932 011111110
1965 1861 2098 1947 defungi

1135 1948 1223 2028 dicit,
1253 1950 1330 2032 quie
1359 1957 1515 2032 agnoscat
1545 1948 1607 2015 hoc
1629 1969 1700 2016 esse
1721 1951 1786 2016 Dei
1808 1971 1900 2034 opus,
1931 1950 2017 2033 quod
2047 1950 2103 2016 ob·

1134 2045 1266 2100 screatu
1288 2033 1423 2117 dignum
1443 2044 1509 2100 est:
1532 2035 1618 2117 quia,
1641 2046 1680 2100 ut
1698 2037 1833 2121 maligni
1850 2049 1928 2101 sunt
1946 2035 2104 2115 homines,

1134 2120 1284 2202 quamvis
1313 2141 1369 2184 ore
1398 2120 1630 2205 gratitudinem
1666 2121 1807 2205 aliquam
1839 2136 2015 2200 testentur,
2047 2123 2105 2188 vix

1135 2215 1245 2270 tamen
1274 2205 1471 2272 centesimus
1500 2207 1636 2289 quisque
1663 2208 1747 2273 serio
1775 2208 1839 2275 Dei
1870 2208 2026 2274 beneficia
2054 2231 2104 2275 re·

1135 2302 1229 2374 putet
1256 2303 1288 2354 01
1308 2291 1475 2374 expendit,
1505 2300 1543 2356 ut
1564 2293 1685 2357 sentiat
1706 2294 1814 2376 ipsum
1834 2316 1906 2359 esse
1928 2305 2103 2361 auctorem.

1136 2376 1261 2444 Statuit
1293 2398 1371 2460 ergo
1397 2375 1516 2456 David,
1549 2377 1634 2461 quod
1668 2379 1797 2462 elapsus
1830 2381 1929 2445 fucrit
1958 2402 1976 2444 e
2004 2401 2106 2457 manu

1135 2462 1237 2545 Doeg,
1270 2463 1355 2545 quod
1383 2463 1483 2529 etiem
1509 2484 1575 2528 1011
1604 2464 1727 2530 centies
1750 2464 1867 2532 deinde
1894 2466 2037 2548 perierit,
2071 2465 2105 2530 id

1136 2549 1207 2614 lieri
1230 2568 1297 2613 non
1318 2550 1472 2631 potuisse,
1496 2550 1559 2614 nisi
1582 2561 1748 2632 protectus
1770 2564 1857 2616 esset
1876 2550 1939 2616 Dei
1963 2550 2104 2616 auxilio:

1137 2654 1197 2700 nee
1217 2655 1253 2700 se
1274 2654 1340 2699 uno
1364 2644 1492 2699 tanturn
1515 2633 1568 2700 dis
1590 2645 1722 2720 gratnm
1752 2638 1821 2701 iore
1849 2637 2018 2719 promittit,
2048 2635 2106 2701 sed

1137 2731 1294 2805 perpetuo
1317 2721 1369 2785 vel
1393 2729 1460 2785 tote
1482 2722 1561 2786 vite.
1597 2722 1642 2786 Et
1659 2734 1746 2788 certe
1768 2743 1871 2806 quum
1892 2724 1927 2788 in
1946 2723 2018 2788 aliis
2039 2743 2106 2787 om·

1138 2806 1234 2872 nibus
1262 2805 1392 2888 pietatis
1421 2806 1535 2873 officiis
1557 2806 1621 2872 Dei
1651 2807 1736 2874 filios
1759 2807 1799 2873 ed
1828 2809 2107 2892 perseverantiam

1138 2893 1218 2957 11111
1245 2893 1429 2969 conveniat,
1462 2891 1524 2957 hae
1545 2891 1580 2956 11
1602 2903 1696 2975 parte
1722 2894 1866 2959 maxime
1895 2914 1951 2960 eos
1973 2895 2034 2960 sibi
2055 2894 2106 2959 11-

1138 2995 1225 3044 11110
1247 2997 1377 3042 1000110
1399 2988 1465 3041 est:
1495 2977 1571 3060 quia
1593 2979 1742 3044 01110110
1767 2980 1895 3062 obrepit
1915 2979 2044 3056 oblivio,
2072 2991 2107 3045 et

1139 3064 1242 3128 maior
1271 3083 1346 3145 pers
1372 3064 1481 3141 111111,
1512 3061 1590 3126 dum
1617 3084 1653 3129 se
1675 3064 1861 3129 defunctam
1892 3074 1985 3148 putet
2006 3063 2107 3130 tridui

117 3151 255 3233 petitum
277 3164 337 3213 111.
372 3147 488 3214 Potius
510 3159 576 3214 tam
600 3150 663 3233 ipsi
686 3148 780 3233 Doeg
801 3170 898 3233 quam
921 3150 995 3214 aliis
1017 3151 1087 3216 suis
1138 3147 1299 3227 leudibus,
1329 3148 1438 3212 stetim
1460 3148 1577 3231 sepelit
1598 3147 1683 3231 quod
1704 3159 1839 3215 aeterna
1867 3151 2025 3215 memoria
2053 3171 2106 3216 co·

55 3286 63 3295 .
118 3234 265 3302 hostibus
283 3255 318 3299 sc
335 3235 468 3318 opponit
486 3232 605 3312 David,
627 3234 711 3318 quod
732 3235 807 3300 licet
825 3256 911 3301 nunc
931 3236 1087 3319 profugus
1138 3233 1270 3299 lendum
1289 3245 1368 3298 1111
1404 3233 1577 3299 Postremo
1595 3255 1687 3318 spem
1705 3255 1797 3301 suam
1814 3256 1889 3302 cum
1907 3236 2107 3319 gratitudine

118 3343 137 3384 a
169 3333 257 3386 terra
290 3330 405 3386 111011
445 3320 643 3385 tabernaculi
677 3331 853 3402 conspectu
886 3333 1011 3385 cercet:
1053 3342 1088 3387 se
1139 3321 1344 3386 coniunctam
1373 3319 1442 3384 fore
1472 3320 1559 3395 dicit,
1590 3342 1663 3385 1111
1694 3325 1869 3403 caeptam
1897 3341 2006 3387 100111
2034 3322 2108 3401 Dei,

120 3421 228 3472 temen
251 3406 492 3471 restitutionem
515 3427 657 3488 sperare,
680 3405 735 3470 ubi
756 3406 860 3471 evulsi
883 3405 1007 3471 1101111
1028 3407 1087 3491 hy·
1140 3403 1221 3469 nihil
1250 3404 1337 3469 aliud
1368 3414 1427 3484 est,
1456 3426 1552 3489 quam
1582 3407 1743 3488 patienter
1770 3407 1939 3473 attendere
1969 3407 2010 3473 ad
2037 3408 2108 3474 eins

119 3494 278 3575 pocritae,
311 3493 453 3575 quinon
476 3492 571 3556 modo
593 3492 698 3558 locum
729 3492 796 3556 illic
825 3503 1002 3575 occupant,
1031 3491 1088 3557 sed
1140 3491 1290 3575 gratiam,
1320 3491 1470 3574 quamvis
1498 3493 1541 3558 111
1566 3493 1765 3572 abscondita,
1795 3503 1829 3558 et
1851 3493 1891 3559 eb
1913 3494 1984 3558 cius
2006 3494 2108 3559 verbo

121 3577 242 3660 templo
271 3577 332 3642 soli
360 3579 550 3660 potiuntur,
584 3578 669 3660 quod
697 3586 807 3642 tamen
844 3577 1019 3658 inquinant
1056 3587 1090 3643 et
1141 3577 1291 3661 pendere,
1314 3578 1462 3660 quamvis
1484 3578 1619 3643 effectus
1636 3578 1671 3644 in
1694 3579 1828 3662 longum
1852 3590 1979 3662 tempus
2001 3592 2108 3645 extra·

120 3664 270 3747 polluunt
293 3663 361 3728 suis
384 3663 561 3730 sordibus(
587 3664 653 3730 Hic
676 3684 754 3746 argo
776 3663 932 3729 memoria
961 3672 1089 3748 repeta-
1142 3662 1250 3728 hatur.
1286 3663 1330 3728 tte
1351 3683 1414 3746 quo
1435 3663 1569 3729 meliore
1590 3664 1699 3729 animo
1720 3664 1753 3729 id
1773 3664 1880 3748 111111,
1902 3686 1992 3747 spem
2014 3685 2108 3731 suam
2196 3678 2201 3687 '

120 3770 193 3815 mus
221 3746 308 3831 quod
338 3748 415 3815 alibi
444 3749 565 3814 dictum
595 3751 674 3829 fuit,
712 3749 801 3813 huno
829 3747 961 3815 vivendi
990 3751 1088 3814 linem
1142 3748 1330 3832 uegetiore
1352 3748 1489 3827 irritam,
1518 3750 1596 3830 qaia
1616 3749 1726 3815 bonum
1748 3751 1792 3815 sit
1814 3750 1877 3815 Dei
1907 3771 2024 3815 nomen
2055 3773 2108 3818 co·

120 3854 251 3918 semper
273 3835 367 3899 nobis
397 3856 468 3900 esse
501 3835 726 3917 spectandum,
760 3846 797 3898 nt
831 3843 1023 3918 reputemur
1054 3836 1089 3898 in
1142 3854 1211 3898 ram
1233 3833 1394 3899 fidelibus.
1439 3833 1583 3914 Quidam
1606 3836 1800 3901 neutraliter
1821 3836 1994 3918 accipiunt,
2022 3838 2108 3922 quod

121 3941 220 4006 grege
241 3918 323 3985 Dei:
357 3930 391 3984 et
412 3922 488 4004 quie
509 3922 683 3986 infirmitas
712 3931 824 3986 nostra
856 3921 1003 3985 externis
1032 3921 1088 3984 ed-
1142 3918 1263 3985 bonum
1285 3920 1328 3984 sit
1350 3940 1491 4002 sperare,
1519 3920 1614 3985 sicuti
1639 3920 1910 3998 postmontes
1940 3924 1997 3989 sed
2026 3926 2109 3991 alter

121 4005 287 4072 miniculis
304 4004 438 4089 indiget,
458 4006 635 4090 singularis
654 4007 800 4073 beneficii
819 4005 888 4071 loco
906 4004 1088 4070 ducendum
1141 4025 1265 4087 sensus,
1287 4026 1360 4070 meo
1382 4005 1510 4087 iudicio,
1533 4004 1710 4090 simplicior
1729 4019 1789 4087 est,
1810 4006 1896 4091 qnod
1917 4006 2010 4076 Deus
2031 4010 2108 4076 fide·

120 4112 211 4171 esse,
241 4090 318 4156 dum
341 4112 451 4157 sacros
473 4102 670 4172 conventus,
697 4092 755 4157 ubi
783 4092 895 4158 fideles
924 4092 979 4155 alii
1010 4091 1089 4157 elios
1141 4090 1188 4155 las
1210 4110 1288 4155 suos
1310 4111 1479 4174 nunquam
1494 4093 1683 4175 frustretur,
1709 4093 1790 4175 quin
1813 4114 1905 4159 suam
1927 4093 2108 4162 bonitatem

122 4176 162 4243 ad
191 4176 300 4242 Deum
328 4176 500 4242 colendum
529 4191 563 4243 et
590 4177 809 4245 invocandum
839 4179 991 4255 incitent,
1025 4178 1088 4242 fre·
1141 4174 1208 4241 illis
1229 4176 1437 4258 conspicuam
1460 4177 1623 4243 exhibeat
1657 4177 1817 4258 Quamvis
1836 4200 1914 4264 ergo
1932 4181 2108 4248 incredulis

121 4272 281 4347 quentare
303 4262 388 4328 licet.
432 4262 527 4329 Adde
549 4265 635 4347 quod
656 4265 765 4346 Deus,
795 4263 892 4329 sicuti
920 4284 1005 4327 unus
1029 4272 1089 4344 est,
1141 4261 1289 4326 odiosum
1311 4262 1355 4327 sit
1376 4263 1440 4327 Dei
1461 4283 1590 4339 nomen,
1618 4262 1763 4346 adeoque
1790 4278 1947 4332 terrorem
1969 4269 2109 4334 incutiat

122 4352 169 4413 ite
192 4360 229 4413 ut
250 4369 352 4414 unum
375 4350 409 4413 in
432 4369 467 4414 se
489 4351 602 4429 simus,
624 4350 851 4417 communibus
877 4349 1090 4415 sacramentis
1142 4346 1268 4430 quoties
1296 4348 1425 4413 insonet
1447 4368 1559 4413 eorum
1583 4348 1726 4427 auribus,
1755 4351 1831 4434 0111
1853 4368 2003 4435 expertes
2032 4363 2109 4418 11111

122 4437 155 4499 11
185 4454 278 4518 spem
313 4435 423 4500 beatae
456 4436 659 4502 aeternitatis
690 4457 748 4502 noa
780 4435 922 4518 colligit,
964 4455 1090 4518 unoque
1142 4434 1211 4499 eius
1233 4433 1398 4512 bonitatis,
1428 4432 1507 4500 dioit
1528 4433 1637 4499 David
1662 4435 1774 4501 fideles
1796 4457 1925 4520 semper
1946 4440 2110 4505 continuis

122 4522 270 4585 omnium
303 4542 359 4586 ore
390 4541 509 4586 nomen
542 4543 635 4586 1111111
669 4522 740 4587 vult
778 4521 944 4587 celebrari.
999 4521 1089 4604 Ergo
1142 4519 1374 4601 experimentis
1402 4520 1544 4586 sensisse
1569 4541 1665 4603 quam
1688 4541 1788 4586 suave
1808 4531 1841 4586 et
1861 4523 2037 4589 iucundum
2066 4525 2110 4590 sit

123 4606 262 4672 Desidia
286 4607 447 4689 exemplo,
470 4607 606 4672 fallaciis
627 4609 778 4674 omnibus
800 4607 964 4692 praeferre
986 4604 1089 4673 disca·
1143 4601 1208 4669 Dei
1241 4626 1368 4671 nomen.
1420 4605 1605 4671 Mercurios
1636 4616 1747 4671 eutem
1778 4609 1887 4673 vocari
1917 4608 1982 4673 Dei
2015 4609 2109 4688 filios,

123 4713 197 4759 mus
220 4693 325 4759 locum
348 4693 383 4757 in
404 4691 468 4759 Dei
492 4694 633 4760 ecclesia.
678 4693 821 4759 Additur
843 4693 926 4757 ratio
955 4711 1013 4756 cur
1042 4691 1090 4756 fn·
1143 4692 1220 4773 quie
1250 4690 1455 4757 humanitate
1483 4704 1516 4757 et
1542 4690 1755 4758 1011110111
1782 4691 1954 4758 coelestem
1977 4695 2109 4762 Patrem

123 4792 219 4844 turus
231 4778 401 4845 sitsimilis
416 4779 504 4845 oleae
522 4778 700 4860 frondosas,
722 4781 797 4863 quia
814 4779 937 4846 scilicet
952 4777 1090 4858 speravit
1143 4777 1265 4841 referre
1287 4776 1435 4855 debeant,
1460 4777 1602 4844 diximus
1624 4777 1756 4842 Psalmo
1779 4777 1829 4856 16,
1853 4779 1882 4844 3.

123 4865 159 4930 itt
176 4863 310 4932 bouitcta
326 4865 398 4943 Dei,
422 4864 581 4931 causalem
601 4865 686 4930 enim
706 4865 897 4948 perticulam
916 4861 1089 4929 subaudio:

125 4962 222 5035 110110
241 4951 302 5017 hoc
320 4951 413 5016 modo
431 4950 608 5016 antithesin
629 4971 726 5033 quam
746 4971 850 5034 nuper
868 4951 960 5033 attigi
981 4969 1088 5030 prose·

125 5041 247 5121 quitur,
270 5038 420 5120 quamvis
441 5036 551 5102 hostes
573 5037 643 5103 cius
665 5039 826 5120 virerent,
855 5036 1013 5118 longeque
1034 5056 1089 5099 ex·

126 5125 299 5190 tenderent
315 5144 390 5188 suos
406 5143 520 5202 ramos,
540 5145 672 5205 procera
683 5126 779 5190 etiam
793 5120 964 5187 altitudine
976 5141 1088 5202 super·

126 5209 243 5289 birent,
266 5209 406 5275 radicem
430 5223 537 5285 tamen
557 5230 668 5273 eorum
687 5209 777 5276 brevi
795 5206 992 5274 emarcidam
1008 5207 1087 5285 fore,

229 5311 338 5368 01101111
351 5326 446 5381 opera
479 5310 594 5366 XXXI.
