4672 5864
134 305 197 372 473
924 320 1142 391 PSALMUS
1163 324 1328 391 XLVIII.
2061 332 2126 398 474

134 508 169 572 in
191 505 329 573 ecelesia
356 505 423 575 stud¹
436 515 591 595 conspici,
620 535 685 579 nen
709 522 831 579 temere
854 512 916 579 hee
938 511 1107 592 speeulum
1133 538 1137 577 l
1162 515 1254 580 nium
1276 525 1445 582 mutuatae
1471 530 1549 581 suut
1570 536 1684 583 omnes
1713 527 1837 601 gentes.
1880 516 1966 581 Nam
1989 519 2016 584 si
2039 532 2133 586 extra

135 593 229 659 nobis
252 602 329 658 ante
352 595 463 662 oeulos
484 601 586 682 ponit,
608 603 643 667 in
666 619 730 683 quo
752 601 845 665 Deus
867 599 975 680 magis
996 597 1036 662 ad
1061 601 1108 664 vi·
1133 596 1136 681 ξ
1160 600 1270 666 Deum
1293 601 1459 667 laetantur
1481 603 1639 682 homines,
1671 602 1813 668 exitIalis
1837 601 1968 668 tandem
1991 619 2041 669 est
2062 609 2131 672 axi·

134 699 213 743 vum
243 679 357 745 faeiem
387 701 481 747 suam
503 687 660 771 exprimit
688 707 726 751 ae
750 693 981 768 repraesentat..
1025 683 1108 751 Cae·
1133 684 1137 729 l
1160 696 1231 765 tus,
1270 688 1419 769 risusque
1459 688 1665 753 convertitur
1697 689 1732 753 in
1765 688 1938 753 stridorem
1973 689 2129 758 dandum.

134 773 244 829 terum
263 765 401 832 Moralem
419 776 561 837 sendum
582 775 767 854 nominans,
790 771 933 837 breviter
955 768 1109 835 admonet
1159 770 1312 837 Ohristus
1335 782 1445 837 autem
1463 794 1481 838 e
1501 772 1580 839 Sion
1602 794 1677 839 eum
1698 773 1869 857 evangelie
1891 795 1949 840 suo
1967 781 2130 859 apparuit,

134 870 197 934 que
226 851 299 917 iure
328 851 530 938 Ierosolyma
559 861 603 925 sit
631 859 695 925 Dei
726 859 851 933 eivitas,
883 876 1002 937 nempe
1032 857 1108 938 quia
1159 867 1195 921 ut
1216 858 1319 922 solido
1342 858 1461 942 gaudio
1487 870 1680 942 aeternaque
1702 858 1855 924 felicitate
1877 861 2036 927 mundum
2058 883 2131 945 per·

134 938 205 1004 eius
227 937 382 1004 mandate
411 962 486 1008 area
515 944 655 1011 foederis
682 945 750 1010 illio
776 953 846 1009 erat
868 942 989 1008 loeata:
1020 963 1057 1007 ae
1079 944 1106 1008 si
1158 943 1320 1009 funderet.
1365 942 1560 1027 Quanquam
1587 955 1697 1009 autem
1719 944 1897 1028 prophetae
1919 957 2026 1011 aetate
2047 970 2128 1013 non-

134 1023 265 1100 dioerot,
294 1023 528 1112 lerosolymam
559 1052 625 1095 non
655 1033 789 1115 proprio
817 1050 876 1094 suo
907 1028 1023 1093 merito
1052 1049 1108 1094 su·
1159 1027 1235 1093 dum
1259 1029 1299 1093 ad
1323 1041 1452 1095 exteros
1473 1038 1665 1095 manaverat
1687 1031 1851 1114 evangelii
1880 1032 2033 1116 eoguitio,
2062 1056 2129 1099 me·

133 1107 232 1174 blime
260 1129 331 1175 esse
360 1111 540 1197 theatrum,
570 1117 606 1180 in
635 1138 696 1199 quo
726 1121 817 1184 Deus
846 1114 1106 1199 magnitudinem
1158 1115 1222 1180 rite
1254 1127 1365 1180 tamen
1399 1116 1461 1180 hae
1494 1116 1680 1198 loquutione
1719 1137 1796 1182 usus
1834 1127 1900 1195 est,
1939 1130 1975 1182 ut
2007 1119 2129 1185 seirent

133 1215 228 1260 suam
250 1198 391 1277 speetari
414 1199 509 1282 ¹velit:
538 1202 595 1267 sed
618 1205 695 1287 quia
716 1224 792 1270 area
814 1199 952 1266 loedoria
974 1200 1106 1267 coelesti
1158 1199 1272 1266 Iudaei
1305 1220 1370 1265 nen
1404 1201 1535 1267 aliunde
1568 1200 1741 1284 petendam
1775 1222 1845 1267 esse
1879 1202 2128 1287 beatitudinem,

132 1280 288 1346 mandate
318 1281 386 1350 illie
414 1285 450 1349 in
472 1287 658 1370 symbolum
688 1287 866 1376 singularis
895 1286 1019 1371 gratiae
1050 1286 1106 1353 de·
1157 1308 1255 1369 quam
1277 1308 1319 1352 ex
1341 1289 1485 1370 gratuite
1508 1287 1572 1352 Dei
1594 1286 1721 1352 foedere
1744 1286 1829 1370 quod
1850 1287 1885 1352 in
1908 1289 1964 1354 illo
1985 1292 2127 1357 saorario

132 1365 236 1450 posita
258 1369 368 1435 luerit.
1157 1371 1340 1455 depositum
1370 1381 1449 1439 erat.
1493 1374 1625 1439 Interea
1646 1373 1744 1438 etiam
1766 1371 1931 1456 praedixit
1960 1377 2047 1457 quod
2069 1399 2127 1443 no·

48 1519 51 1524 .
218 1452 248 1517 2.
279 1452 408 1537 (Pulcer
428 1460 515 1545 adu.)
558 1460 600 1525 In
630 1462 908 1529 confirmationem
938 1458 1105 1541 proximae
1157 1458 1292 1526 vissImo
1321 1459 1451 1525 demum
1475 1466 1620 1542 tempore
1648 1459 1818 1542 impletum
1839 1461 1901 1523 luit
1922 1458 2047 1526 Christi
2069 1465 2126 1528 ad·

132 1542 330 1620 sentantias,
370 1546 538 1628 praeditat
570 1544 661 1613 dotes
694 1550 809 1632 quibus
842 1558 920 1610 tune
952 1545 1106 1609 excelluit
1157 1554 1267 1609 ventu.
1310 1545 1400 1610 Hine
1425 1554 1534 1610 autem
1558 1544 1720 1610 diseamus
1744 1543 1785 1608 ad
1806 1543 2034 1612 exhilarandus
2055 1550 2126 1631 pias

131 1648 227 1693 mens
249 1628 342 1710 Sion,
370 1632 448 1713 quia
469 1633 504 1696 in
525 1631 591 1697 illis
615 1635 799 1716 speetahilis
828 1633 890 1697 fuit
911 1630 974 1694 Dei
1000 1630 1104 1712 gloria
1156 1639 1299 1708 mentes,
1328 1629 1426 1714 plane
1455 1632 1604 1697 sufficere
1626 1631 1759 1696 uuioum
1782 1630 1845 1694 Dei
1875 1633 2033 1696 savorem:
2063 1635 2125 1700 sio·

131 1717 224 1783 euius
253 1737 357 1798 nuper
384 1719 544 1782 meminit.
589 1719 663 1784 Etsi
696 1729 805 1786 autem
835 1715 1104 1790 naturalishaeo
1156 1716 1205 1779 uti
1224 1736 1262 1781 eo
1281 1715 1419 1799 sublato,
1441 1737 1572 1783 neeesse
1594 1727 1645 1781 est
1668 1728 1804 1781 eunetes
1829 1716 1981 1782 mortales
2005 1720 2125 1785 misera

130 1803 193 1867 fuit
209 1802 292 1868 situs
310 1805 417 1886 gratia
438 1824 536 1886 quam
554 1806 715 1889 propheta
731 1807 837 1890 prime
855 1803 926 1868 loeo
944 1810 1102 1879 reeenset,
1153 1800 1379 1884 inquietudine
1410 1813 1443 1866 et
1471 1802 1605 1867 tristitia
1633 1802 1786 1884 torqueri.
1842 1800 1938 1880 Quod
1968 1804 2124 1870 eontinuo

130 1888 295 1971 signifieat
315 1896 426 1953 nmen
449 1889 485 1953 in
507 1891 578 1972 ipsa
599 1891 690 1957 urbis
716 1893 823 1976 speeie
852 1888 1032 1970 inseulptas
1062 1888 1102 1953 ab
1153 1899 1225 1969 pest
1247 1887 1379 1952 additur
1402 1887 1441 1952 de
1465 1887 1595 1954 Oioitete
1614 1888 1701 1969 regia
1721 1888 1836 1969 magni,
1859 1890 1892 1951 iu
1916 1887 2002 1952 hune
2023 1890 2122 1956 finem

129 1973 224 2038 initio
252 1973 353 2038 fuisse
381 1985 476 2040 notas
506 1974 609 2041 divini
640 1978 770 2056 favoris,
799 1987 836 2043 ut
862 1974 1002 2039 intuitus
1032 1973 1102 2056 ipse
1154 1972 1267 2055 tendit,
1296 1982 1438 2040 montem
1462 1973 1544 2039 Sion
1574 1992 1641 2038 non
1663 1972 1760 2038 mode
1783 1984 1932 2038 sanetum
1956 1994 2035 2050 esse,
2065 1977 2123 2043 sad

129 2057 318 2125 estenderet
346 2059 530 2144 spetialiter
559 2061 667 2129 leeum
696 2065 789 2130 illum
813 2063 914 2128 fnisse
942 2058 1102 2124 divinitus
1153 2056 1309 2123 donatum
1338 2069 1429 2124 tanto
1457 2059 1641 2143 privilegio,
1671 2070 1708 2123 ut
1733 2060 1848 2125 urbem
1875 2068 1975 2123 tetam
2001 2063 2122 2127 saneti·

128 2152 292 2220 ornatum,
316 2151 352 2208 ut
369 2145 543 2228 aliquando
560 2147 595 2213 in
613 2149 713 2214 talem
732 2172 826 2216 usum
845 2152 1101 2214 eonseeraretur.
1151 2143 1235 2219 fleat,
1258 2144 1334 2227 quia
1352 2145 1461 2210 sedem
1480 2145 1541 2211 sibi
1558 2146 1650 2210 Deus
1669 2144 1736 2211 illie
1754 2144 1929 2227 delegerat,
1952 2155 1987 2209 ut
2004 2158 2122 2215 eunoto

129 2229 327 2314 Quanquam
361 2232 540 2297 formosum
573 2241 607 2298 et
640 2234 863 2303 deleetabilsm
896 2231 1001 2295 looum
1035 2251 1099 2296 nen
1151 2229 1270 2312 popule
1293 2229 1525 2295 dominaretur.
1570 2230 1681 2295 Tertio
1704 2252 1810 2309 versu,
1837 2230 1893 2294 ubi
1919 2231 1997 2295 dieit
2017 2230 2123 2300 Deum

128 2316 319 2399 simpIIeitar
349 2317 457 2382 voeari
488 2317 637 2398 arbitror,
668 2323 743 2404 quia
771 2341 883 2407 parem
913 2316 948 2380 in
978 2314 1101 2380 Iudaea
1150 2335 1218 2379 ease
1235 2321 1343 2380 notum
1360 2317 1395 2380 in
1408 2315 1544 2397 palatiis
1561 2315 1776 2399 leroselgmoe,
1795 2336 1909 2380 rursus
1927 2315 2121 2398 dignitatem

125 2421 193 2466 non
215 2402 377 2483 habuerit,
407 2423 508 2486 quum
538 2406 618 2470 satis
648 2416 774 2474 constet
803 2407 884 2472 alins
910 2400 1009 2466 urbes
1031 2411 1099 2467 tam
1150 2402 1220 2465 eins
1237 2399 1443 2466 eommendat
1459 2421 1478 2464 a
1493 2400 1557 2466 Dei
1576 2402 1747 2484 praesidio,
1770 2401 1868 2467 sieuti
1883 2401 2017 2467 Psalmo
2031 2402 2121 2485 46,6

125 2487 346 2553 feseunditato
369 2509 466 2570 quam
489 2510 625 2555 amoeno
648 2500 832 2580 prospeotu,
861 2499 894 2555 et
916 2487 988 2553 aliis
1010 2507 1098 2552 eem-
1151 2485 1309 2552 vidimus:
1333 2486 1425 2552 Deus
1447 2487 1481 2550 in
1498 2485 1605 2551 medio
1627 2489 1705 2565 eius,
1730 2508 1796 2551 non
1817 2487 2012 2553 movebitur.
2056 2492 2121 2556 Pa·

125 2570 338 2639 meditatibus
360 2573 582 2658 lerosolymae
610 2597 675 2642 nen
699 2582 851 2646 oessissa:
881 2572 938 2641 sed
961 2573 1098 2639 eonion·
1151 2571 1230 2636 latia
1247 2592 1326 2637 vero
1348 2571 1469 2638 diserte
1491 2575 1651 2655 expressit
1672 2574 1711 2637 ad
1732 2571 1921 2648 antithesin,
1943 2584 1981 2637 nt
1999 2576 2120 2644 seirent

125 2656 214 2737 otim,
236 2679 309 2724 meo
328 2658 458 2737 iudioio,
481 2682 548 2725 una
570 2683 644 2728 oum
667 2665 733 2730 situ
756 2661 969 2730 adventitiam
993 2658 1098 2743 digni·
1149 2657 1274 2735 Iudaei,
1294 2658 1445 2739 quamvis
1468 2659 1583 2725 eivitas
1605 2670 1719 2724 saneta
1741 2658 1858 2724 validis
1880 2658 2025 2725 turribus
2046 2683 2119 2727 mu·

125 2751 226 2808 tatem
247 2746 484 2827 eompleetitur‚
506 2768 590 2829 quae
610 2770 652 2813 ex
675 2751 797 2835 templo
819 2748 978 2830 originem
1001 2744 1097 2810 duee·
1149 2744 1220 2808 nita
1248 2744 1341 2822 feret,
1371 2744 1530 2828 aedesque
1559 2743 1693 2810 haberet
1721 2743 1909 2828 splendidas
1937 2754 1969 2809 et
1996 2747 2120 2818 similes

124 2826 189 2894 bat.
241 2830 331 2914 Ergo
364 2853 463 2914 quum
493 2832 622 2900 laudari
651 2835 801 2903 audimus
830 2833 922 2900 urbis
950 2831 1094 2913 pnlohri·
1149 2830 1409 2913 propugnaeulis,
1439 2830 1508 2896 sole
1537 2841 1648 2895 tamen
1670 2829 1734 2896 Dei
1764 2829 1887 2896 auxIlio
1910 2838 2013 2896 tutam
2035 2855 2117 2905 esse.

125 2912 288 2996 tudinem,
321 2919 433 2981 veniat
465 2918 560 2984 nobis
593 2920 626 2984 in
657 2931 800 2989 mantem
833 2917 1012 3005 spiritualis
1042 2916 1096 2982 ille
1147 2915 1291 2980 Proinde
1321 2915 1373 2981 his
1404 2915 1511 2982 verbis
1538 2926 1714 2981 monentur
1743 2915 1871 2995 fideles,
1904 2919 2054 2999 quamvis
2081 2923 2118 2988 in

125 2997 229 3079 deoor,
259 3001 316 3083 qni
345 3012 418 3084 post
439 3004 629 3070 vatieiuium
659 3007 699 3072 de
722 3014 882 3092 perpetua
910 3022 1005 3069 areae
1031 3015 1096 3067 sta·
1147 3002 1275 3068 areibus
1298 3001 1350 3066 vol
1373 3002 1502 3084 palatiis
1525 3001 1684 3082 habitent,
1707 3000 1820 3067 sedulo
1842 3003 2025 3067 cavendum
2046 3025 2118 3073 esse

124 3088 213 3151 tiene
240 3086 281 3152 ad
299 3086 363 3154 loei
392 3096 544 3154 naturam
573 3093 717 3159 aooessit.
762 3093 815 3159 De
836 3111 915 3158 veae
943 3101 1000 3202 φ)
1030 3108 1095 3152 non
1146 3107 1188 3150 ne
1209 3087 1363 3168 splendor
1383 3086 1441 3151 ille
1462 3085 1514 3152 vel
1537 3085 1676 3151 altitudo
1703 3087 1883 3168 potentiam
1906 3085 1971 3152 Dei
1989 3086 2116 3173 obruat,

123 3173 333 3239 eonsentinnt
354 3174 555 3257 interpretes.
594 3175 739 3257 Quidam
761 3200 821 3262 pro
840 3176 1027 3243 elevatione
1045 3193 1095 3239 ae·
1146 3171 1242 3236 sieuti
1263 3173 1391 3255 profani
1412 3173 1563 3237 hemines
1585 3173 1724 3237 terrenis
1746 3171 1863 3255 opibus
1881 3174 2034 3252 eontenti,
2056 3196 2117 3258 pro

123 3258 256 3341 eipiunt,
283 3277 321 3325 ae
343 3259 372 3326 si
394 3259 515 3325 dietum
538 3270 634 3341 esset,
656 3264 691 3327 in
711 3265 839 3331 exeelse
862 3272 895 3328 at
916 3260 1002 3326 edite
1024 3257 1095 3325 leee
1146 3256 1248 3323 nihilo
1270 3258 1394 3322 dueunt
1417 3257 1526 3324 Deum
1547 3257 1667 3323 habere
1689 3258 1867 3323 eustodem.
1911 3257 2017 3322 Perre
2039 3264 2115 3343 quia

122 3344 357 3430 lerosolymam
388 3345 486 3409 sitam
512 3367 592 3413 esse.
636 3348 703 3413 Alii
726 3350 824 3414 clima
844 3353 987 3423 vertunt,
1017 3344 1095 3427 quia
1145 3342 1225 3408 haee
1254 3343 1348 3409 nobis
1375 3343 1524 3429 ingenita
1552 3353 1602 3409 est
1631 3344 1784 3426 pravitas,
1815 3354 1853 3407 nt
1874 3353 2005 3409 terrena
2032 3366 2114 3430 opu·

121 3431 342 3514 metaphorice
361 3429 504 3497 Hebraei
526 3432 657 3498 elimata
677 3445 794 3501 veeant
816 3453 934 3513 ramos,
956 3429 1042 3514 quod
1060 3431 1092 3494 in
1144 3428 1247 3494 lentie
1286 3429 1398 3495 oeulos
1431 3430 1524 3496 nobis
1556 3431 1780 3513 perstringens
1819 3427 1882 3495 Dei
1916 3429 2113 3499 oblivionem

122 3515 259 3601 lengum
286 3516 516 3582 extendantur.
566 3519 639 3602 Ege
665 3521 700 3585 in
726 3542 762 3585 re
789 3542 853 3585 nou
881 3517 992 3600 magni
1022 3535 1093 3580 mo·
1143 3514 1286 3595 induent,
1305 3536 1433 3581 summa
1450 3518 1631 3581 attentIone
1648 3516 1838 3581 meditanda
1855 3515 1948 3582 nobis
1966 3529 2016 3582 est
2034 3518 2115 3588 haee

120 3602 224 3668 menti
246 3601 338 3667 nolui
360 3609 532 3685 tantopere
554 3625 624 3671 esse
646 3607 801 3673 ouriosus.
842 3606 986 3669 Tantum
1008 3600 1092 3685 elegi
1144 3600 1307 3678 doetrina,
1337 3623 1380 3667 ne
1410 3602 1545 3667 virtutis
1573 3614 1607 3667 et
1635 3604 1761 3686 gratias
1783 3602 1847 3667 Dei
1876 3602 2028 3668 notitiam
2057 3606 2114 3672 ob·

120 3686 206 3772 qnod
226 3687 334 3772 magis
355 3696 426 3752 erat
442 3689 619 3770 probabile,
642 3693 809 3776 regionem
829 3691 920 3757 illam
937 3689 1092 3771 adspaetu
1143 3696 1253 3752 soeret
1270 3687 1428 3770 quidquid
1447 3687 1577 3754 videtur
1592 3688 1627 3752 in
1643 3687 1735 3755 nobis
1754 3709 1826 3754 esse
1840 3690 1944 3770 pretio
1960 3688 2112 3772 dignum:

119 3770 199 3857 prae
231 3773 305 3839 aliis
336 3773 514 3841 ineundam
547 3784 581 3841 et
613 3798 783 3845 amoenam
816 3798 895 3844 esse.
945 3774 1092 3839 Dubium
1142 3771 1200 3837 sed
1221 3774 1256 3837 in
1275 3775 1401 3839 eunetis
1424 3773 1553 3839 dotibus
1571 3776 1689 3855 quibus
1707 3775 1814 3839 ornati
1831 3776 1962 3854 erimus,
1984 3797 2114 3860 semper

120 3870 228 3925 autem
258 3867 310 3925 est
337 3867 480 3941 ponatne
508 3863 542 3926 iu
564 3861 717 3929 laudibus
742 3864 864 3929 montis
885 3860 975 3938 Sion,
1006 3858 1089 3942 quod
1141 3857 1228 3922 alara
1258 3858 1383 3942 fulgeat
1413 3860 1473 3923 Dei
1507 3859 1624 3941 gloria,
1658 3868 1697 3924 ut
1725 3869 1906 3925 statuamus
1939 3881 2006 3925 non
2035 3863 2112 3930 alibi

120 3966 235 4012 versus
265 3945 452 4028 aquilonem
481 3949 647 4031 expositus
676 3949 791 4031 fuerit,
822 3969 864 4013 an
894 3948 942 4012 ita
970 3945 1089 4010 resolvi
1141 3964 1238 4026 quam
1260 3945 1294 4008 in
1318 3945 1397 4026 ipso,
1420 3965 1480 4010 nos
1502 3945 1613 4009 beatos
1635 3966 1715 4012 esse.

119 4029 237 4098 debeat
262 4031 381 4097 oratio:
412 4030 573 4112 Quamvis
602 4033 643 4099 ad
672 4036 937 4118 septemtrionem
968 4039 1091 4113 speotet

118 4137 213 4184 mons
236 4116 327 4191 Sion,
357 4117 419 4182 hoo
448 4129 557 4184 tamen
588 4118 628 4184 de
657 4122 728 4186 eius
757 4119 976 4204 puloritudino
1006 4115 1089 4179 nihil
1225 4120 1256 4179 4.
1289 4114 1371 4196 Quia
1397 4134 1462 4181 eece
1489 4135 1577 4198 reges
1603 4117 1779 4200 cougregati
1804 4122 1887 4197 sunt,
1917 4121 2111 4187 transierum

119 4201 282 4269 diminuit.
327 4201 523 4285 Quanquam
546 4205 637 4286 prior
658 4228 774 4272 sensus
795 4207 900 4289 magis
927 4203 1090 4285 genuinus
1139 4200 1251 4264 amal:
1276 4199 1306 4265 5.
1326 4200 1399 4283 Ipsi
1419 4202 1572 4281 videram
1593 4204 1641 4268 eie
1657 4203 1810 4268 admirati
1831 4210 1915 4282 aurit,
1936 4208 2110 4289 trepidave-

116 4288 259 4355 vidotur.
304 4290 414 4372 Atque
436 4289 498 4354 heo
521 4310 649 4373 queque
672 4292 777 4375 elogio
805 4299 949 4357 montem
980 4289 1088 4371 ipsum
1138 4290 1225 4366 runt,
1251 4288 1441 4369 praecipites
1470 4290 1533 4353 aeti
1559 4295 1640 4354 auru.
1683 4289 1714 4352 6.
1747 4288 1879 4355 Tremor
1907 4293 2110 4374 apprehendit

116 4374 256 4460 insignit
277 4374 409 4451 Iesaias,
437 4377 670 4459 praestantiam
701 4380 799 4443 etiam
829 4385 942 4441 notare
965 4374 1087 4439 volens.
1139 4391 1203 4449 eos,
1233 4373 1298 4438 illie
1324 4373 1410 4438 dolor
1437 4375 1533 4455 queat
1559 4376 1779 4457 ¹parturientia.
1833 4379 1862 4442 7.
1896 4375 1960 4442 Per
1987 4385 2108 4443 etnim

118 4458 175 4528 Sie
202 4462 291 4526 anim
315 4460 365 4537 14,
389 4460 431 4525 14
462 4461 495 4526 in
519 4481 657 4545 persona
682 4462 907 4530 Sennaoherib
928 4460 1086 4543 loquitur:
1137 4459 1319 4525 orientalem
1339 4459 1514 4544 mesaneos
1534 4480 1629 4525 moes
1650 4460 1792 4528 Thersit.

117 4545 325 4613 Adsoandam
354 4567 452 4629 super
474 4547 602 4613 exeelsa
622 4549 768 4625 nubium,
798 4562 831 4614 et
851 4547 968 4614 sedebo
990 4565 1088 4629 super

118 4643 261 4697 montem
295 4633 473 4698 testimonii
506 4634 539 4698 in
573 4632 731 4701 lateribus
760 4634 929 4718 aquilonis.
980 4632 1088 4698 Veeat
1222 4631 1253 4695 4.
1282 4628 1383 4716 (Quia
1409 4650 1472 4698 eote
1498 4630 1606 4718 reges.)
1649 4632 1715 4698 Hie
1744 4633 1893 4717 spoeialis
1921 4632 1981 4698 illa
2009 4654 2106 4717 quam

117 4715 234 4783 deiude
259 4717 425 4785 Gaudium
444 4719 538 4785 totius
555 4724 663 4795 terea,
686 4741 753 4786 non
776 4729 904 4787 tanturn
927 4718 1013 4801 qued
1035 4736 1086 4782 sa·
1137 4715 1224 4795 dixi,
1257 4716 1407 4782 liberatio
1436 4717 1622 4802 attingitur.
1666 4719 1783 4784 Refert
1814 4718 1901 4784 anim
1935 4724 2105 4803 propheta,

116 4801 220 4869 lubria
247 4813 334 4871 asset
360 4804 451 4888 regie
480 4804 536 4871 illa
559 4814 691 4890 propter
712 4808 797 4873 aeris
819 4805 1020 4890 temperiem,
1048 4810 1086 4868 ut
1136 4821 1237 4884 quum
1260 4824 1356 4887 reges
1377 4802 1478 4868 simul
1500 4806 1689 4889 congregati
1711 4815 1820 4870 essem
1842 4804 1882 4869 ad
1905 4804 2105 4889 perdendam

115 4889 241 4955 insulse
262 4898 430 4975 nugantur
451 4890 575 4969 Iudaei,
607 4891 659 4959 vel
681 4892 766 4974 quod
789 4893 947 4976 preferret
969 4909 1086 4955 suaves
1135 4886 1382 4974 lerosolymam,
1399 4889 1541 4972 impetus
1559 4903 1669 4956 tamen
1685 4909 1799 4955 eorum
1814 4890 1926 4956 irrites
1941 4894 2105 4974 transisse,

116 4984 149 5040 et
176 4976 317 5042 eximios
348 4976 491 5056 hactus,
523 4978 580 5061 qui
613 4979 736 5045 exteris
767 4979 919 5063 gentibus
950 4986 1085 5060 possent
1135 4993 1201 5039 non
1224 4994 1317 5042 seeus
1346 4995 1385 5040 ae
1407 4976 1546 5043 nebulae
1573 4985 1790 5042 evanesount:
1818 4977 1884 5041 imo
1913 4976 2006 5055 dicit,
2036 4980 2104 5046 sole

117 5061 236 5128 afferre
255 5061 425 5141 laetitiam,
447 5062 531 5145 quod
553 5063 651 5129 etiam
672 5062 826 5148 frigidum
850 5076 899 5131 ast
920 5081 1084 5131 commen·
1135 5058 1291 5143 adspaetu
1320 5060 1420 5128 luisse
1448 5061 1602 5145 perditos,
1631 5081 1740 5144 neque
1767 5061 1801 5127 id
1830 5061 2020 5148 vulgariter,
2048 5065 2105 5132 sed

117 5155 203 5214 tum:
226 5146 284 5213 aad
301 5149 378 5230 quia
394 5146 471 5212 inde
493 5149 660 5215 exoritura
676 5158 749 5215 erat
765 5151 854 5216 sales
874 5151 932 5216 toti
951 5146 1084 5226 mundo,
1134 5146 1404 5229 quemadmodum
1427 5148 1545 5214 mahar
1566 5149 1760 5231 parturiens,
1785 5147 1893 5214 subite
1915 5149 2024 5216 dolore
2046 5171 2103 5235 op·

117 5232 213 5301 sicuti
227 5232 312 5300 iude
333 5234 423 5300 vitae
443 5232 551 5300 lueem
570 5243 603 5302 ot
624 5235 772 5303 eoelestis
795 5237 919 5320 gratias
940 5234 1083 5300 testimo·
1134 5232 1296 5317 primitur.
1340 5233 1415 5300 Etsi
1444 5244 1554 5300 autam
1583 5242 1672 5301 eerto
1700 5255 1769 5298 nen
1797 5232 1899 5317 liquet
1927 5257 2022 5321 quem
2052 5237 2103 5303 hi·
