4658 5856
234 364 299 431 523

236 573 301 616 nno
333 551 490 616 sacrificio
518 558 707 616 contentum
736 561 820 625 esse,
855 547 963 613 David
996 547 1202 629 pronuntiet:

235 638 311 720 quia
344 658 401 701 nec
434 634 531 700 fidem
566 634 739 717 disiungit,
772 655 830 697 nec
858 634 1021 698 subtiliter
1053 641 1203 696 numerat

235 722 381 806 singulas
403 723 620 803 poenitentiae
642 732 762 803 partes,
792 718 848 783 sed
872 730 999 783 tantum
1021 717 1114 783 docet
1135 736 1201 780 non
1226 750 1229 821 l

235 809 329 872 aliter
350 809 489 890 gratiam
513 827 572 872 nos
593 807 744 887 consequi
763 805 847 886 apud
867 804 984 887 Deum,
1007 825 1105 886 quam
1124 801 1200 866 dum

236 895 270 957 in
299 892 393 957 nobis
424 894 539 959 deiecti
568 900 601 957 et
629 892 765 970 confusi,
793 893 827 955 in
858 889 959 955 solam
982 891 1053 954 eius
1077 888 1201 953 miseri-

235 978 376 1044 cordiam
400 979 628 1060 recumbimus‚
654 979 732 1042 dum
755 976 916 1059 supplices
939 976 1106 1058 prodimus
1128 993 1201 1037 cum

235 1067 378 1147 ingenua
397 1066 554 1128 nuditatis
571 1072 701 1128 nostrae
719 1062 937 1129 confessione:
956 1061 1092 1144 denique
1110 1059 1202 1125 curvi

237 1168 269 1214 et
291 1152 383 1214 fracti
406 1152 547 1214 iacemus
568 1166 605 1213 ut
629 1171 688 1214 nos
710 1152 823 1232 erigat.

321 1235 371 1299 20.
395 1233 555 1320 (Beaesuc,
578 1233 645 1320 etc.)
687 1234 758 1299 Iam
782 1256 845 1298 non
870 1255 928 1316 pro
949 1257 983 1298 se
1006 1254 1070 1296 uno
1094 1231 1202 1314 priva·

237 1323 295 1385 tim
320 1332 402 1399 erat,
428 1321 485 1384 sed
510 1333 611 1385 totam
635 1319 802 1385 eeclesiam
826 1320 983 1403 adiungit,
1015 1339 1118 1399 neque
1141 1318 1201 1378 im-

1074 356 1290 423 PSALMUS
1314 357 1390 425 LII.

2158 356 2222 421 524

1254 566 1325 610 esse
1348 547 1523 610 sacrificia:
1554 565 1644 609 nune
1671 555 1833 627 quatenus
1855 547 2012 613 exercitia
2034 558 2113 612 sunt
2137 546 2221 622 fidei,

1255 643 1287 695 et
1305 632 1532 712 poenitentiae,
1555 647 1587 696 et
1605 634 1787 713 gratiorem
1811 635 1947 698 actionis
1969 633 2125 716 symbola,
2152 635 2220 697 Deo

1254 729 1348 800 grata
1371 720 1437 782 loro
1463 716 1551 782 dicit.
1598 716 1764 798 Samificiu
1793 731 1901 783 autem
1931 720 2071 784 iustitiae
2099 717 2220 784 diserte

1253 819 1366 879 vocat,
1401 805 1462 868 hoc
1495 817 1546 868 est
1575 814 1664 867 recta
1693 804 1744 868 vol
1779 805 1940 880 levitima,
1974 825 2057 887 qnae
2089 806 2149 868 rite
2180 825 2220 868 ex

1255 886 1318 952 Dei
1340 889 1539 972 praescripto
1562 888 1753 955 offeruntur.
1833 911 1874 954 ua
1902 892 1999 954 etiam
2032 891 2220 971 loquutione

1255 973 1375 1038 Psalm.
1393 974 1423 1050 4,
1441 975 1462 1039 6
1481 996 1557 1039 usus
1575 984 1634 1049 est,
1654 993 1755 1041 vanas
1778 997 1887 1040 eorum
1912 997 2046 1059 pompas
2069 975 2220 1041 deridens

1254 1062 1308 1141 qui
1326 1069 1454 1124 tantum
1477 1060 1585 1124 fallaci
1604 1060 1699 1123 titulo
1722 1061 1961 1143 superbiebant.
1995 1064 2124 1126 Rursus
2144 1084 2221 1127 vcro

1254 1168 1289 1210 se
1308 1146 1347 1209 ad
1369 1145 1604 1229 gratitudinem
1629 1146 1791 1211 hortatur:
1815 1164 1849 1210 ct
1868 1169 1928 1212 suo
1950 1150 2046 1212 etiam
2071 1148 2220 1228 exemplo

1226 1214 1229 1337 l
1254 1233 1324 1315 pios
1345 1252 1467 1310 omnes,
1502 1243 1537 1294 ut
1560 1234 1628 1296 voti
1651 1246 1816 1314 compotes
1843 1256 1908 1297 non
1932 1234 2026 1297 modo
2050 1235 2148 1299 tacite
2171 1257 2221 1298 se·

1253 1339 1328 1382 cum
1359 1328 1512 1398 reputent
1540 1318 1602 1381 Dei
1633 1321 1789 1401 gratiam,
1823 1321 1879 1384 sed
1909 1320 1943 1383 in
1973 1320 2091 1384 celebri
2123 1323 2220 1383 otiam

236 1409 369 1470 merito:
397 1409 474 1488 quia
502 1428 559 1489 per
589 1428 661 1471 eum
685 1427 750 1470 non
773 1418 909 1470 steterat
930 1405 1103 1487 quominus
1124 1422 1200 1467 oon·
1225 1342 1230 1449 l
1253 1415 1417 1469 conventu
1441 1402 1636 1484 praedicent.
1681 1405 1731 1468 Ad
1758 1427 1873 1469 riomen
1897 1406 2050 1487 generale
2073 1407 2221 1469 sacrificii

234 1491 356 1557 cideret
385 1502 488 1556 totum
511 1491 635 1557 Christi
666 1513 813 1575 regnum.
857 1491 943 1554 Nam
972 1511 1029 1554 rex
1058 1491 1090 1553 in
1115 1487 1202 1551 hune
1254 1489 1335 1553 duas
1365 1492 1488 1571 species
1516 1488 1674 1573 adiungit.
1725 1489 1921 1574 Quanquam
1953 1491 2102 1554 nortnulli
2130 1471 2221 1576 bib)

234 1580 333 1642 finem
357 1588 477 1642 unctus
500 1589 537 1641 ut
558 1578 726 1643 ecelesiam
749 1576 812 1641 Dei
834 1576 1008 1656 colligeret,
1035 1576 1123 1656 turpi
1146 1571 1201 1636 de·
1254 1586 1287 1638 et
1308 1575 1406 1670 mut
1429 1575 1543 1639 volunt
1564 1596 1744 1659 synonyma
1768 1598 1854 1641 ease:
1879 1576 1960 1640 mibi
1982 1590 2092 1641 tamen
2117 1583 2222 1660 magis

235 1663 374 1728 lectione
391 1662 483 1727 illam
503 1663 726 1744 dissipaverat,
745 1673 783 1727 nt
800 1662 945 1727 timenda
963 1673 1048 1726 esset
1059 1659 1202 1724 exitialis
1254 1662 1378 1724 arridet
1402 1681 1513 1725 corum
1544 1664 1706 1725 sententia
1728 1664 1782 1743 qui
1807 1663 1896 1744 prius
1920 1684 2036 1727 nomen
2069 1664 2221 1728 distincte

235 1749 338 1814 ruina.
374 1748 533 1828 Quamvis
555 1770 632 1831 ergo
654 1769 715 1813 sua
735 1749 830 1832 eulpa
848 1747 1002 1812 everterit
1019 1748 1082 1811 Dei
1099 1742 1201 1809 eecle-
1253 1746 1394 1826 positum
1423 1767 1494 1810 esse
1523 1746 1713 1830 intelligunt
1740 1768 1798 1828 pro
1821 1747 2023 1813 sacerdotum
2054 1751 2220 1824 sacrificio,

233 1837 315 1899 siam
339 1848 498 1917 quantum
521 1836 554 1896 in
577 1856 612 1898 se
634 1843 714 1909 erat,
738 1835 818 1915 petit
836 1847 946 1898 tamen
966 1853 1038 1897 cam
1057 1830 1202 1915 gratuita
1256 1835 1331 1914 quia
1364 1831 1477 1896 libatio
1512 1832 1577 1896 illic
1609 1832 1869 1898 comburebatur.
1926 1832 2119 1909 Caeterum,
2162 1836 2221 1898 hae

234 1920 297 1985 Dei
327 1919 549 1984 misericordia
577 1920 712 1983 restitui.
756 1920 871 2002 Neque
892 1939 970 1983 vero
992 1918 1129 1981 aliorum
1152 1916 1201 1977 in·
1254 1916 1413 1981 varietate
1443 1918 1606 1999 signifieat
1632 1919 1738 1982 David
1770 1940 1835 1983 non
1868 1920 1963 1982 aliter
1994 1920 2120 2000 placere
2150 1919 2221 1984 Deo

235 2006 419 2071 nocentiam
449 2005 577 2088 allegat,
606 2003 662 2069 sed
694 2017 821 2069 tantum
849 2005 1001 2068 innititur
1023 2002 1086 2066 Dei
1111 2002 1204 2065 benc·
1254 2002 1375 2086 legales
1393 2024 1505 2066 omues
1520 2005 1610 2076 ritus,
1628 2025 1724 2084 quam
1741 2003 1819 2069 dum
1836 2005 2027 2069 referuntur
2040 2008 2080 2067 ad
2097 2006 2219 2069 iustum

234 2091 368 2174 placito:
399 2111 436 2154 ae
464 2091 492 2154 si
519 2090 648 2165 diceret,
678 2091 832 2155 ecclesiae
855 2088 1124 2154 restaurationem
1147 2086 1203 2150 nbi
1254 2090 1363 2153 finem.
1404 2087 1501 2168 Quod
1523 2101 1628 2154 totum
1651 2089 1737 2154 hunc
1758 2112 1887 2154 versum
1910 2091 2131 2173 metaphorice
2155 2094 2220 2172 qni·

235 2176 376 2258 collapsa
398 2186 456 2253 est,
480 2196 544 2239 non
567 2175 697 2241 aliunde
719 2197 814 2258 quam
838 2197 881 2239 ex
903 2195 991 2240 mera
1015 2174 1075 2237 Dei
1099 2170 1204 2256 gratia
1256 2173 1330 2238 dam
1353 2176 1527 2256 accipiunt,
1551 2176 1718 2258 trahentes
1740 2176 1780 2238 ad
1803 2176 1927 2241 Christi
1951 2198 2100 2258 regnum,
2125 2179 2220 2240 nitriis

237 2262 441 2344 sperandam.
486 2260 681 2343 Quanquam
711 2272 819 2325 autem
848 2262 915 2325 iam
937 2270 1104 2324 exstructa
1133 2267 1204 2321 erat
1256 2275 1410 2343 argutum
1440 2274 1490 2323 est
1517 2277 1550 2323 ct
1575 2276 1732 2325 coactum.
1776 2261 1897 2326 Fateor
1926 2263 2039 2327 uitales
2068 2263 2218 2327 labiorum

237 2346 482 2430 Hierosolyma,
513 2368 572 2429 pro
602 2347 670 2411 eins
705 2356 812 2412 tamen
844 2346 1070 2411 aedilioatione
1097 2343 1203 2408 adhuc
1256 2347 1365 2410 vocari
1387 2345 1428 2411 ab
1451 2346 1560 2410 Hosea
1589 2368 1657 2427 cap.
1682 2345 1775 2422 14,3
1805 2348 1918 2414 laudes
1951 2348 2068 2429 quibus
2098 2351 2220 2431 gratiae

237 2449 396 2516 precatur,
414 2433 491 2515 quia
509 2433 651 2496 nondum
670 2434 793 2498 scilicet
809 2434 843 2496 in
862 2453 952 2498 suam
971 2431 1201 2514 perlectionem
1255 2441 1400 2514 aguntur
1421 2429 1506 2495 Deo:
1532 2432 1588 2495 sed
1613 2433 1746 2496 minime
1768 2435 1941 2497 obscurum
1964 2448 2022 2511 est,
2044 2456 2118 2498 curn
2143 2456 2221 2515 puro

239 2532 381 2597 venerat,
397 2538 495 2600 quum
508 2517 634 2583 deesset
649 2521 824 2602 praecipua
835 2540 918 2602 pars.
942 2518 1102 2599 Respexit
1115 2516 1201 2578 enim
1256 2519 1374 2582 affectu
1408 2515 1513 2581 cordis
1548 2519 1599 2581 hic
1632 2519 1786 2600 coniungi
1815 2519 1966 2584 solennes
1992 2520 2221 2595 caeremonias,

236 2604 346 2670 David
380 2602 421 2668 ad
452 2605 620 2669 oraculum
652 2606 685 2667 in
719 2624 782 2686 quo
815 2604 976 2686 pollicitus
1010 2612 1078 2667 erat
1110 2599 1202 2663 Deus
1226 2580 1230 2667 l
1255 2604 1370 2684 quibus
1399 2624 1490 2666 stram
1523 2604 1677 2684 pietatem
1707 2605 1945 2685 profitebantur
1973 2607 2032 2669 sub
2063 2607 2136 2689 lege
2157 2606 2222 2669 cul·

236 2693 336 2756 fixam
369 2688 436 2753 illic
470 2710 562 2754 areae
595 2689 731 2753 foederis
763 2691 937 2753 stationem
970 2690 1054 2752 lore:
1088 2685 1203 2751 deinde
1256 2704 1341 2754 tores
1365 2691 1436 2753 Dei.

238 2778 361 2859 regiam
381 2774 501 2840 sedem.
535 2774 678 2856 Ideoque
696 2774 854 2857 templum
873 2775 1016 2838 nondum
1036 2771 1201 2836 conditum

238 2864 329 2944 quasi
366 2862 530 2942 tugurium
562 2877 640 2925 erat.
695 2860 868 2924 Caeterum
903 2860 996 2923 docet
1028 2859 1080 2922 hic
1114 2857 1203 2921 locus

238 2946 404 3030 proprium
425 2967 494 3010 esse
519 2947 579 3009 Dei
601 2967 690 3026 opus,
719 2946 886 3010 ecclesiam
909 2944 1088 3018 aedificare,
1118 2944 1204 3007 sieut

238 3033 315 3097 alibi
338 3030 465 3108 dieitur,
487 3031 716 3095 Fundamenta
738 3034 808 3095 eius
830 3034 862 3095 in
886 3033 1052 3096 montibus
1073 3030 1202 3105 sanctis,

213 3184 219 3195 ‚
239 3119 360 3182 Psalm.
373 3117 423 3192 tt,
437 3118 464 3182 1.
499 3117 612 3199 Neque
629 3118 715 3180 enim
729 3115 838 3180 David
856 3132 1026 3182 externam
1045 3117 1203 3180 duntaxat

239 3214 437 3268 structuram
456 3203 609 3285 respexit,
628 3203 683 3267 sed
702 3205 846 3266 animum
865 3206 1035 3285 praecipue
1049 3201 1204 3284 applicuit

238 3292 272 3354 in
301 3288 470 3370 spirituale
493 3287 556 3351 Dei
585 3289 773 3364 sacrarium,
803 3289 887 3370 quod
910 3288 1080 3352 hominum
1104 3307 1204 3352 manu

1586 3029 1792 3098 Panthus
1814 3031 1894 3098 tlt.

1257 3220 1341 3272 ABG.
1360 3220 1446 3283 Quum
1466 3219 1554 3271 occiso
1572 3218 1746 3272 Achimelech
1771 3226 1800 3270 et
1817 3219 1928 3285 reliquis
1954 3219 2141 3271 sacerdotibus
2164 3236 2221 3286 pes·

1358 3290 1409 3341 sirn
1428 3301 1518 3341 terror
1535 3289 1649 3341 iniectus
1671 3298 1744 3340 esset
1762 3287 1813 3341 toti
1831 3289 1939 3355 populo,
1962 3304 1996 3339 no
2015 3288 2075 3354 quis
2095 3288 2223 3340 Davidem

240 3388 273 3439 et
302 3374 463 3437 industria
492 3374 575 3455 erigi
598 3395 662 3437 non
686 3387 801 3456 potest.
847 3375 968 3439 Verum
993 3373 1121 3454 quidem
1145 3380 1203 3445 est,

238 3460 450 3542 quantumvis
468 3456 612 3540 lapidum
631 3474 664 3523 et
681 3461 840 3524 caementi
858 3472 1034 3543 congerant
1047 3459 1204 3534 homines,

240 3545 321 3609 nihil
351 3560 459 3607 tamen
489 3565 547 3607 suo
578 3544 686 3608 labore
716 3546 914 3626 profecturos
941 3546 973 3607 in
997 3544 1204 3609 exstruendis

240 3630 379 3696 terrenis
407 3631 527 3693 muris:
557 3630 613 3693 sed
636 3630 807 3712 peculiaris
830 3642 879 3695 est
901 3630 1054 3694 ecclesiae
1076 3630 1204 3710 erectio,

239 3738 323 3799 quae
341 3714 525 3780 admirabili
542 3713 604 3779 Dei
624 3716 756 3796 virtuts,
775 3717 808 3778 in
828 3718 923 3780 terris
942 3716 1085 3791 fundata,
1107 3737 1206 3796 supra

241 3805 346 3866 coelos
369 3801 539 3866 attollitur.
584 3800 677 3865 Adde
699 3800 783 3883 quod
806 3822 871 3865 non
896 3812 1022 3866 tantum
1046 3801 1086 3864 dc
1108 3802 1206 3865 unius

242 3889 363 3953 mensis
386 3887 436 3951 vel
463 3890 540 3951 anni
571 3887 717 3953 aedificio
747 3886 800 3951 hic
829 3888 949 3970 agitur,
978 3886 1034 3952 sed
1059 3898 1094 3951 ut
1118 3888 1206 3950 Deus

242 3986 363 4037 statum
385 3972 538 4039 ecelesiae
566 3993 645 4036 suae
672 3973 867 4038 incolumem
889 3994 990 4056 usque
1018 3974 1058 4038 ad
1082 3972 1206 4037 Christi

243 4057 421 4122 adventum
461 4068 600 4122 tueatur.
655 4059 782 4123 Verum
822 4080 923 4143 quum
964 4059 1072 4124 David
1112 4059 1206 4122 initio

1358 3359 1452 3410 iuvere
1470 3356 1589 3419 auderet,
1609 3356 1724 3424 acDocg
1738 3358 1773 3410 ob
1785 3373 1945 3425 prosperum
1964 3356 2063 3423 impiae
2081 3357 2223 3408 delationis

1359 3443 1510 3480 successum
1536 3426 1687 3494 triumphos
1710 3442 1772 3478 suos
1795 3431 1902 3489 aeret,
1929 3432 2037 3476 sauctus
2061 3426 2104 3476 vir
2129 3424 2223 3476 nihilo·

1361 3497 1448 3548 minus
1466 3494 1585 3547 animum
1602 3495 1655 3547 fldc
1673 3495 1787 3562 erigens,
1811 3443 1949 3547 Psalmum
1968 3493 2038 3545 huuc
2060 3494 2224 3560 composuit:

1360 3566 1407 3616 nbi
1425 3564 1542 3631 improbi
1565 3564 1695 3615 delatoris
1716 3562 1817 3615 crndeli
1844 3564 1974 3631 perfidiae
1996 3563 2119 3623 insultat,
2142 3577 2224 3629 seque

1361 3634 1394 3685 ad
1413 3634 1483 3684 bene
1502 3632 1664 3700 sperandum
1681 3631 1813 3689 hortatur.
1832 3632 1896 3698 quia
1911 3632 1982 3683 Deus
2000 3632 2028 3684 in
2047 3632 2123 3683 coelo
2142 3633 2225 3683 iustus

1362 3702 1442 3754 iudex
1465 3702 1568 3763 sedeat,
1591 3714 1647 3753 turn
1672 3700 1706 3752 ad
1729 3717 1807 3766 opem
1829 3700 1915 3752 serris
1937 3701 1991 3752 suis
2016 3700 2155 3752 terendam
2180 3700 2223 3767 qui

1361 3788 1422 3837 atros
1442 3787 1503 3822 suas
1521 3787 1614 3823 earnes
1631 3769 1659 3821 in
1669 3785 1729 3822 eum
1748 3769 1899 3832 coniiciunt,
1919 3778 1974 3820 turn
1993 3768 2027 3820 ad
2046 3770 2223 3821 ulciscendam

1361 3857 1452 3891 oerum
1477 3837 1643 3906 superbiam,
1671 3838 1717 3906 qni
1740 3854 1771 3889 eo
1789 3846 1944 3905 contempto
1969 3837 2076 3904 quidvis
2100 3838 2153 3889 sihi
2177 3854 2224 3904 pro

1360 3908 1472 3961 libidine
1489 3909 1638 3974 indulgent.

1346 4064 1373 4125 l.
1396 4060 1564 4141 Praefecto,
1585 4061 1727 4124 erudiens
1741 4060 1888 4124 Decidit.
1923 4059 1953 4123 2.
1977 4061 2078 4138 Quum
2096 4062 2225 4124 acar-isset

242 4144 364 4208 Psalmi
394 4155 425 4207 et
455 4155 521 4208 toto
551 4154 704 4208 contextu
731 4146 894 4227 professus
918 4147 961 4209 sit
982 4168 1017 4209 se
1039 4166 1110 4209 esse
1133 4166 1205 4228 per·
1231 4188 1236 4247 Ι
1261 4149 1347 4230 Dece
1370 4147 1551 4217 idumaeas,
1581 4151 1607 4207 et
1636 4148 1809 4210 enuntiasset
1840 4145 1941 4227 Sauli,
1971 4165 2008 4210 ec
2036 4146 2064 4208 ei
2093 4146 2224 4209 diamant

243 4230 346 4293 ditum
369 4246 402 4292 et
424 4227 639 4311 desperatum,
663 4228 749 4293 unde
771 4250 859 4294 nunc
881 4248 1013 4312 repento
1036 4243 1127 4295 tanta
1149 4251 1206 4294 su·
1231 4250 1235 4267 ¹
1260 4234 1416 4299 Douideaa
1437 4234 1555 4296 ceticae
1577 4232 1611 4293 ia
1631 4231 1758 4294 dotatam
1779 4230 1980 4295 Acbimetecb.

244 4315 349 4389 dacia,
384 4325 420 4375 ut
447 4323 548 4377 tetam
581 4315 748 4380 ecelesiam
782 4315 853 4380 Deo
886 4316 1108 4381 commendare
1140 4338 1205 4380 non

243 4398 391 4465 dubitet?
438 4398 606 4480 Quomodo
639 4401 725 4463 enim
759 4402 838 4465 alios
869 4422 981 4465 omnes
1014 4403 1048 4465 in
1082 4403 1205 4467 coelum
1231 4456 1234 4495 ,

1344 4403 1513 4482 Quiantum
1537 4401 1654 4464 attinet
1676 4400 1715 4465 ad
1739 4424 1856 4465 nomon
1884 4379 2025 4485 blm,
2054 4402 2119 4465 iam
2151 4416 2222 4466 autc

243 4487 371 4562 evehat,
402 4487 456 4568 qui
479 4485 537 4548 vix
560 4505 601 4548 ex
623 4485 736 4549 inferis
759 4488 915 4549 emersit?
958 4486 1021 4551 Hic
1045 4502 1133 4552 certo
1157 4489 1204 4551 vi·
1260 4489 1404 4553 diximus
1428 4487 1558 4567 proprio
1581 4488 1683 4550 solere
1708 4487 1847 4551 Psalmis
1869 4489 2011 4564 inscribi,
2035 4489 2090 4551 ubi
2114 4486 2220 4552 David

244 4572 368 4648 demus,
391 4571 527 4636 simulac
548 4570 748 4634 reconciliati
766 4570 969 4643 sumusDco.
993 4594 1056 4636 ncn
1078 4585 1204 4637 tentum
1259 4595 1294 4638 se
1325 4573 1387 4636 Dei
1416 4592 1516 4633 rnanu
1546 4575 1736 4655 castigatum
1767 4574 1866 4636 sitisse
1893 4585 2143 4652 commemorat,
2174 4576 2221 4637 rel

243 4660 379 4723 liberam
410 4657 525 4739 cuique
555 4675 613 4737 pro
643 4656 746 4718 salute
776 4678 835 4720 sua
868 4658 1019 4738 precandi
1053 4660 1205 4723 fiduciam
1258 4660 1376 4724 saltem
1409 4657 1516 4737 aliquo
1551 4659 1734 4722 afflictionis
1769 4680 1888 4742 genero
1923 4660 2149 4732 admonitum,
2190 4673 2223 4723 ut

243 4744 398 4828 permitti,
430 4741 484 4806 sed
508 4764 567 4806 nos
590 4742 686 4805 etiam
715 4762 771 4823 pre
793 4742 864 4804 aliis
887 4741 1014 4805 admitti
1047 4746 1206 4827 suffraga·
1259 4746 1429 4826 proliceret
1458 4756 1610 4824 tanquam
1640 4744 1700 4808 sub
1730 4747 1878 4827 magistri
1910 4745 2021 4824 ferula,
2050 4746 2147 4810 cuius
2178 4748 2219 4810 rei

245 4844 347 4895 tores:
370 4830 436 4892 imo
450 4828 535 4909 quod
552 4828 656 4910 magis
671 4827 882 4890 honorificum
902 4843 960 4904 cst,
979 4829 1207 4911 regniOhristi
1259 4828 1410 4909 exempla
1451 4828 1623 4894 habuimus
1664 4831 1793 4897 Psalmo
1826 4830 1867 4894 32
1908 4842 1941 4893 ot
1972 4830 2023 4895 42.
2084 4831 2221 4895 Diversa

245 4916 392 4997 gloriam,
412 4934 492 4997 quae
510 4914 614 4996 magis
632 4913 775 4995 pretiosa
793 4926 842 4975 est
860 4934 956 4994 quam
975 4916 1075 4980 totius
1092 4912 1207 4979 mundi
1261 4915 1380 4979 Psalmi
1403 4913 1444 4978 45
1467 4918 1549 4978 ratio
1571 4916 1641 4993 fuit,
1674 4937 1790 4996 nempe
1814 4931 1848 4978 ut
1870 4917 1990 4980 scirent
2014 4918 2160 4995 lectores,
2191 4918 2220 4979 in

246 5003 340 5077 salus,
368 4999 593 5065 commendare
617 4998 699 5062 licet.
973 5073 978 5082 ¹
1260 5000 1316 5065 illo
1339 5000 1496 5063 amatorio
1519 5003 1660 5064 carmine
1690 5002 1772 5064 nihil
1803 5022 1872 5064 esse
1896 5002 2062 5078 lascivum,
2092 5002 2150 5067 sed
2172 5024 2219 5066 sa·

331 5087 383 5149 21.
413 5086 515 5167 (Tarae
535 5090 658 5165 compta
678 5082 822 5162 babebis.)
866 5084 930 5148 Hic
953 5086 1058 5166 primo
1088 5086 1207 5149 intuitu
1260 5106 1351 5150 crum
1376 5095 1408 5146 ct
1429 5085 1599 5168 spirituale
1621 5085 1744 5150 Christi
1768 5107 1841 5150 cum
1871 5087 2007 5152 ecclesia
2036 5089 2220 5170 coniugium

245 5173 368 5252 species
386 5171 493 5250 aliqua
511 5170 747 5253 repugnantiae
769 5172 917 5248 ocetrrrit,
940 5168 995 5234 sed
1013 5190 1096 5252 quae
1118 5169 1208 5234 nullo
1231 5197 1238 5263 q
1260 5169 1326 5233 illic
1348 5170 1494 5233 describi.
1540 5170 1626 5234 Huic
1655 5184 1763 5235 autem
1793 5171 1924 5237 Psalmo
1954 5185 1987 5236 et
2015 5174 2222 5256 sequentibus

246 5256 375 5338 negotio
396 5254 576 5319 discutitur.
612 5256 758 5333 Dixerat,
782 5255 906 5320 nullius
925 5275 981 5338 per
999 5275 1034 5319 se
1053 5255 1207 5321 momenti
1232 5266 1236 5285 ²
1261 5254 1414 5320 convenit
1435 5254 1574 5319 eruditio
1597 5278 1638 5321 ox
1658 5257 1859 5323 correctione
1880 5261 2031 5341 profecte,
2054 5279 2114 5325 nce
2136 5261 2220 5325 enim
