4658 5856
108 326 169 393 llll
915 324 1132 394 Psstrtlus
1155 325 1288 392 XVlIl.
2038 329 2101 397 182

106 514 291 579 communis
326 513 428 578 totins
460 514 614 580 ecclesiae
648 512 748 578 salus.
799 513 961 593 Quamvis
989 515 1076 580 enim
1129 515 1217 581 unde
1246 514 1302 579 illa
1330 528 1417 580 recte
1448 514 1566 599 agendi
1593 517 1783 584 inflexibilis
1811 520 1992 585 constantia
2015 519 2104 584 inter

107 598 243 665 Saulem
276 599 426 683 privatus
458 598 551 665 dolor
583 600 618 664 in
651 599 773 665 rabiem
807 609 928 684 agera,
959 601 1079 684 aliique
1130 611 1181 666 tot
1201 600 1414 686 gravissimas
1442 603 1657 667 tentationes:
1695 604 1770 685 quia
1802 605 1928 671 scilicet
1957 616 2100 671 montem

105 704 222 751 omnes
244 696 284 750 ut
303 685 374 768 regi
396 696 560 751 navarent
579 704 712 769 operam
731 686 852 751 acriter
884 697 918 752 ct
935 686 1078 753 violento
1130 707 1224 753 suam
1254 684 1401 754 retulerit
1430 685 1471 751 ad
1503 687 1566 752 Dei
1594 688 1712 771 legem.
1756 686 1860 756 Sicuti
1885 692 1971 755 enim
1995 711 2101 755 novos

107 772 246 854 impetu·
269 785 386 839 contra
421 769 584 839 Davidem
615 781 766 836 ruerent:
803 772 939 839 minime
968 782 1077 837 tamen
1130 772 1260 839 assidue
1278 772 1773 855 insultusnobismovetssatan,
1792 775 2103 843 itaetiamadarma

107 856 244 923 dubium
273 870 332 934 est,
365 856 509 923 Satanas
537 857 681 940 impulsu
710 878 846 942 regnum
870 857 949 923 illud
972 869 1079 923 tanto·
1130 860 1307 942 coningere
1327 878 1461 924 neccsse
1478 871 1537 942 est,
1561 879 1653 925 arma
1669 876 1779 926 autem
1801 860 1894 927 nobis
1916 862 2103 946 suppeditat

109 964 187 1027 perc
219 942 320 1009 tuisse
351 956 594 1027 oppugnatum:
628 942 706 1027 quia
737 943 772 1009 in
806 943 904 1010 unius
938 944 1079 1010 hominis
1131 943 1262 1012 divinae
1280 943 1548 1029 legismediratio.
1577 945 2102 1031 Discuntigiturquibusccrdicst

107 1048 249 1113 persona
268 1028 360 1094 Deus
380 1049 471 1110 spem
496 1029 642 1110 publicac
663 1029 779 1095 salutis
800 1040 964 1114 posucrat.
987 1029 1079 1097 Haec
1131 1032 1313 1115 integritas,
1336 1050 1372 1097 se
1389 1030 1424 1095 in
1445 1027 1539 1095 verbi
1564 1029 1629 1095 Dei
1646 1030 1755 1096 studio
1771 1031 1914 1116 quotidie
1941 1053 2101 1109 exercere,

107 1116 192 1181 ratio
214 1124 266 1179 cst
286 1136 345 1180 cur
367 1128 432 1179 tam
456 1116 593 1182 sollicite
614 1125 647 1181 et
670 1116 882 1181 vehementer
903 1114 1080 1182 contendat
1131 1117 1230 1182 simul
1241 1114 1568 1199 enimacnegligitur
1580 1114 1736 1197 doctriua,
1748 1118 1843 1185 lacile
1854 1120 2002 1187 socordia
2013 1118 2104 1185 obre·

110 1201 219 1266 David
248 1194 289 1265 in
323 1201 498 1267 asserenda
529 1222 645 1267 causae
677 1221 756 1266 suae
787 1201 922 1267 institia.
976 1201 1080 1267 Porro
1133 1205 1190 1287 pit,
1212 1214 1246 1269 et
1267 1201 1435 1268 evanescit
1454 1203 1562 1269 omnis
1582 1202 1647 1267 Dei
1670 1203 1776 1270 timor.
1820 1203 1913 1271 Inter
1932 1204 2051 1271 iudicia
2069 1214 2103 1268 et

110 1288 167 1351 ubi
189 1286 231 1352 ad
255 1286 400 1351 tribunal
424 1287 486 1352 Dei
508 1307 584 1353 oum
608 1287 757 1354 hostibus
778 1288 847 1354 suis
869 1288 985 1365 litigat,
1013 1308 1078 1352 non
1132 1288 1238 1356 edicta
1270 1286 1423 1355 subtilius
1455 1285 1513 1353 hic
1540 1309 1606 1354 non
1639 1287 1820 1374 distinguo:
1855 1291 1883 1355 si
1916 1292 1968 1356 cui
1992 1305 2100 1356 tamen

109 1376 219 1457 agitur
240 1370 282 1436 ds
304 1385 371 1436 tota
395 1373 471 1449 vita,
503 1372 561 1438 sed
583 1372 733 1441 decerta
754 1393 861 1439 causa.
905 1371 1081 1439 horendus
1132 1374 1234 1441 libeat
1254 1393 1376 1458 ponere
1397 1372 1583 1447 discrimen,
1615 1368 1736 1441 iudicia
1755 1376 1797 1441 ad
1819 1375 1995 1441 secundem
2021 1377 2102 1459 legis

110 1480 190 1542 ergo
206 1469 259 1523 est
275 1458 521 1541 disceptationis
539 1469 654 1538 status,
675 1457 761 1542 quod
776 1458 939 1525 Davidem
958 1459 1082 1524 scilicet
1133 1461 1279 1528 tabulam
1312 1460 1434 1526 referre
1466 1460 1654 1526 conveniet:
1692 1471 1816 1525 statuta
1855 1473 1977 1537 autem,
2018 1483 2102 1546 quae

110 1543 225 1609 multis
244 1544 437 1609 criminibus
458 1543 650 1626 onerabant,
673 1546 813 1629 primum
837 1545 1026 1612 defectionis
1047 1554 1082 1608 et
1131 1548 1293 1615 Hebraeis
1309 1556 1410 1626 mm
1435 1556 1603 1624 vocantur,
1634 1547 1674 1611 de
1691 1546 1781 1613 cultu
1799 1547 1930 1630 pietatis
1947 1550 2102 1631 accipere.

110 1628 274 1713 perfidiae,
314 1630 390 1712 quia
422 1649 442 1694 a
473 1650 551 1716 rege
583 1644 615 1695 et
647 1651 758 1697 socero
790 1652 849 1697 suo
882 1631 1080 1697 desciverat:
1133 1631 1217 1721 (Fui
1237 1584 1362 1716 tmperi
1376 1649 1447 1697 cum
1467 1628 1525 1717 co.)
1566 1629 1678 1698 Verba
1711 1631 1792 1698 haec
1815 1632 1911 1714 'apud
1941 1633 2103 1698 Davidem

110 1715 229 1781 deinde
264 1715 437 1793 latrocinii,
469 1736 507 1782 ac
536 1715 564 1781 si
595 1718 698 1783 instar
726 1717 908 1800 praedonis.
941 1735 1080 1800 regnum
1132 1719 1242 1786 omnia
1270 1729 1349 1784 sunt
1377 1716 1479 1782 loturi
1507 1718 1678 1799 temporis:
1707 1718 1784 1800 quia
1812 1738 1880 1783 non
1902 1717 1943 1783 de
1964 1718 2102 1785 evanido

110 1811 318 1885 occupasset:
340 1801 511 1868 seditionis
529 1803 638 1883 etiam,
660 1803 752 1886 quasi
771 1802 966 1887 tanquillam
986 1800 1080 1886 regni
1133 1806 1243 1890 aliquo
1271 1815 1347 1871 actu
1379 1801 1549 1887 gloriatur,
1577 1802 1634 1868 sed
1663 1801 1703 1868 de
1731 1805 1827 1869 firma
1849 1808 2101 1887 perseverantia.

109 1900 232 1954 statum
252 1885 432 1953 turbasset:
450 1898 615 1970 postremo
632 1888 837 1956 crudelitatis
853 1900 887 1953 et
903 1889 1080 1953 multorum
1133 1890 1229 1972 Quod
1260 1898 1371 1955 autem
1393 1888 1484 1972 prius
1503 1886 1667 1965 admonui,
1697 1890 1773 1971 quia
1794 1891 1914 1955 iniuste
1935 1910 1971 1955 se
1992 1890 2103 1955 David

10 2004 12 2015 ·
110 1974 280 2053 scelerum,
301 1974 395 2055 quasi
415 1993 547 2039 causam
570 1972 713 2040 dedisset
734 1974 896 2058 caedibus,
918 1985 952 2041 et
968 1973 1082 2039 multis
1134 1977 1282 2043 damnari
1315 1974 1357 2040 ab
1392 1973 1579 2040 hominibus
1612 1973 1752 2051 videbat,
1789 1976 1897 2040 Deum
1930 1975 1991 2041 sibi
2019 1978 2104 2041 ferre

109 2059 235 2127 illicitis
270 2059 395 2125 artibus
430 2061 702 2144 conspirationem
737 2082 830 2127 suam
866 2072 1083 2145 prosequutus
1135 2063 1284 2140 iudicem,
1317 2060 1395 2126 hinc
1423 2060 1543 2126 clarius
1568 2070 1669 2143 patet,
1705 2081 1805 2143 quum
1834 2058 1913 2125 dicit
1940 2083 1976 2126 se
2004 2064 2103 2128 luisse

110 2160 205 2212 esset.
248 2144 324 2227 Ipse
357 2156 466 2209 nutem
496 2164 605 2212 coram
639 2147 710 2212 Deo
739 2168 833 2212 suam
862 2145 1082 2213 innocentiam
1133 2150 1298 2243 integrum
1319 2166 1394 2213 cum
1413 2166 1460 2210 eo.
1506 2143 1563 2212 Sic
1580 2145 1710 2229 quidem
1730 2144 1770 2210 de
1787 2146 1911 2212 sanctis
1928 2145 2104 2230 aliquando

111 2232 197 2298 tueri
227 2232 351 2311 volens,
380 2231 526 2297 affirmat
550 2253 585 2298 se
613 2234 741 2317 integre
761 2245 794 2297 et
816 2234 942 2298 sincere
964 2233 998 2295 in
1021 2230 1083 2294 hac
1133 2235 1295 2317 scriptura
1324 2230 1479 2314 loquitur,
1512 2244 1550 2296 ut
1577 2252 1633 2297 eos
1660 2232 1700 2297 ab
1731 2232 1909 2315 hypocritis
1931 2232 2105 2312 discornat,

110 2337 210 2383 musa
241 2316 341 2382 luisse
374 2329 558 2382 versatum:
592 2320 668 2401 quia
701 2339 805 2401 neque
837 2337 1011 2403 aggressus
1040 2317 1081 2381 sit
1133 2320 1250 2403 quibus
1267 2319 1347 2384 satis
1364 2328 1415 2384 est
1431 2328 1603 2383 externam
1625 2320 1847 2384 caeremoniae
1864 2317 1989 2382 larvam
2013 2339 2105 2402 prae·

109 2402 290 2487 quidquam
333 2413 462 2486 praeter
500 2403 564 2468 Dei
609 2403 808 2484 mandatum,
851 2417 884 2469 et
922 2400 1081 2486 quidquid
1133 2407 1235 2472 lerre:
1264 2404 1322 2470 scd
1352 2403 1510 2469 hocloco
1539 2402 1650 2467 David
1678 2403 1718 2468 ed
1740 2402 1930 2468 refutandos
1952 2404 2104 2470 sinistros

110 2489 214 2556 moliti
237 2488 306 2554 sint
328 2487 449 2569 hostes,
469 2510 505 2554 sc
527 2499 636 2556 mmen
658 2491 745 2555 intra
767 2511 845 2556 suas
861 2487 1081 2555 matasconti-
1134 2510 1283 2557 rumorss
1311 2509 1425 2557 secure
1458 2490 1567 2554 Deum
1589 2488 1742 2572 appellat.
1787 2487 1883 2569 Quod
1905 2489 2002 2554 ctiam
2027 2512 2103 2555 con·

111 2579 232 2641 ruerit.
277 2573 366 2639 Hinc
387 2576 487 2640 stulte
505 2576 656 2653 infertur,
680 2575 788 2641 Deum
808 2576 993 2642 hominibus
1011 2589 1082 2657 pro-
1134 2580 1246 2643 firmat
1266 2576 1419 2660 repetitio
1442 2594 1525 2657 quae
1545 2575 1643 2657 poulo
1665 2585 1737 2656 post
1759 2575 1915 2658 sequitur,
1936 2577 2104 2641 emendum

111 2661 230 2745 pitium
259 2679 330 2726 esse
360 2672 458 2743 prout
484 2661 601 2745 dignos
622 2663 734 2727 lavore
756 2681 816 2728 suo
838 2661 976 2727 iudicat:
1006 2661 1084 2745 quia
1134 2663 1318 2729 munditiem
1350 2681 1502 2726 mannum
1534 2680 1640 2726 coram
1670 2659 1769 2726 oculis
1800 2660 1884 2725 dus:
1920 2659 1954 2725 in
1985 2661 2104 2743 quibos

111 2758 241 2812 tantum
259 2745 313 2812 hio
329 2747 488 2812 assantur
505 2768 622 2814 causae
639 2747 768 2813 bonitas
786 2763 902 2815 contra
919 2747 1082 2831 improbos
1135 2747 1243 2815 verbis
1276 2768 1342 2813 non
1377 2748 1515 2812 obscura
1548 2747 1721 2811 antithesis
1753 2755 1890 2830 apparet
1923 2746 2007 2811 inter
2039 2746 2104 2814 Dei

112 2832 380 2899 calumniatores:
411 2855 477 2899 non
508 2843 616 2900 autem
639 2837 673 2898 in
696 2853 834 2899 examen
857 2846 993 2907 vocatur
1015 2842 1082 2898 tota
1134 2835 1245 2901 oculos
1267 2848 1300 2899 et
1321 2834 1490 2899 confusum
1513 2832 1565 2899 vcl
1591 2832 1772 2916 malignum
1795 2831 1909 2896 mundi
1932 2832 2103 2900 intuitum:

112 2919 255 2985 hominis
284 2918 362 2992 vita,
392 2929 430 2983 ut
458 2923 595 3003 gratiam
626 2921 699 3003 quis
726 2921 882 2998 obtineat,
912 2921 1082 3003 iustusque
1135 2942 1172 2988 ac
1203 2922 1230 2986 si
1268 2919 1392 2986 diceret
1429 2939 1465 2984 se
1497 2919 1628 3001 iniquas
1661 2917 1841 2983 calumnias
1864 2917 1947 2983 nihil
1971 2921 2103 3000 morari,

112 3016 293 3072 conseatur.
339 3001 380 3068 ln
403 3027 540 3084 summa,
578 3005 687 3070 David
725 3007 767 3072 eb
800 3006 917 3072 effectu
949 3006 1083 3090 colligit,
1134 3006 1230 3072 modo
1257 3026 1365 3073 coram
1393 3004 1467 3069 Deo
1493 3005 1536 3069 sit
1558 3006 1696 3086 integer,
1725 3006 1818 3070 cuius
1841 3002 1996 3068 iudicium
2021 3005 2103 3071 nulli

112 3110 205 3157 suam
226 3110 360 3156 causam
382 3092 543 3174 placuisse
566 3092 645 3169 Deo,
669 3112 733 3156 non
756 3091 841 3177 quod
864 3113 930 3157 una
949 3092 1083 3157 victoria
1135 3091 1271 3175 maligui
1299 3103 1334 3156 et
1362 3089 1563 3174 praeposteri
1590 3090 1725 3154 affectus
1752 3098 1954 3171 pervertunt.
1998 3091 2103 3156 Porro

113 3186 307 3262 perpetuum
325 3178 367 3240 sit
386 3178 490 3243 bonae
508 3199 622 3242 causae
639 3177 787 3261 signum:
809 3177 866 3242 sed
885 3179 960 3261 quia
978 3178 1082 3242 meni·
1134 3178 1307 3261 integritas
1334 3196 1434 3259 quam
1457 3174 1517 3241 eibi
1540 3176 1666 3252 asserit,
1697 3194 1761 3238 noo
1785 3174 1940 3256 perfectio
1963 3188 2022 3253 cst,
2046 3179 2102 3241 sed

113 3265 203 3329 lestis
231 3262 335 3343 signis
364 3263 478 3328 anxilii
507 3264 557 3329 sui
580 3262 761 3330 ostenderit
782 3265 874 3329 Deus
895 3286 931 3329 se
952 3274 1040 3329 stare
1062 3285 1082 3328 a
1134 3264 1304 3329 sinceritas
1323 3282 1406 3344 quae
1424 3260 1626 3325 simulationi
1643 3259 1825 3342 opponitur,
1844 3258 1930 3341 quod
1948 3261 2045 3326 etiem
2061 3284 2103 3326 ex

114 3362 206 3434 parte
228 3346 375 3414 Davidis.
1134 3349 1283 3432 proximo
1305 3347 1451 3413 membro
1473 3346 1550 3410 licet
1570 3346 1731 3429 colligere,
1766 3346 1820 3411 ubi
1842 3345 1930 3424 dicit,
1951 3346 2104 3413 cododini

197 3433 251 3500 22.
273 3431 374 3519 (Quia
393 3434 568 3521 metudioi.)
591 3435 642 3499 De
664 3438 807 3518 puritate
829 3456 984 3501 manuum
1007 3455 1083 3499 sua·
1133 3455 1181 3501 otc
1202 3434 1242 3500 ob
1270 3433 1435 3516 aqam
1459 3452 1538 3496 mec.
1582 3432 1695 3499 'Daoitc
1720 3431 1808 3496 enim
1837 3432 1958 3497 latetur
1979 3453 2015 3497 se
2037 3454 2102 3499 non

113 3542 186 3589 rum
208 3520 354 3587 dixemt:
376 3524 456 3604 quia
470 3533 579 3587 nmen
593 3518 724 3588 videbat
740 3544 896 3608 perversa
917 3519 958 3586 de
979 3542 1014 3586 sc
1031 3519 1082 3585 iu·
1134 3521 1180 3586 ita
1203 3540 1223 3585 a
1249 3518 1379 3586 vitiosis
1407 3518 1576 3583 affectibus
1598 3537 1716 3602 purum
1739 3516 1837 3583 luisse
1859 3527 1893 3582 et
1913 3517 2103 3595 immunem,

113 3609 199 3675 dicia
218 3606 300 3682 lieri,
321 3607 394 3673 rias
415 3607 552 3673 Domini
573 3628 609 3672 se
630 3627 778 3676 servasse
799 3609 978 3686 affirmans,
1006 3627 1082 3689 pro·
1135 3606 1213 3689 quin
1236 3626 1332 3689 saepe
1354 3604 1498 3670 hostium
1521 3604 1711 3687 improbitas
1732 3623 1807 3668 eum
1831 3616 2001 3687 pungeret.
2045 3604 2103 3670 In·

114 3703 209 3761 vocat
241 3691 478 3776 quodammodo
500 3693 541 3758 ad
564 3695 635 3758 eius
656 3693 811 3761 tribunal.
855 3693 974 3760 Solent
994 3692 1081 3757 idem
1134 3693 1292 3757 teatinum
1313 3690 1416 3775 igitur
1438 3690 1470 3755 ei
1492 3688 1612 3754 bellum
1635 3690 1698 3754 luit
1718 3708 1793 3753 cum
1815 3687 1928 3752 multis
1951 3692 2101 3756 tentatio·

113 3777 315 3847 confidenter
332 3779 454 3844 iactare
473 3780 673 3864 hypocritae,
691 3780 758 3847 imo
775 3780 858 3847 nihil
876 3780 1083 3862 illispromp·
1134 3778 1248 3843 nibus:
1277 3779 1353 3860 quia
1381 3774 1432 3863 (ut
1461 3774 1557 3839 homo
1586 3774 1670 3860 erat)
1700 3774 1770 3839 fieri
1800 3795 1865 3839 non
1897 3777 2001 3855 potuit
2022 3778 2100 3858 quin

115 3869 179 3933 tius
210 3878 262 3930 est
294 3884 391 3947 quam
426 3887 485 3949 per
515 3866 621 3932 lusum
654 3866 828 3933 obtendere
861 3886 989 3932 sacrum
1019 3863 1081 3930 Dei
1134 3865 1254 3929 multas
1282 3865 1391 3929 carnis
1418 3861 1616 3945 punctiones
1644 3861 1789 3926 sentiret.
1836 3857 1901 3925 Sed
1931 3859 2010 3928 haee
2041 3864 2104 3928 luit

116 3967 249 4020 nomon:
279 3949 336 4015 sed
367 3950 475 4017 David
498 3951 581 4016 nihil
610 3952 645 4016 in
669 3952 810 4018 medium
833 3953 967 4035 profert,
997 3951 1082 4033 quod
1134 3950 1268 4014 virtutis
1289 3950 1360 4013 eius
1377 3946 1537 4030 probatio,
1561 3967 1696 4010 manum
1714 3947 1774 4011 sibi
1793 3947 1935 4024 iniicere,
1957 3960 1989 4012 ct
2008 3950 2101 4031 quid-

116 4060 180 4104 non
210 4037 344 4119 reipsa
372 4048 573 4119 compertum
608 4049 695 4104 esset
724 4037 919 4115 hominibus,
955 4036 983 4102 si
1017 4056 1083 4118 qua
1133 4034 1210 4119 quid
1231 4033 1353 4101 sciehat
1375 4033 1474 4099 verbo
1496 4031 1561 4097 Dei
1584 4032 1766 4108 adversum,
1800 4031 1966 4097 cohibere:
1997 4057 2102 4119 neque

116 4125 272 4210 viguisset
293 4124 379 4187 inter
400 4125 488 4206 ipsos
510 4123 665 4206 aequitas.
710 4124 823 4205 Quare
844 4124 916 4190 eins
934 4123 1082 4205 exemplo
1133 4121 1220 4185 enim
1250 4120 1419 4202 quisquam
1449 4119 1482 4184 in
1512 4118 1643 4199 pietatis
1670 4118 1779 4182 studio
1809 4136 1932 4202 perget,
1961 4122 2025 4186 uisi
2046 4123 2104 4205 qui

115 4209 222 4277 danda
249 4208 285 4272 in
315 4210 429 4291 primis
459 4230 557 4293 opera
585 4221 635 4275 cst
663 4218 701 4276 ut
729 4211 823 4276 nobis
852 4210 934 4274 bene
962 4209 1081 4277 conscii
1133 4206 1246 4274 scdulo
1267 4227 1302 4270 se
1323 4205 1485 4272 custodiet
1507 4205 1548 4270 ab
1569 4204 1741 4288 iniquitate
1763 4224 1831 4268 sua.

115 4299 225 4362 simus.
281 4294 425 4360 Accedat
465 4295 583 4360 deinde
623 4297 703 4364 haec
735 4295 1001 4381 magnanimitas,
1045 4308 1081 4359 ut

114 4379 907 4552 ltili„llil-ll„llfflttlltltllltt
925 4393 1081 4533 ltili
1131 4435 1215 4514 aaa
1236 4430 1392 4512 iveram
1412 4432 1440 4492 te
1458 4425 1645 4510 cactos·
1687 4427 1739 4492 2⁷-
1810 4427 1880 4514 ma
1901 4450 1982 4509 auro
1995 4451 2102 4511 lues

247 4571 255 4589 .
343 4552 349 4565 ·
888 4555 893 4566 ·
943 4556 949 4568 ·
1132 4518 1205 4595 eris,
1237 4519 1264 4578 ci
1295 4534 1365 4580 cum
1392 4532 1539 4594 pervoco
1567 4532 1713 4594 perverse
1744 4534 1826 4597 opes.
1878 4514 1929 4579 28.
1964 4515 2046 4596 Quia
2068 4522 2102 4580 tu

115 4555 384 4714 thuait,
405 4553 1081 4722 till,“litllplttlttatl
1126 4602 1281 4684 rossam
1298 4600 1451 4682 affictum
1468 4598 1615 4673 taos
1638 4596 1784 4664 aava
1797 4601 1947 4680 apum
1965 4602 2100 4666 viteis·

116 4730 182 4792 eius
203 4726 302 4791 fidem
325 4725 602 4791 machinarentur.
648 4725 793 4790 Verbum
817 4726 905 4789 onim
928 4746 993 4808 quo
1016 4726 1080 4789 uti·
1217 4722 1269 4787 26.
1298 4719 1392 4805 (Com
1420 4724 1579 4783 mansueto
1607 4717 1674 4804 cic.)
1726 4719 1873 4784 Eandem
1904 4723 2099 4785 sententiam

116 4823 176 4893 tur,
205 4833 273 4877 non
303 4810 431 4892 lapsum
460 4832 564 4876 unum
595 4811 738 4890 denotat,
769 4812 825 4876 scd
855 4810 1080 4894 desectionem,
1132 4808 1349 4889 prosequitur.
1411 4803 1476 4869 Dei
1517 4807 1603 4869 enim
1644 4806 1795 4888 gratiam,
1842 4828 1906 4888 qua
1945 4807 2101 4872 liberatus

116 4919 195 4981 quae
234 4898 399 4965 hominem
429 4918 449 4961 a
479 4899 548 4961 Dco
579 4918 711 4979 prorsus
740 4898 871 4962 alienat.
921 4897 1080 4979 Quamvis
1132 4895 1247 4972 lueret,
1277 4912 1354 4957 suae
1377 4892 1576 4973 integritatis
1599 4903 1715 4954 testem
1739 4889 1912 4969 adducens,
1935 4891 1975 4956 de
1997 4898 2102 4960 caecis

116 4997 222 5050 sutem
252 4982 359 5050 David
390 5005 447 5065 pro
470 4983 577 5048 carnis
599 4983 788 5048 infirmitate
810 4984 975 5049 interdum
1000 4983 1079 5049 deli·
1131 4991 1164 5045 et
1202 4978 1347 5062 indignis
1387 4977 1530 5041 hostium
1569 4974 1744 5041 calumniis
1786 4977 1988 5056 triumphum
2023 4983 2100 5064 agit

117 5072 234 5153 querit:
263 5090 430 5151 uunquam
460 5082 569 5133 temen
599 5071 732 5134 recessit
761 5091 780 5133 a
808 5068 916 5134 studio
939 5070 1080 5151 pictatis,
1131 5067 1253 5132 Fateor
1276 5062 1406 5146 quidem
1428 5061 1490 5128 hoc
1513 5063 1694 5146 hypocritis
1715 5082 1843 5146 quoque
1865 5064 1998 5133 solenne
2021 5088 2102 5148 esso,

117 5157 164 5222 vel
187 5154 374 5222 mandatam
398 5154 457 5221 sibi
481 5155 629 5220 militiam
653 5154 805 5220 descruit.
1402 5184 1404 5188 ⁴

198 5242 251 5310 23.
283 5240 456 5328 (Quoniam
490 5242 596 5308 omnio
627 5240 771 5327 iudicio.)
833 5240 904 5306 Iam
938 5239 1080 5306 ostendit
1199 5254 1228 5323 ¹⁸)
1245 5270 1318 5319 avec,
1337 5269 1370 5306 en
1387 5267 1493 5321 margo:
1511 5266 1546 5304 ou
1565 5268 1671 5307 envers.

1218 4343 1270 4408 26.
1296 4341 1374 4407 Oum
1395 4345 1554 4406 masurio
1575 4345 1733 4405 monacus
1753 4360 1775 4405 o
1795 4361 1839 4422 cs,
1872 4362 1941 4406 cum
1962 4344 2031 4409 ciro
2053 4347 2102 4409 in·

1848 5338 1898 5391 tt·
