4658 5856
101 331 164 398 ost
444 370 451 389 ι
945 333 1163 401 PSALMUS
1185 335 1259 401 LV.
2042 335 2105 402 538

189 520 219 587 l.
248 521 343 607 (Quis
374 523 459 588 dubit
491 521 593 608 milri.)
643 523 707 588 His
742 522 850 589 verbis
883 545 948 589 uon
981 523 1077 589 modo
1131 524 1197 590 Sed
1216 522 1427 590 memorabile
1445 523 1527 589 illud
1546 523 1709 606 specimen
1722 523 1851 607 oblique
1863 534 2103 606 commemorat,

102 609 267 693 siguificat
288 607 415 673 nullum
437 607 500 674 sibi
522 608 680 693 effugium
703 621 825 691 patere,
847 609 902 674 sed
922 610 1077 674 miserum
1130 629 1194 693 quo
1223 610 1323 675 semel
1352 619 1492 675 testatus
1519 621 1569 674 est
1590 609 1683 674 Deus
1707 611 1742 674 in
1771 630 1830 676 suo
1859 610 1993 675 arbitrio
2022 631 2103 695 esse,

103 704 227 758 statum
260 713 356 758 suum
390 692 552 779 deplorat,
584 692 671 778 quod
704 693 785 759 nihil
814 696 932 760 exsilio
961 695 1078 760 melius
1129 707 1276 760 mutuam
1289 695 2101 777 intersoeleratosetimproboscommunicationem

103 790 256 928 appetere
273 780 338 844 ism
358 789 472 861 queat:
493 801 558 844 nou
573 780 668 862 quale
680 780 867 846 homiuibus
879 780 1079 859 conceditur,
1129 780 1286 862 tollendo,
1325 782 1477 866 frangere
1510 801 1624 845 eorum
1657 783 1744 847 vires
1775 801 1812 848 ao
1844 791 1989 847 conatus.
2046 781 2102 849 Sic

104 887 138 932 se
163 898 166 903 ·
190 863 324 948 perinde
354 884 392 930 ac
414 867 442 931 si
467 865 618 930 columba
641 866 752 949 procul
776 868 807 929 iu
832 865 997 932 desertum
1019 867 1078 930 ali·
1129 865 1272 950 quotidie
1294 887 1466 950 perversas
1487 867 1644 932 factiones
1667 866 1826 945 discindit,
1859 866 1936 930 dnm
1958 868 2045 933 iuter
2067 889 2102 933 se

105 972 201 1035 quem
224 951 381 1034 angulum
403 951 521 1028 evolet,
551 950 689 1034 denique
712 951 868 1035 intelligit
891 974 925 1017 se
948 952 1078 1017 nonnisi
1129 953 1305 1025 committit
1336 952 1489 1018 ecclesiae
1518 953 1645 1033 hostes,
1674 962 1710 1018 ιιι
1736 953 1794 1017 alii
1823 953 1895 1017 aliis
1923 952 2101 1030 invideant,

104 1035 261 1103 miraculo
283 1037 368 1102 elabi
390 1057 495 1119 posse.
527 1035 654 1102 Deinde
672 1057 739 1101 uou
758 1038 827 1102 lore
845 1038 950 1102 locum
969 1038 1078 1102 exsilii
1129 1038 1280 1103 laborent
1301 1037 1493 1117 diffidentia,
1521 1039 1666 1103 serantur
1688 1041 1722 1104 iu
1745 1039 1927 1104 contrarios
1948 1038 2101 1118 affectus:

104 1124 193 1187 iuter
222 1121 380 1201 homines,
410 1123 467 1187 sed
490 1143 528 1188 eo
550 1122 785 1201 ee·redactum,
814 1133 851 1187 ut
874 1123 1014 1188 deterior
1036 1124 1079 1187 sit
1129 1135 1163 1188 et
1193 1123 1270 1188 dum
1299 1123 1436 1207 quisque
1463 1123 1622 1188 dominari
1652 1125 1751 1207 cupit,
1779 1145 1839 1189 neo
1866 1125 2008 1189 sustinet
2031 1126 2103 1191 aliis

105 1228 165 1273 sua
185 1207 328 1273 conditio
349 1229 446 1290 quam
469 1208 614 1274 aviculae
636 1207 819 1274 cuiuslibet.
853 1208 949 1289 Quod
968 1210 1080 1276 colum
1129 1208 1252 1286 cedere,
1276 1229 1311 1274 se
1332 1211 1420 1292 ipsos
1441 1210 1527 1274 ultro
1550 1220 1719 1275 enervent.
1755 1210 1859 1276 Porro
1882 1210 1920 1274 ad
1945 1210 2103 1276 exorandi

105 1294 176 1359 bum
217 1294 379 1358 nominari
413 1294 544 1376 quidam
576 1302 704 1376 putant·
725 1295 835 1377 potius
867 1314 965 1378 quam
997 1295 1079 1359 alias
1129 1295 1293 1378 fiduciam,
1320 1303 1443 1378 quauta
1470 1296 1512 1359 sit
1540 1295 1685 1361 hostium
1712 1295 1901 1378 improbitas
1923 1308 1956 1360 et
1978 1298 2103 1361 malitie

106 1400 193 1463 aves,
222 1380 300 1462 quia
329 1381 454 1463 pernici
482 1380 594 1445 volatu
623 1379 771 1446 excellit:
801 1382 912 1447 nescio
933 1400 975 1445 an
999 1381 1079 1445 satis
1130 1391 1285 1460 recenset,
1303 1382 1378 1463 quia
1396 1402 1525 1465 semper
1543 1380 1790 1447 tenendum'est
1804 1382 1999 1465 principium
2011 1382 2101 1458 illud,

106 1467 236 1530 firmum
277 1465 329 1531 sit.
385 1465 501 1550 Longe
539 1466 682 1549 ineptius
720 1475 771 1531 est
809 1464 895 1550 quod
928 1466 1080 1549 garriunt
1131 1466 1206 1546 Quo
1228 1466 1421 1531 insolentius
1442 1477 1543 1545 ruunt
1565 1465 1715 1532 homiues
1736 1466 1777 1531 ad
1795 1468 2006 1551 peccandum,
2029 1489 2101 1550 pro·

106 1548 235 1627 Iudaei,
266 1550 351 1615 olem
381 1552 460 1633 poni
489 1552 525 1616 iu
555 1551 712 1636 singulari
743 1572 893 1627 numero,
925 1552 1079 1635 quoniam
1129 1553 1204 1634 pius
1243 1553 1365 1616 instare
1403 1552 1467 1617 Dei
1507 1552 1687 1617 vindictam
1727 1574 1810 1635 quae
1849 1574 1959 1617 eorum
2000 1554 2102 1618 furori

106 1656 173 1701 una
205 1646 332 1702 rantum
363 1637 416 1701 ala
437 1637 574 1702 volitent
606 1635 790 1702 columbae:
820 1658 921 1720 quum
952 1637 1079 1702 numeri
1130 1650 1287 1703 occurrat.
1332 1639 1421 1723 Ergo
1443 1659 1484 1703 cx
1506 1638 1642 1703 effraeni
1671 1640 1838 1703 homiuum
1866 1638 1997 1703 lieentia
2026 1660 2101 1722 pro·

107 1724 243 1787 mutatio
265 1724 385 1804 passim
409 1725 489 1788 trita
510 1725 553 1787 sit
574 1724 608 1786 iu
632 1723 811 1805 scripturis.
855 1722 946 1788 Haec
969 1725 1079 1807 potius
1129 1724 1289 1807 pinquum
1330 1724 1391 1789 sibi
1431 1723 1499 1790 fora
1533 1724 1595 1788 Dei
1628 1724 1788 1788 auxilium
1821 1724 1944 1808 colligit
1974 1724 2100 1787 David:

107 1807 331 1872 similitudinis
359 1809 443 1874 ratio
472 1821 530 1883 est,
561 1807 647 1891 quod
669 1806 778 1873 David
803 1809 947 1893 effugere
969 1810 1080 1892 cupiat
1130 1810 1207 1891 quia
1225 1809 1286 1874 Dei
1309 1810 1477 1892 proprium
1499 1818 1549 1874 est
1571 1811 1720 1893 superbis
1741 1802 1901 1887 resisteie,
1926 1810 2102 1874 humilibus

108 1891 248 1958 hostium
279 1914 412 1959 suorum
444 1894 615 1959 saevitiam
642 1913 710 1957 nou
739 1914 833 1960 secus
862 1916 899 1961 ac
921 1894 1078 1971 columba,
1130 1904 1239 1959 autem
1269 1895 1346 1960 dare
1377 1896 1525 1978 gratiam,
1557 1894 1662 1960 Iacob.
1686 1896 1715 1972 4,
1746 1896 1775 1959 6.
1820 1895 1932 1959 Primo
1961 1896 2103 1959 affirmat

108 1999 190 2060 quae
224 1980 414 2045 meticulosa
445 1989 494 2046 est
523 1989 557 2044 et
586 1978 735 2059 imbellis,
768 1981 956 2062 accipitrem
987 1981 1079 2064 fugit
1131 2001 1166 2045 ss
1195 2001 1260 2044 uou
1290 1992 1412 2045 temere
1439 1981 1614 2064 imprecari
1643 1980 1806 2046 hostibus:
1842 1982 1918 2064 quia
1946 1992 2102 2063 expertus

106 2063 203 2129 Unde
230 2065 413 2149 colligimus
443 2065 479 2130 in
508 2085 588 2147 quas
617 2065 786 2148 augustias
808 2067 973 2131 coniectus
995 2075 1081 2131 esset
1131 2067 1174 2131 sit
1202 2086 1274 2131 esse
1300 2067 1438 2144 iniuriis,
1467 2065 1704 2145 vexationibus,
1731 2082 1763 2131 et
1786 2066 1943 2131 molestiis
1965 2067 2100 2131 deditos.

110 2149 165 2232 qui
187 2151 280 2235 regui
302 2150 453 2233 promissi
475 2150 604 2225 oblitus,
627 2150 753 2233 trepide
775 2162 905 2216 tontum
928 2151 968 2215 de
990 2154 1081 2236 iguo·
1133 2149 1184 2216 De
1211 2153 1292 2217 urbe
1313 2152 1443 2228 frustra,
1474 2173 1546 2218 meo
1568 2152 1697 2227 iudicio,
1725 2152 1875 2217 laborant
1897 2153 2102 2234 interpretes,

111 2236 251 2302 miniosa
272 2236 348 2320 fuga
370 2237 499 2319 cogitet,
522 2256 560 2301 ac
581 2236 695 2302 relicta
717 2237 832 2318 petria,
860 2246 953 2301 extra
976 2237 1080 2302 homi·
1132 2237 1273 2301 fueritne
1304 2236 1506 2322 lerosolyma
1538 2259 1581 2302 au
1614 2237 1724 2303 Oeila:
1764 2238 1840 2320 quia
1872 2236 2004 2301 videtur
2039 2238 2102 2302 alio

110 2341 187 2385 num
217 2322 485 2388 consuetudinem
512 2322 632 2388 alicubi
653 2324 689 2385 iu
712 2322 840 2387 deserto
862 2322 964 2388 latere
986 2343 1080 2407 para·
1132 2343 1229 2388 seusu
1259 2343 1379 2387 nomeu
1409 2324 1499 2388 urbis
1528 2324 1673 2405 posuisse
1702 2322 1831 2401 David,
1864 2321 1950 2405 quod
1980 2324 2103 2390 scilicet

63 2412 164 2472 ·'tus
194 2408 248 2473 sit.
293 2409 401 2490 Atque
430 2407 495 2474 huc
519 2408 661 2491 pertinet
684 2407 768 2491 quod
792 2407 889 2488 addit,
919 2421 956 2474 ιιι
977 2408 1081 2473 furori
1132 2409 1253 2491 passim
1284 2419 1317 2472 et
1346 2410 1380 2472 iu
1402 2410 1531 2492 publico
1553 2422 1705 2493 regnaret
1728 2407 1867 2473 nocendi
1889 2407 2102 2491 laedendique

110 2493 252 2557 hostium
275 2492 377 2570 cedat,
400 2515 436 2559 se
457 2495 684 2576 migrationem
708 2493 918 2579 longinquam
942 2515 1006 2558 non
1029 2515 1079 2559 re·
1132 2493 1277 2559 audacia.
1330 2493 1452 2560 Subest
1484 2496 1571 2559 euim
1602 2496 1702 2560 tacita
1731 2495 1816 2559 iuter
1846 2494 1958 2558 urbem
1989 2505 2021 2558 et
2052 2515 2103 2559 oc

110 2597 239 2643 cesare:
257 2599 317 2645 uec
333 2600 368 2644 se
383 2578 530 2644 inducias
545 2598 710 2661 quaerere,
729 2580 779 2643 rel
797 2592 925 2663 tempus
940 2581 1081 2664 trahere,
1133 2581 1237 2644 cultos
1258 2600 1403 2645 recessus
1421 2580 1606 2645 antithesis:
1626 2603 1663 2646 ac
1681 2582 1709 2645 si
1728 2579 1873 2655 dixisset,
1893 2581 1964 2643 siue
1980 2580 2102 2663 pudore

112 2663 384 2745 quemadmodum
407 2665 514 2729 soleut
536 2663 656 2747 quibus
674 2664 797 2747 aliquid
815 2667 884 2747 spei
905 2667 956 2731 vel
975 2667 1082 2731 solatii
1133 2665 1312 2730 invaluisse
1341 2665 1471 2730 rixandi
1501 2680 1639 2740 morem,
1669 2678 1702 2731 et
1731 2664 1917 2748 quotidiano
1944 2686 2006 2730 usu
2034 2684 2101 2729 non

110 2747 217 2814 adhuc
246 2750 412 2816 residuum
443 2765 502 2815 est.
555 2749 660 2817 Voces
693 2762 801 2816 autem
831 2764 909 2816 snut
938 2753 1081 2817 hominis
1133 2771 1226 2816 secus
1258 2770 1330 2816 esse
1367 2762 1550 2835 receptum,
1586 2771 1624 2816 ae
1659 2772 1847 2818 communes
1880 2748 1971 2824 urbis
2002 2750 2102 2834 leges.

111 2834 270 2917 desperati
290 2835 468 2901 secundum
487 2837 596 2903 caruis
613 2856 757 2901 sensum.
790 2836 887 2903 Uude
897 2838 1081 2923 colligimus
1132 2836 1207 2901 Etsi
1240 2857 1317 2902 vero
1348 2838 1552 2920 metropolim
1582 2839 1677 2923 regui
1706 2838 1811 2901 notari
1845 2834 2009 2918 probabile
2042 2846 2102 2916 est,

111 2941 207 3002 quam
238 2921 326 2987 diros
354 2924 518 2988 cruciatus
540 2923 681 2988 senserit
700 2942 800 3004 quum
823 2935 956 3005 paratus
977 2926 1080 2990 omni·
1133 2920 1185 2986 vel
1226 2922 1340 2987 saltem
1379 2925 1412 2986 iu
1448 2944 1513 3004 qua
1545 2923 1712 2988 habitabat
1745 2920 1841 2987 Saul:
1880 2921 1962 2985 nihil
1994 2930 2101 2987 tamen

110 3005 169 3071 bus
187 3009 386 3087 renuntiare,
405 3029 447 3072 ne
460 3008 520 3074 hoc
531 3007 660 3089 quidem
674 3006 770 3072 modo
784 3010 883 3073 vitam
898 3009 1080 3076 redimeret.
1132 3006 1268 3089 impedit
1288 3009 1463 3091 quominus
1489 3007 1530 3071 ad
1552 3016 1655 3072 totum
1678 3007 1791 3091 populi
1813 3017 1935 3070 statum
1958 3027 2102 3073 commu·

110 3089 225 3173 Itaque
246 3112 314 3157 nou
335 3093 457 3157 mirum
480 3104 529 3157 cst
546 3095 581 3156 iu
598 3093 670 3158 istis
688 3094 891 3158 anxietatum
909 3095 1103 3164 tormentis,
1132 3094 1219 3156 niter
1241 3092 1302 3158 hoc
1324 3092 1503 3158 extendere
1523 3093 1627 3159 liceat.
1664 3094 1773 3157 'Peneo
1796 3101 1905 3156 tamen
1929 3092 2013 3173 quod
2036 3094 2101 3156 iam

110 3197 166 3242 cor
194 3179 266 3243 eius
292 3178 381 3243 letali
411 3198 556 3243 moerore
584 3180 715 3261 penitus
741 3180 840 3244 luisse
863 3180 1080 3246 vulneratum.
1133 3176 1217 3257 dixi,
1257 3198 1376 3242 nomeu
1408 3179 1496 3243 urbis
1532 3179 1702 3243 indefinite
1734 3198 1803 3243 esse
1837 3178 1997 3258 positum,
2037 3197 2101 3259 quo

110 3276 211 3360 nmo
235 3263 367 3346 qnidam
382 3265 653 3346 Tempestuosnm
675 3276 820 3340 vertunt,
843 3275 877 3330 et
897 3279 984 3331 certe
1005 3287 1081 3351 pro·
1132 3264 1319 3328 ostenderet
1351 3262 1461 3329 David
1501 3286 1566 3329 nou
1606 3284 1700 3329 secus
1731 3266 1766 3328 iu
1799 3262 1926 3346 publico
1959 3264 2101 3346 grassari

110 3352 248 3416 callosus
280 3361 398 3415 ventus
436 3350 489 3415 hic
522 3358 657 3414 notatur
690 3369 788 3431 quem
821 3353 941 3416 excitat
974 3351 1080 3417 turbo.
1132 3347 1298 3414 licentiam
1321 3348 1484 3432 peccandi,
1508 3370 1605 3432 quam
1628 3350 1772 3415 latrones
1789 3351 1823 3413 iu
1842 3348 2002 3413 silvarum
2020 3348 2102 3413 late·

111 3434 177 3501 Sed
199 3457 299 3519 quum
322 3434 443 3500 dicitur
465 3447 572 3500 motus
594 3456 613 3500 a
636 3434 774 3511 turbine,
802 3438 1010 3519 paraphrasis
1032 3452 1083 3503 est
1132 3434 1200 3499 bris
1234 3436 1381 3500 homiues
1410 3435 1561 3519 spoliant.
1611 3435 1737 3501 Eodem
1771 3435 1912 3518 pertinet
1941 3432 2025 3516 quod
2055 3455 2103 3500 se·

110 3522 281 3606 impetuosi
305 3523 397 3584 venti
418 3540 456 3586 ao
478 3521 659 3586 turbulenti
681 3524 735 3604 qui
754 3519 795 3586 ad
814 3521 950 3587 celerem
969 3524 1080 3608 fugam
1132 3521 1244 3602 quitur
1272 3522 1307 3585 iu
1338 3524 1440 3586 muris
1466 3522 1628 3587 excubare
1657 3523 1737 3587 haec
1758 3519 1848 3585 vitia
1893 3519 1977 3584 Nam
2001 3540 2101 3601 quum

110 3606 276 3690 compellit
304 3607 464 3686 viatores,
499 3606 600 3672 donoc
627 3616 750 3672 tectum
781 3607 834 3671 vel
864 3608 1005 3675 latebras
1035 3631 1082 3674 rc·
1132 3607 1237 3671 muris
1269 3607 1445 3690 cingantur
1474 3607 1586 3686 urbes,
1620 3618 1656 3671 ut
1688 3627 1708 3671 a
1737 3607 1858 3688 rapinis
1889 3617 1921 3669 et
1952 3605 2102 3670 violentis

110 3693 249 3775 perient.
1132 3691 1316 3757 iucursibus
1349 3705 1438 3757 tntae
1470 3695 1551 3770 sint,
1585 3693 1755 3757 inversum
1790 3701 1925 3755 naturae
1954 3689 2101 3755 ordinem

448 3790 451 3797 '
1133 3775 1279 3860 deplorat
1308 3776 1430 3856 David,
1465 3779 1551 3860 quod
1582 3778 1649 3842 loco
1683 3778 1915 3855 munitionum,
1948 3776 2040 3840 rixae
2068 3789 2102 3841 et

195 3863 245 3928 10.
269 3863 369 3929 Perde
386 3861 530 3944 Dotatae,
548 3863 653 3930 divide
670 3864 812 3947 liapaom
829 3865 984 3947 ipsorum:
1006 3866 1081 3946 quio
1132 3865 1358 3945 oppressiones
1386 3862 1499 3927 urbem
1527 3863 1738 3943 circumdant,
1768 3862 1822 3925 vel
1849 3882 1907 3944 per
1929 3861 2100 3927 circuitum

108 3949 175 4014 cidi
204 3951 396 4014 vexationem
424 3951 582 4014 ormam
604 3951 639 4014 ia
660 3950 743 4015 urbe.
791 3952 840 4015 11.
863 3950 928 4016 Die
949 3956 976 4014 et
998 3956 1082 4016 nocie
1131 3959 1290 4030 occupant
1323 3969 1442 4012 muros.
1500 3949 1550 4013 De
1583 3951 1716 4014 vocibus
1749 3960 1804 4059 153<
1832 3962 1863 4011 et
1892 3926 1986 4045 ξω),
2023 3947 2101 4013 alibi

108 4035 301 4101 circumdant
322 4054 390 4100 eam
412 4055 507 4116 super
523 4037 725 4112 maraccius,
749 4037 881 4102 outo
897 4041 925 4099 et
940 4036 1080 4100 melmin
1131 4033 1254 4099 dictum
1273 4035 1344 4098 luit.
1374 4035 1513 4097 Fontem
1535 4056 1661 4117 quoque
1684 4035 1844 4117 designat,
1869 4038 2046 4114 praoitotes
2068 4035 2103 4098 ia

109 4122 145 4184 iu
166 4121 267 4185 medio
288 4121 366 4186 eius.
413 4120 462 4184 12.
488 4120 667 4186 Praetores
689 4123 724 4186 ιιι
745 4123 946 4199 medicetur,
970 4128 1080 4188 elnon
1130 4119 1231 4185 medio
1258 4121 1327 4185 etue
1358 4118 1505 4185 habitere
1539 4121 1665 4197 diceus,
1698 4120 1805 4186 dolum
1836 4124 1864 4182 et
1891 4120 2039 4201 fraudem
2068 4121 2102 4184 ia

108 4206 278 4271 discedito
295 4207 410 4290 plateis
432 4207 500 4270 eius
519 4206 615 4287 fraus
631 4212 659 4271 et
674 4207 772 4273 dolus.
1125 4204 1241 4288 plateis
1268 4225 1408 4287 regnare.
1452 4205 1544 4269 Fieri
1573 4207 1661 4271 enim
1692 4227 1758 4269 non
1788 4213 1904 4287 potest,
1935 4204 1991 4272 ubi
2013 4206 2102 4268 frau-

224 4362 228 4371 ,
1131 4289 1229 4354 dandi
1267 4289 1443 4375 cupiditas,
1483 4301 1518 4355 et
1549 4292 1714 4375 improbae
1747 4311 1982 4375 perversaeque
2014 4299 2101 4355 artes

196 4377 245 4442 10.
269 4375 383 4463 (Perde
405 4377 562 4457 Domine.)
595 4378 659 4443 Hic
681 4379 816 4443 collecto
838 4380 946 4443 animo
967 4401 1079 4445 rursus
1131 4374 1237 4440 locum
1260 4376 1419 4454 obtinent,
1442 4377 1521 4458 quin
1544 4377 1584 4440 ad
1604 4377 1828 4461 praedandum
1848 4388 1880 4441 et
1897 4375 2101 4460 rapiendum,

108 4481 144 4527 so
166 4461 208 4527 ad
230 4464 337 4528 Deum
357 4463 574 4528 invocandum
598 4465 773 4529 convertit:
797 4465 917 4548 alioqui
940 4465 1078 4529 stultum
1131 4461 1171 4524 ad
1199 4463 1374 4538 vexandos
1395 4463 1557 4545 simplices
1586 4477 1619 4530 et
1648 4465 1773 4545 quietos
1795 4462 1966 4546 prosiliant
1987 4461 2043 4543 qui
2066 4481 2101 4525 se

109 4549 235 4632 suisset,
254 4550 325 4613 siue
343 4548 489 4632 profectu
509 4550 729 4632 querimonias
742 4549 776 4613 iu
788 4564 896 4615 aerem
908 4572 1078 4634 spargere:
1129 4547 1262 4630 impune
1284 4548 1317 4612 id
1339 4550 1481 4613 facturos
1503 4546 1624 4614 vident.
1670 4550 1833 4627 Breviter,
1864 4548 1997 4630 politiae
2019 4547 2100 4610 bene

107 4635 204 4698 sicuti
227 4636 352 4719 profani
375 4634 523 4700 homiues
547 4635 607 4700 hoo
629 4636 720 4698 inani
742 4636 850 4700 solatii
873 4657 990 4716 genere
1013 4656 1078 4700 nou
1130 4634 1335 4715 compositae,
1360 4634 1488 4698 foedam
1511 4643 1545 4699 et
1567 4634 1789 4702 detestabilem
1813 4655 1894 4716 quae
1917 4632 1977 4697 sub
1999 4632 2100 4697 Saule

109 4734 174 4784 tam
205 4741 239 4785 se
269 4731 449 4784 exonerant
470 4741 566 4803 quam
591 4719 737 4805 fatigant.
783 4722 926 4787 Miscent
947 4720 1077 4805 quidem
1129 4720 1249 4803 passim
1272 4728 1350 4799 crat,
1380 4718 1503 4797 ἀταξίαν
1524 4722 1669 4803 opponit,
1699 4742 1736 4786 ac
1759 4722 1785 4784 si
1808 4720 1938 4795 diceret,
1969 4738 2099 4782 omnem

108 4805 257 4887 precibus
275 4808 344 4871 suis
362 4807 466 4871 sancti
484 4808 632 4871 confusos
650 4806 702 4870 vel
714 4806 916 4872 inordinatos
928 4808 1079 4891 gemitus,
1128 4805 1217 4872 illius
1235 4805 1403 4882 iustitiam,
1423 4826 1553 4871 omnem
1571 4807 1729 4883 ordinem,
1746 4826 1841 4870 omne
1856 4807 1937 4868 recti
1957 4804 2102 4869 honesti·

108 4890 165 4956 sed
189 4892 321 4956 taudem
344 4891 385 4956 ad
407 4891 520 4956 orandi
542 4893 692 4956 fiduciam
716 4914 751 4957 se
774 4904 936 4958 revocant.
982 4892 1078 4973 Quod
1130 4911 1194 4975 quc
1224 4889 1370 4954 studium
1401 4891 1561 4957 exsulare.
1607 4890 1704 4972 Quod
1727 4893 1797 4958 sive
1820 4890 1859 4955 de
1882 4911 1948 4954 una
1970 4899 2098 4955 tantum

109 4989 219 5042 autem
242 4978 387 5059 linquam
409 4998 513 5044 οονιιιιι
534 4978 637 5043 soordi
660 4977 709 5043 vol
734 4978 836 5042 dividi
858 4991 960 5063 optat,
983 4980 1017 5042 in
1042 5000 1079 5042 co
1129 4976 1218 5053 urbe,
1242 4976 1310 5040 sive
1333 4978 1373 5039 de
1395 4977 1542 5060 pluribus
1564 4977 1686 5043 dictum
1706 4978 1758 5054 sit,
1781 4979 1906 5059 potenti
1926 4986 2013 5041 corte
2031 4977 2100 5041 loco

109 5063 238 5128 videtur
275 5064 419 5129 alludere
444 5063 492 5128 -ad
524 5084 658 5146 poenam
694 5063 879 5147 Babyloniis
911 5066 1077 5130 inflictam.
1128 5060 1314 5128 habendum
1350 5077 1413 5142 cst,
1446 5065 1480 5128 in
1515 5075 1582 5128 tam
1615 5082 1741 5129 crassas
1769 5063 1970 5145 corruptelas
2000 5063 2099 5126 luisse

110 5146 247 5213 Summa
280 5159 345 5222 est,
385 5159 423 5214 ut
457 5150 546 5214 Deos
579 5150 696 5215 subitis
730 5149 872 5215 dissidiis
905 5151 1078 5233 abrumpat
1129 5168 1325 5232 progressos
1354 5151 1409 5231 qui
1441 5170 1476 5214 se
1507 5151 1670 5216 iactabant
1691 5169 1819 5216 sacrum
1844 5149 1906 5212 Dei
1929 5149 2098 5232 populum,

107 5234 209 5317 impia
236 5235 380 5311 consilia,
414 5244 446 5299 et
474 5236 616 5301 nefarias
645 5235 902 5318 conspirationes
931 5236 1075 5318 dissipet.
1129 5246 1165 5300 ut
1197 5254 1309 5298 eorum
1343 5235 1439 5300 urbes
1471 5247 1580 5302 esseut
1613 5237 1705 5318 quasi
1738 5236 1904 5300 latronum
1937 5234 2098 5319 spoliaria.
