4658 5856
320 1063 490 1128 Editiones
518 1064 756 1129 Cornmentarii
787 1066 823 1128 in
846 1065 1005 1142 Psalmos,
1030 1062 1147 1145 quibus
1171 1062 1205 1124 in
1230 1061 1490 1147 reoognoseendo
1514 1072 1605 1127 textu
1629 1064 1691 1127 nisi
1714 1085 1839 1146 sumus,
1862 1087 1976 1133 omnes
1998 1069 2032 1132 in
2054 1078 2165 1135 nostro

161 1173 307 1255 ipsorum
332 1193 445 1238 museo
468 1185 687 1240 asservantur.
733 1175 822 1242 Sunt
845 1196 922 1240 vero
944 1176 1023 1245 hae:

352 1309 378 1375 I.
424 1310 462 1374 In
495 1312 615 1377 librum
646 1311 779 1375 Psalmo
799 1312 803 1395 Ι
825 1332 913 1388 rum,
948 1311 1105 1374 Iohannis
1133 1308 1265 1373 Caluini
1295 1330 1461 1374 oommen·
1479 1313 1484 1391 Ι
1505 1310 1618 1375 tarius.
1671 1310 1847 1388 [Eutblema
1878 1312 2030 1394 Stephani
2058 1317 2163 1396 forma

161 1421 318 1498 maxima]
344 1419 443 1486 Olina
464 1422 600 1486 Roberti
626 1421 796 1504 Stephani.
818 1429 822 1497 Ι
844 1421 1047 1487 ll.D.LVIl.
1072 1417 1153 1507 (iol.)

319 1531 469 1612 Quatuor
516 1534 593 1597 folia
624 1534 790 1598 liminaria
820 1554 895 1599 eum
928 1533 1024 1598 titulo
1056 1546 1089 1597 et
1118 1531 1329 1615 praefatione.
1382 1531 1612 1616 Quadraginta
1641 1535 1869 1615 quaterniones
1899 1548 1933 1599 et
1963 1556 2048 1600 unus
2070 1538 2166 1619 quin-

161 1643 299 1722 quernio
324 1663 413 1707 a—z.
438 1644 549 1709 A-S.
586 1645 740 1728 Paginae
762 1654 954 1709 numeratae
976 1644 1040 1709 645
1065 1656 1097 1707 et
1119 1651 1244 1726 septem
1268 1641 1345 1706 folia
1368 1663 1441 1707 eum
1464 1643 1579 1708 indiae.

317 1753 357 1818 In
382 1755 446 1818 fine
469 1755 603 1837 legitur:
629 1754 824 1820 Exoudebat
845 1754 1010 1819 Robertus
1032 1754 1223 1837 Stephanus
1245 1755 1277 1817 in
1302 1774 1362 1818 sua
1384 1753 1516 1820 officina
1537 1776 1625 1819 anno
1649 1755 1852 1821 manvu.
1897 1757 2012 1824 Idibus
2033 1758 2121 1825 Iulii.
2164 1753 2170 1763 ⁸

334 1924 379 1988 II.
426 1925 475 1989 Le
497 1925 599 1989 Livre
622 1925 679 1989 dos
699 1932 703 2003 Ι
723 1926 901 1990 Pseaumes
920 1935 1039 2006 erpose
1057 1925 1228 2007 parlehan
1249 1934 1253 2004 Ι
1274 1926 1402 1991 Oaluin.
1424 1928 1428 2008 Ι
1449 1946 1526 1991 aveo
1545 1947 1609 1990 vno
1632 1925 1718 1990 table
1736 1929 1927 2008 t'ortample
1946 1928 2002 1994 des
2023 1931 2028 2016 Ι
2049 1933 2168 2015 prinoi-

162 2055 251 2116 paux
275 2035 384 2116 points
408 2038 537 2100 traittez
561 2046 595 2100 es
618 2036 887 2102 Commentaires.
936 2036 1125 2113 [Emhlema]
1151 2036 1305 2118 lmprime
1327 2058 1386 2118 par
1408 2037 1541 2102 Oonrad
1564 2036 1697 2103 Badius.
1719 2037 1724 2118 Ι
1743 2038 1962 2104 M.D.LVIII.
1986 2040 2066 2126 (fol.)

318 2146 403 2211 Oete
422 2146 500 2211 folia
519 2148 682 2212 liminaria
705 2169 844 2230 quorum
869 2167 970 2211 unum
984 2147 1105 2210 Errata
1128 2146 1271 2212 exhibet.
1307 2148 1452 2231 Paginae
1475 2159 1667 2214 numeratae
1690 2149 1753 2212 912
1773 2164 1808 2213 et
1830 2151 1971 2216 sedecim
1995 2154 2070 2217 folia
2093 2176 2165 2219 oum

160 2254 285 2333 indiee;
309 2278 391 2339 quae
414 2260 589 2340 perficiunt
612 2261 840 2340 quaterniones
864 2259 1104 2341 quinquaginta
1126 2266 1160 2322 ot
1182 2278 1301 2322 novem
1324 2257 1428 2343 (a-a.
1442 2260 1551 2324 A-Z.
1570 2259 1742 2344 Aa—Nn.)

319 2369 491 2434 Emblema
509 2386 556 2434 est
580 2369 710 2433 officina
735 2370 828 2434 Badii
853 2390 928 2433 oum
951 2369 1079 2450 adagio:
1104 2368 1235 2436 Haame
1255 2369 1361 2434 martel
1382 2369 1463 2454 (taut
1484 2392 1542 2451 que
1559 2372 1588 2435 ei
1608 2370 1665 2434 bos
1682 2370 1784 2454 seras)
1807 2372 1861 2435 En
1879 2378 1911 2437 te
1929 2396 2024 2439 aueur
2041 2376 2068 2440 le
2084 2378 2168 2456 pai-n

161 2486 196 2541 tu
219 2499 394 2562 insaporet.
442 2479 533 2544 Idem
557 2483 676 2544 iterum
701 2492 809 2545 exstat
831 2482 864 2543 in
888 2482 954 2543 fine
977 2480 1153 2546 voluminis
1174 2501 1250 2547 eum
1274 2480 1527 2563 subsoriptione:
1559 2482 1693 2546 Aeheve
1723 2481 1923 2563 d’imprimer
1953 2506 2012 2567 par
2034 2486 2165 2551 Oonrad

162 2588 298 2669 Badius,
323 2590 630 2668 1’antJ.D.LV111‚
655 2591 785 2655 dernier
807 2592 881 2655 iour
904 2590 943 2655 de
967 2591 1094 2655 levrior.

319 2761 381 2826 III.
427 2761 688 2827 commentaires
708 2763 714 2845 Ι
734 2762 773 2826 de
797 2763 841 2826 M.
865 2761 945 2825 Ioan
965 2761 1083 2827 Caluio
1105 2784 1163 2828 sur
1185 2762 1216 2826 lo
1238 2763 1321 2827 liure
1344 2761 1400 2827 dos
1419 2761 1424 2845 Ι
1444 2762 1631 2826 Pseaumee.
1653 2760 1658 2847 Ι
1678 2761 1775 2827 Oeste
1798 2762 1982 2831 tradvotion
2005 2779 2054 2831 est
2071 2767 2164 2832 telle·

163 2884 253 2935 urent
272 2873 277 2954 Ι
298 2887 425 2949 renent,
457 2883 491 2936 et
513 2873 541 2936 si
563 2874 752 2938 fidelement
775 2875 925 2937 eonferee
947 2894 1006 2937 sur
1028 2873 1058 2936 lo
1082 2873 1192 2951 Latin,
1216 2878 1313 2955 qu'ou
1338 2874 1369 2936 la
1391 2887 1471 2954 peut
1493 2873 1542 2935 iu·
1562 2873 1568 2957 Ι
1588 2894 1647 2957 ger
1668 2884 1755 2939 estre
1779 2876 1939 2940 uouuelle.
1960 2875 1965 2961 Ι
1987 2880 2078 2941 Avee
2102 2901 2164 2945 vne

164 2982 250 3046 table
272 2984 334 3047 fort
358 2985 465 3066 ample
489 2983 546 3049 des
567 2985 658 3067 prin·
680 2985 684 3067 Ι
704 2985 823 3066 eipaux
847 2985 955 3067 points
985 2985 1114 3049 traittez
1145 2993 1179 3048 es
1202 2984 1470 3049 Oommentaires.
1518 2984 1694 3061 [Emblemu
1717 2984 1821 3049 Bata
1848 2992 1882 3050 ul
1906 2988 1941 3051 ia
1965 2991 2164 3068 praecedeuti

162 3095 307 3173 alitione]
332 3094 489 3178 Imprimt
513 3115 571 3176 par
595 3095 725 3160 Conrad
749 3096 874 3161 Badius
894 3095 899 3181 Ι
921 3095 1107 3160 M.D.LXI.
1131 3093 1213 3179 (fol.)
1540 3174 1544 3185 Ι

319 3204 385 3272 Sex
409 3206 486 3271 folia
508 3206 682 3270 liminaria.
727 3208 890 3272 Praelatio
908 3208 1025 3290 inoipit
1048 3207 1081 3270 in
1104 3208 1174 3288 ipso
1196 3205 1271 3268 lolio
1294 3207 1398 3287 primo
1423 3226 1525 3270 verso.
1569 3206 1716 3288 Paginae
1739 3222 1817 3271 sunt
1836 3208 1900 3272 902
1922 3221 2113 3275 numeratae
2132 3223 2165 3275 et

164 3318 316 3384 undeeim
340 3318 419 3382 folia
441 3339 515 3384 oum
538 3316 654 3395 indioe,
678 3318 723 3381 ita
746 3317 863 3382 adsunt
887 3319 1123 3401 quinquaginta
1146 3329 1271 3398 septem
1294 3318 1524 3398 quaterniones
1545 3324 1579 3380 et
1600 3337 1686 3382 unus
1709 3317 1752 3402 (a)
1776 3320 1893 3383 ternio:
1924 3317 2027 3402 (a-n.
2053 3322 2163 3387 A—Z.

163 3429 336 3494 Aa—Mm.

318 3601 378 3665 IV.
425 3601 684 3665 Commentairee
705 3602 709 3683 Ι
729 3602 769 3664 de
792 3601 838 3664 M.
862 3600 941 3663 Iean
958 3602 1077 3664 Oaluin
1099 3620 1155 3665 eur
1177 3599 1208 3665 le
1229 3600 1312 3663 liure
1334 3598 1390 3662 des
1410 3598 1415 3682 Ι
1436 3600 1625 3664 Pssaumes.
1645 3597 1650 3681 Ι
1670 3597 1770 3663 Ceste
1793 3600 1978 3666 tradvetion
1996 3615 2046 3668 est
2069 3603 2163 3668 telle-

163 3724 253 3776 ment
273 3714 279 3795 Ι
299 3725 418 3776 reueue
449 3724 482 3775 et
512 3714 539 3776 si
568 3711 755 3777 fidelemont
778 3711 926 3776 eonferee
954 3732 1011 3775 sur
1040 3711 1071 3775 le
1099 3711 1213 3788 Latin,
1243 3714 1341 3794 qu'on
1373 3711 1405 3775 la
1431 3728 1510 3793 peut
1532 3712 1626 3794 iugor
1645 3712 1650 3793 Ι
1670 3721 1756 3776 estre
1778 3712 1938 3776 uouuelle.
1959 3713 1963 3795 Ι
1984 3716 2076 3779 Aveo
2099 3735 2165 3780 vne

146 3824 250 3887 'table
272 3824 338 3887 fort
360 3823 468 3904 ample
491 3822 548 3886 des
571 3822 690 3903 prinei·
712 3823 716 3905 Ι
737 3843 823 3903 paux
847 3823 955 3904 points
985 3823 1113 3886 traittea
1136 3832 1171 3887 es
1193 3821 1464 3887 Oommentairee.
1511 3819 1698 3900 [Ernbleme]
1730 3822 1888 3904 Imprime
1918 3843 1978 3905 par
2005 3824 2164 3889 Franoois

165 3935 306 3997 Estione.
328 3936 333 4015 Ι
353 3930 575 3999 munitur.
599 3932 681 4017 (fol.)

318 4045 490 4110 Emblema
512 4055 562 4108 ost
584 4044 684 4109 Oliva
706 4043 960 4125 Stephanorum,
991 4057 1116 4109 mutato
1146 4044 1277 4127 quidem
1307 4042 1440 4127 adagio:
1471 4044 1616 4125 Defraeti
1641 4050 1715 4108 sulit
1742 4044 1828 4108 rami
1857 4050 1891 4108 at
1920 4065 1973 4128 epo
2004 4045 2163 4111 itrseerer.

163 4158 337 4221 (laetorum
362 4158 396 4218 in
419 4155 572 4219 omnibus
595 4156 805 4237 praecedenti
827 4154 1002 4235 simillima,
1029 4157 1076 4220 ita
1100 4169 1135 4220 ut
1165 4156 1227 4220 nisi
1251 4156 1434 4221 aeeuratius
1457 4155 1642 4238 inspexeris
1659 4155 1794 4219 omnino
1817 4153 1953 4220 eandem
1976 4156 2081 4237 ipsam
2104 4156 2161 4222 tibi

166 4269 217 4332 bie
240 4269 349 4332 offerri
374 4266 506 4331 eredere
536 4285 647 4347 posses
677 4267 746 4331 solo
776 4267 869 4330 titulo
898 4278 1033 4331 mutato.
1079 4267 1205 4332 Verum
1238 4287 1353 4332 revera
1383 4287 1504 4331 novum
1534 4287 1616 4348 opus
1643 4275 1702 4343 est,
1737 4275 1769 4329 et
1796 4287 1983 4348 quanquam
2014 4269 2162 4351 singulae

165 4380 302 4463 paginae
325 4380 495 4460 utriusque
519 4375 593 4440 libri
615 4377 676 4441 sibi
701 4376 906 4461 respondent,
929 4376 1009 4441 adeo
1031 4387 1068 4442 ut
1092 4379 1144 4442 vel
1166 4377 1223 4443 ille
1245 4400 1333 4443 unus
1357 4377 1461 4441 ternio
1482 4398 1539 4442 suo
1562 4376 1631 4441 loeo
1648 4377 1766 4441 iterum
1785 4385 1950 4458 appareat,
1973 4378 2161 4461 saepissime

166 4491 302 4573 vestigia
324 4492 401 4553 novi
424 4500 457 4551 et
479 4488 693 4571 redintegrati
716 4489 837 4552 laboris
859 4489 1095 4569 deprehendes.

338 4660 372 4722 V.
420 4660 457 4722 ln
472 4659 610 4724 Librum
631 4658 637 4742 Ι
656 4659 873 4738 Psalmorum,
892 4657 984 4723 Ioan·
1006 4658 1011 4741 Ι
1031 4661 1081 4722 nia
1099 4659 1231 4724 Oaluini
1248 4658 1521 4724 Oommentarius.
1544 4661 1548 4739 Ι
1570 4658 1758 4736 [Erubleme]
1780 4658 2161 4727 ExeudebantNieolaus

164 4771 334 4836 Barbirius
354 4771 359 4856 Ι
379 4781 411 4833 et
435 4769 579 4834 Thomas
602 4769 767 4835 Oourteau
787 4772 792 4853 Ι
812 4768 1046 4836 mummi
1069 4769 1157 4854 (oet.)

317 4881 467 4962 Quatuor
485 4880 562 4945 lolia
579 4880 752 4944 liminaria.
788 4882 1031 4961 Quaterniones
1054 4882 1290 4964 quinquaginta
1307 4896 1391 4946 outo:
1415 4881 1538 4965 (Δ-Ζ.
1562 4880 1710 4945 Aa-Za.
1730 4879 1993 4965 Aua-Meum.)
2015 4880 2160 4964 Paginae

164 5008 352 5056 numeratae
376 4992 447 5056 893.
472 5003 504 5055 et
527 4991 680 5056 tredeeim
705 4991 781 5054 l'olia
802 5013 876 5056 oum
900 4991 1015 5057 indiee.
1050 4991 1223 5056 Emblema
1245 5002 1294 5057 est
1318 4992 1456 5057 duorum
1479 4993 1624 5056 virorum
1648 4991 1702 5073 qui
1727 4990 1875 5055 arborem
1898 4989 2041 5075 irrigant
2059 4990 2158 5076 (Opp.

162 5104 255 5169 Oalv.
281 5103 343 5167 111.
367 5125 397 5186 p.
422 5102 516 5187 xliii).
562 5101 672 5165 Editio
695 5102 776 5167 haee
797 5122 877 5165 sano
901 5101 1030 5179 habilis,
1054 5102 1110 5166 sed
1134 5102 1321 5167 oharaotere
1343 5105 1440 5168 nimis
1463 5103 1541 5169 exili
1564 5121 1719 5183 expressa
1742 5114 1774 5164 et
1797 5102 1932 5167 minime
1953 5102 2094 5187 elegans.
