4658 5856
159 315 223 381 583
392 364 398 378 .
1003 311 1218 380 PSALMUS
1242 312 1353 379 LXII.
2083 315 2149 383 584

160 504 293 569 nonnisi
315 511 404 568 certa
426 511 460 567 et
481 503 654 568 manifesta
676 498 738 565 Dei
762 500 885 566 virtute
906 520 1127 585 recuperasse.
1179 511 1287 566 autem
1312 522 1389 567 vera
1411 511 1460 567 est
1482 503 1594 568 beatae
1617 504 1703 569 vitae
1725 505 1897 582 stabilitas,
1920 505 1976 571 ubi
1998 508 2148 589 persuasi

160 588 197 655 Si
219 589 252 653 in
276 590 407 653 nomine
429 601 511 673 ’κη’
534 598 619 654 esset
639 585 736 651 litera
756 564 798 671 b,
832 586 924 653 nulla
954 595 1041 652 esset
1062 608 1128 651 am·
1178 608 1293 653 sumus
1326 586 1481 655 divinitus
1514 609 1585 654 eam
1618 588 1805 674 gubernari.
1853 589 2012 674 Sequitur
2044 592 2149 659 altera

162 675 300 758 biguitas
318 675 399 757 quin
411 673 609 759 generaliter
620 672 751 750 diceret,
775 671 883 738 Deum
892 670 1128 738 haereditatem
1179 672 1368 759 postplatic,
1402 683 1440 737 ut
1466 673 1560 740 Dens
1591 674 1782 742 demetiam
1813 682 1842 742 et
1871 677 1964 758 tidem
1994 677 2148 758 decernat,

161 760 287 825 dedisse
309 760 376 827 suis
406 760 592 827 cultoribus.
638 758 735 824 Nunc
765 767 873 840 potest
901 759 984 824 alter
1014 778 1128 824 sensns
1179 757 1389 824 custodiendo
1411 772 1443 824 et
1464 760 1586 826 tuendo
1609 782 1737 845 regem:
1769 763 1862 828 cuius
1890 771 1997 846 potest
2024 762 2147 847 duplex

161 866 226 911 non
249 846 334 911 male
357 847 532 928 quadrare,
566 844 674 908 datam
703 843 805 909 fuisse
833 841 955 909 Davidi
981 843 1128 909 haeredi·
1180 864 1251 909 esse
1272 865 1395 910 seusus.
1438 843 1525 926 Quia
1547 847 1635 911 enim
1656 846 1844 914 hnmanitas
1874 858 1907 913 ct
1936 848 2018 915 fides
2049 869 2148 915 verae

160 944 261 997 tatem
284 953 367 1014 quae
389 942 499 996 manet
520 950 633 995 omnes
651 928 716 994 Dei
738 929 888 995 cultores.
922 931 994 1013 Ego
1017 942 1128 993 tamen
1179 941 1258 994 sunt
1279 951 1456 1015 regnorum
1480 930 1635 1009 fulturae,
1668 954 1733 998 non
1756 932 1933 1000 absurdum
1956 943 2060 1012 esset,
2081 934 2148 999 Da-

162 1018 348 1102 generalem
379 1016 574 1082 sententiam
603 1014 758 1080 libentius
787 1015 981 1098 amplector,
1018 1014 1129 1079 Deum
1181 1015 1289 1080 videm
1311 1015 1373 1080 sibi
1395 1028 1506 1100 petere
1528 1018 1788 1085 mansuetudinis
1810 1019 1862 1084 vel
1892 1019 2087 1086 clementiae
2115 1028 2149 1085 et

162 1123 331 1186 nunqnam
353 1102 504 1167 frustrari
527 1121 639 1166 servos
654 1120 740 1181 suos,
762 1102 841 1184 quin
856 1101 1045 1182 perfunctos
1059 1122 1129 1166 cer·
1180 1102 1377 1184 integritatis
1398 1102 1566 1185 spiritum,
1597 1114 1632 1168 nt
1661 1103 1722 1168 hoc
1750 1104 1845 1170 modo
1868 1105 1902 1170 in
1924 1125 2025 1190 regno
2047 1105 2148 1171 stabi·

163 1190 339 1253 taminibus
369 1199 402 1253 et
431 1187 603 1265 molestiis,
637 1185 755 1269 quibus
786 1199 915 1253 exercet
946 1206 983 1251 ac
1015 1185 1130 1270 probat
1181 1186 1287 1251 liatcr.
1329 1187 1404 1252 Meo
1435 1197 1546 1253 tamen
1579 1188 1697 1255 iudicio
1730 1189 1829 1272 probe
1860 1191 2034 1256 conveniet
2067 1191 2149 1257 alter

164 1295 275 1339 eorum
297 1273 404 1353 fidem,
426 1282 560 1338 aeterna
581 1271 713 1337 tandem
736 1271 889 1339 felicitate
911 1272 1018 1337 donet.
1062 1270 1129 1337 Ob·
1170 1293 1313 1350 sensus,
1334 1281 1370 1337 nt
1394 1273 1483 1339 Deus
1504 1272 1544 1337 ad
1568 1274 1817 1340 custodiendum
1839 1296 1949 1359 regem
1972 1276 2149 1343 clementia

162 1360 248 1442 lique
271 1360 358 1424 enim
381 1359 514 1424 stultam
542 1358 772 1425 confidentiam
802 1357 886 1424 ridet
907 1357 1032 1437 David,
1066 1379 1130 1440 qua
1182 1370 1213 1422 et
1236 1359 1372 1423 veritate
1394 1379 1509 1423 suase
1531 1363 1687 1444 accingat.
1732 1361 1914 1444 Numam
1936 1373 2150 1427 cantantum

163 1445 327 1510 exsultant
349 1445 440 1528 impii
462 1445 497 1508 in
521 1444 616 1509 rebus
648 1444 823 1526 prosperis,
853 1443 1130 1527 quantisper'illis
1182 1464 1296 1526 parere
1312 1443 1369 1509 sed
1391 1446 1488 1508 etiam
1511 1447 1685 1528 praeficere
1704 1446 1755 1511 vel
1774 1446 1948 1513 decernere
1960 1448 2150 1532 significat:

164 1530 313 1617 indulget
334 1531 441 1609 Deus,
470 1529 524 1595 vel
553 1529 666 1613 parcit.
711 1529 774 1595 Illa
796 1531 884 1595 enim
913 1529 1067 1608 felicitas,
1096 1529 1129 1593 in
1182 1548 1219 1595 ac
1241 1532 1269 1594 si
1291 1528 1427 1594 dixisset
1454 1530 1548 1613 regni
1571 1532 1621 1597 sui
1643 1532 1772 1597 fidelem
1802 1531 1980 1598 custodiam
2012 1535 2048 1597 in
2078 1534 2149 1599 sola

164 1636 228 1700 qua
249 1615 310 1681 sibi
333 1615 471 1699 placent,
502 1616 631 1680 nonnisi
653 1615 849 1699 imaginaria
870 1625 928 1694 cst,
958 1616 1131 1697 statimque
1182 1614 1246 1680 Dei
1275 1613 1494 1681 misericordia
1522 1615 1586 1680 fide
1615 1616 1748 1683 includi.
1793 1617 1925 1683 Interea
1954 1618 2053 1684 verbo
2085 1641 2148 1701 pc·

164 1703 338 1768 evanescit.
382 1700 491 1766 David
514 1713 622 1765 autem
645 1701 774 1765 nomine
796 1700 998 1767 baereditatis
1019 1720 1131 1766 servos
1181 1700 1287 1781 ravidi,
1305 1701 1359 1765 vel
1378 1701 1597 1784 praecipiendi
1614 1701 1755 1768 ostendit
1769 1702 1841 1768 Deo
1857 1725 1927 1769 esse
1943 1704 1976 1768 in
1993 1718 2148 1787 promptu

166 1788 227 1852 Dei
251 1808 316 1852 non
340 1788 480 1852 evanida
501 1787 734 1869 prosperitate,
763 1786 820 1852 aed
848 1785 950 1852 solido
972 1788 1131 1868 firmoque
1183 1785 1289 1851 madia
1323 1787 1438 1868 quibus
1468 1807 1543 1852 suos
1574 1801 1753 1854 conservet.
1806 1789 1952 1855 Tandem
1982 1789 2150 1855 concludit

165 1873 283 1957 gaudio
306 1873 370 1937 frui
401 1875 509 1938 docet:
542 1872 618 1954 quia
648 1871 842 1954 temporales
870 1871 925 1937 vel
955 1882 1131 1937 momenta-
1182 1893 1218 1936 se
1239 1883 1425 1937 constanter
1447 1881 1480 1936 et
1501 1872 1630 1940 assidue
1652 1895 1784 1957 operam
1814 1874 1967 1939 daturum
1995 1876 2152 1940 canendis

166 1981 246 2023 neae
269 1958 469 2038 afflictiones,
491 1956 606 2040 quibus
629 1957 818 2040 probantur,
844 1957 1033 2023 adiumenta
1054 1964 1132 2022 sunt
1183 1957 1245 2022 Dei
1268 1956 1417 2022 laudibus
1439 1957 1479 2022 ad
1503 1969 1578 2023 vcta
1599 1980 1660 2025 sua
1682 1960 1848 2036 solvenda,
1872 1961 1925 2026 ubi
1948 1961 2070 2025 iterum
2095 1982 2152 2026 nc·

164 2056 319 2109 aeternae
342 2043 465 2109 salutis.
500 2043 634 2109 Gratias
657 2045 765 2126 itaque
788 2043 949 2126 agitDeo,
973 2043 1132 2126 quianon
1183 2042 1282 2107 tanda
1313 2053 1362 2108 est
1396 2044 1565 2107 harmonia
1598 2046 1683 2110 inter
1715 2045 1796 2110 duas
1837 2046 2055 2111 invocationis
2089 2048 2152 2112 Dei

163 2131 203 2195 ad
228 2131 374 2194 triduum
397 2129 558 2194 duntaxat
587 2127 749 2193 exhilaret
784 2150 859 2194 suos
889 2128 1044 2205 caltores,
1075 2127 1131 2194 sed
1182 2138 1308 2210 partes:
1342 2128 1417 2211 qnia
1436 2128 1544 2194 David
1568 2151 1633 2196 noa
1655 2132 1764 2196 minus
1786 2133 1818 2195 in
1850 2131 1967 2197 mediis
1998 2133 2153 2216 periculis

164 2218 196 2280 in
220 2225 310 2281 certa
332 2228 364 2280 et
387 2214 494 2280 stabili
513 2216 580 2279 vita
601 2235 655 2280 eos
676 2215 882 2292 confirmans,
905 2214 996 2297 qnasi
1017 2214 1131 2279 haere·
1183 2214 1224 2278 ad
1254 2214 1317 2278 Dei
1345 2235 1438 2296 opem
1467 2215 1627 2299 confugit,
1656 2237 1755 2299 qnam
1785 2228 1913 2300 gratum
1944 2240 1979 2283 se
2009 2218 2153 2285 ostendit

165 2301 319 2365 ditarinm
343 2301 410 2366 illis
431 2299 568 2365 fundum
591 2301 745 2383 assignet.
780 2300 826 2364 Et
847 2310 934 2365 carte
952 2321 1053 2382 qaum
1068 2298 1132 2364 fide
1184 2311 1351 2383 postquam
1375 2300 1529 2365 liberatus
1552 2301 1667 2366 fuerat.

167 2409 231 2451 non
255 2386 441 2469 possideant
463 2385 555 2468 impii
576 2384 640 2449 Dei
663 2386 835 2461 beneficia,
859 2385 952 2468 quasi
974 2405 1016 2450 ex
1039 2393 1132 2467 rapto

164 2473 197 2536 in
222 2472 306 2536 diem
331 2473 457 2536 vivuat.
501 2472 590 2535 Vera
612 2480 721 2536 autem
745 2483 778 2535 et
800 2472 945 2553 legitima
972 2473 1132 2536 bonorum

164 2559 275 2623 fruitio
298 2579 398 2640 penes
420 2557 506 2622 solos
528 2557 591 2620 Dei
614 2557 754 2622 cultores
777 2555 905 2621 residet.

251 2644 279 2708 l.
303 2642 396 2728 (Dies
422 2662 518 2724 super
546 2642 637 2727 dies.)
687 2642 759 2706 Non
788 2650 895 2723 potest
924 2642 964 2705 ad
994 2641 1132 2707 Davidis
1494 2674 1700 2746 PSfflffls
1724 2676 1839 2745 LXII·

165 2750 338 2808 personam
361 2728 515 2811 restringi
537 2727 618 2793 haec
640 2727 825 2810 gratulatio.
860 2727 932 2792 litei
955 2729 1042 2791 enim
1062 2748 1133 2809 pro·

166 2826 279 2898 mgstla
301 2814 362 2878 fnit
384 2815 454 2913 ‘JiUfl
478 2813 544 2877 Vita
568 2833 668 2911 [15999
691 2811 738 2912 ad,
755 2811 907 2911 ultimum
927 2813 1071 2911 ⁸⁰niu¹¹lr
1100 2821 1134 2876 el
1185 2845 1267 2900 ABG.
1286 2845 1407 2899 Psalmns
1432 2845 1476 2898 hic
1504 2863 1602 2914 magna
1630 2865 1663 2899 ex
1693 2856 1772 2916 parte
1800 2848 1992 2902 meditationes
2024 2850 2151 2913 continet,

167 2908 283 2984 pacato
306 2920 398 2982 regni
420 2907 526 2978 statu,
553 2898 675 2964 tradita
697 2907 794 2961 etiam
823 2897 892 2963 filrc
921 2919 1132 2976 success1one,
1289 2915 1385 2983 quibus
1409 2915 1496 2967 David
1521 2931 1549 2967 sc
1572 2925 1602 2967 et
1624 2917 1691 2968 alios
1715 2918 1749 2969 ad
1773 2933 1848 2987 spen
1873 2918 1900 2970 in
1926 2917 1984 2970 Deo
2010 2917 2150 2971 locandam

167 3000 259 3052 satur
275 2983 400 3049 dierum
416 2991 566 3049 mortuus
589 2994 652 3049 est:
675 3004 740 3048 non
757 2992 866 3049 tamen
882 2985 1021 3050 excessit
1037 2985 1133 3050 unius
1288 2983 1398 3064 annet,
1421 2990 1450 3036 er
1466 2990 1561 3064 contra
1579 2985 1757 3064 tentationum
1781 2986 1931 3039 certamina
1953 2994 2044 3040 armat
2066 2994 2096 3040 et
2112 2987 2150 3039 ia·

167 3069 309 3136 hominis
331 3080 492 3136 aetatem:
515 3078 548 3134 et
570 3070 672 3134 maior
694 3069 793 3134 etiam
815 3070 903 3134 vitae
923 3091 998 3153 pars
1021 3070 1133 3134 multis
1288 3058 1378 3104 struat.
1423 3052 1504 3132 0⁰¹⁸.
1517 3068 1582 3105 *²¹⁰
1609 3052 1678 3135 nihii
1697 3054 1850 3135 .l’‘⁰⁰¹³'l‘¹⁸
1879 3062 1921 3107 est
1951 3072 2032 3124 ΨΜ
2059 3070 2151 3135 ⁸⁰.¹¹⁸¹¹⁸

166 3156 348 3235 aerumnis,
377 3157 464 3222 curis
493 3163 526 3220 et
555 3154 719 3221 doloribus
749 3155 865 3220 misere
895 3156 1041 3222 confecta
1063 3156 1132 3220 fuit.
1289 3121 2151 3245 231⁸ssssssfflfflffissfflaffrlssffibffiflssffwfflffl‘i?

167 3243 279 3323 Quare
302 3263 367 3307 non
391 3241 526 3306 dubium
549 3247 600 3305 est
622 3241 699 3323 quin
722 3240 817 3306 istam
836 3261 997 3306 annornm
1015 3242 1133 3307 seriem
1287 3258 1403 3323 vehitur,
1422 3264 1453 3310 nt
1470 3275 1500 3311 se
1517 3266 1546 3311 et
1563 3258 1630 3312 alios
1642 3231 1675 3311 'in
1694 3260 1752 3313 solo
1770 3260 1827 3313 Dec
1845 3260 1990 3313 mannent.

168 3341 265 3411 atquc
288 3330 384 3392 etiarn
408 3335 551 3392 aetatum
574 3324 614 3390 ad
638 3326 808 3391 Christum
832 3348 933 3409 usque
955 3328 1132 3393 continuet.
1268 3385 1271 3390 ,

168 3413 323 3478 Diximus
346 3413 431 3478 enim
450 3413 516 3477 iam
532 3412 660 3496 saepius
682 3412 787 3494 qualis
809 3412 908 3476 fuerit
929 3412 1019 3478 illius
1041 3415 1134 3498 regni
1273 3414 1301 3477 1.
1332 3412 1491 3493 Praefecto
1519 3432 1614 3495 super
1637 3412 1794 3479 Ieduthun
1825 3414 1975 3479 Psalmua
2002 3412 2150 3480 Decidit.

168 3498 325 3564 conditio:
360 3519 475 3582 nempe
498 3506 535 3561 ut
556 3498 646 3563 Deus
668 3497 823 3580 populum
847 3519 947 3562 unum
976 3499 1037 3564 sub
1068 3520 1133 3564 nno
1186 3498 1216 3565 2.
1247 3498 1464 3563 Verumtamen
1492 3498 1535 3563 ml
1555 3497 1659 3563 Deum
1683 3499 1754 3563 silet
1774 3500 1884 3564 anima
1911 3520 1990 3582 mee,
2022 3500 2062 3566 cb
2085 3501 2152 3581 ipsc

167 3585 271 3667 capite
293 3583 464 3650 collectum
486 3593 650 3647 tueretur:
673 3604 710 3648 ac
732 3603 845 3646 rursus
867 3603 909 3648 ex
924 3582 1134 3665 dissipatione
1186 3584 1274 3650 sclua
1302 3605 1382 3649 meur
1425 3583 1455 3648 3.
1486 3583 1703 3649 Verumtamen
1734 3587 1801 3666 ipse
1829 3590 1873 3649 est
1900 3605 1995 3666 rapas
2024 3606 2094 3651 mm
2127 3590 2152 3648 et

167 3671 345 3756 colligeret.
390 3670 461 3735 Iam
484 3689 561 3734 vero
591 3667 632 3733 ad
660 3688 718 3733 nos
748 3687 875 3751 qnoque
903 3669 1045 3753 pertinet
1072 3671 1135 3735 ista
1185 3669 1273 3736 satus
1293 3690 1370 3748 mec,
1392 3689 1453 3733 are
1474 3689 1557 3734 meu:
1577 3688 1638 3735 aaa
1659 3670 1796 3734 movebor
1814 3672 1960 3754 praviter.

168 3759 345 3837 successio,
374 3757 449 3839 quia
472 3754 640 3821 Christum
664 3772 729 3819 non
752 3754 786 3817 in
816 3775 851 3819 se
879 3755 990 3833 modo,
1021 3754 1077 3819 sed
1099 3756 1133 3820 ia

166 3840 234 3908 suis
258 3842 413 3907 membris
436 3861 538 3923 usqne
560 3840 716 3905 adfinem
736 3838 851 3903 mundi
869 3840 980 3906 vivere
998 3851 1134 3923 oportet,
1272 3838 1358 3921 Quia
1379 3841 1482 3907 scitur
1502 3839 1668 3905 Ieduthun
1698 3862 1798 3906 unum
1829 3841 1930 3906 fuisse
1959 3861 2002 3906 ex
2029 3840 2152 3924 praeci·

166 3928 261 3993 sicuti
289 3928 367 3993 dicit
389 3928 512 3994 Iesaias
534 3925 589 4004 53,
612 3925 648 3990 8:
686 3925 940 3991 Generaticnem
970 3925 1039 3992 eins
1069 3924 1134 4010 (vel
1187 3925 1261 4007 puis
1287 3926 1484 4002 cantoribus,
1515 3935 1630 4008 putant
1651 3922 1782 4009 quidam
1806 3926 1976 3993 mandatas
1998 3927 2029 3991 ei
2052 3925 2153 3991 fnisse

169 4012 324 4099 aetatem)
364 4014 437 4096 quia
477 4010 665 4078 enarrabit?
715 4009 875 4091 Quamvis
907 4013 993 4076 enim
1025 4013 1136 4077 variae
1187 4023 1296 4093 partes
1322 4011 1459 4077 canendi
1483 4011 1579 4076 huius
1601 4010 1734 4076 Psalmi.
1779 4011 1825 4076 Et
1846 4022 1934 4077 certe
1956 4012 2091 4078 Psalmo
2112 4009 2153 4077 39

169 4109 379 4181 tempestates
401 4110 434 4163 et
455 4097 633 4182 procellae,
653 4096 803 4178 variique
827 4096 971 4162 hostium
993 4096 1136 4163 insultus
1187 4096 1351 4178 probabile
1373 4108 1423 4162 est
1445 4097 1551 4161 notari
1578 4107 1742 4161 cantorem
1765 4118 1807 4162 ex
1829 4096 1886 4162 illa
1906 4096 2042 4163 familia.
2088 4094 2154 4163 Sed

169 4184 312 4268 quotidie
332 4185 452 4249 multas
470 4185 583 4249 ruinas
601 4182 754 4249 ecclesiae
773 4182 947 4262 minentur,
965 4183 1136 4248 denuntiat
1187 4182 1241 4247 hic
1263 4184 1393 4247 diversa
1415 4182 1544 4247 videtur
1565 4183 1656 4261 ratio,
1678 4183 1754 4264 quia
1775 4200 1842 4247 non
1864 4181 1985 4247 dicitur
2002 4181 2155 4248 Psalmus

170 4287 278 4336 tamen
302 4269 459 4353 propheta
488 4267 625 4334 saeculis
650 4267 801 4332 omnibus
823 4267 890 4332 fore
912 4269 1134 4350 superstitem:
1188 4268 1250 4350 ipsi
1278 4267 1446 4334 Ieduthun
1479 4268 1578 4332 fuisse
1610 4265 1723 4342 datus,
1755 4265 1812 4331 sed
1845 4289 1943 4349 super
1974 4266 2153 4333 Ieduthun.

171 4355 280 4422 David
304 4376 381 4421 vero
404 4375 506 4437 usque
529 4353 568 4419 ad
590 4353 715 4419 Christi
737 4353 839 4435 ipsius
861 4351 1037 4419 adventum
1059 4377 1135 4420 cona
1188 4352 1283 4419 Unde
1305 4353 1456 4419 nonnulli
1478 4353 1652 4425 ‚coniiciunt
1681 4351 1816 4418 celebria
1876 4352 2023 4419 utilenae
2052 4353 2153 4418 faisse

170 4446 293 4509 tinuam
318 4441 410 4524 regni
434 4439 699 4522 propagationem
722 4436 890 4520 praedicit.
1187 4439 1327 4504 initium.
1354 4439 1547 4503 Caeterum
1575 4440 1651 4521 quia
1680 4438 1840 4521 particula
1892 4452 1922 4535 p
1957 4438 2153 4504 tantundem

256 4527 285 4592 8.
309 4524 494 4610 (Habitcbat
516 4526 548 4589 iu
567 4523 747 4608 aemulum.)
782 4522 969 4606 Simplicior
991 4524 1135 4607 loquutio
1187 4545 1282 4607 saepe
1315 4525 1402 4590 valet
1434 4537 1530 4606 atque
1563 4523 1699 4588 latinum
1733 4521 1790 4599 ad,
1826 4525 1876 4589 vel
1912 4534 2061 4608 propter,
2101 4522 2152 4589 vel

170 4624 230 4691 est,
253 4634 350 4696 quam
375 4633 474 4695 quum
498 4630 603 4692 nuper
625 4609 760 4685 dicebat,
784 4608 949 4675 Habitabc
969 4610 1006 4674 in
1028 4611 1134 4676 taber·
1187 4631 1305 4690 coram,
1335 4609 1389 4675 vel
1417 4609 1519 4690 apndz
1553 4630 1619 4672 non
1652 4609 1736 4675 male
1764 4609 1950 4691 quadrabit,
1984 4610 2152 4676 Psalmum

171 4699 296 4765 naculc.
342 4697 387 4762 Se
408 4698 495 4762 euim
511 4695 574 4759 Dei
597 4693 797 4778 protectione
819 4714 966 4760 securum
991 4704 1024 4760 et
1047 4708 1134 4762 tran·
1187 4695 1275 4762 hunc
1309 4695 1408 4760 fnisse
1447 4694 1629 4777 depositum
1669 4692 1755 4777 apud
1796 4706 1942 4777 posteros
1975 4693 2153 4761 Ieduthun.

169 4785 308 4869 qnillum
330 4784 398 4849 fore
421 4783 508 4865 dicit,
532 4781 608 4864 quia
629 4801 704 4844 eum
727 4778 857 4844 habebit
876 4781 960 4845 vitae
982 4803 1060 4847 snae
1080 4802 1135 4846 cu·
1187 4781 1259 4846 Hoc
1281 4780 1321 4845 dc
1342 4780 1553 4862 inscriptione
1576 4779 1718 4844 breviter
1739 4780 1860 4847 dictum
1883 4779 1935 4845 sit.
1973 4781 2011 4846 Si
2030 4781 2155 4862 placcat

170 4870 305 4936 stadem.
356 4869 470 4952 Neque
501 4868 588 4931 enim
622 4864 757 4931 dubiam
789 4878 839 4931 est
872 4865 949 4949 quin
982 4887 1040 4950 per
1071 4868 1136 4934 Dei
1187 4868 1296 4931 versio
1325 4886 1422 4948 quam
1452 4866 1561 4949 posui,
1593 4863 1744 4931 Psalmus
1773 4887 1812 4930 ex
1843 4864 1981 4948 abrupto
2010 4867 2153 4951 incipiet,

169 4957 281 5039 facicm
305 4964 433 5020 notetur
463 4952 668 5039 providentia
697 4958 729 5015 et
757 4960 896 5033 paterna
927 4972 1007 5017 cura
1039 4975 1133 5035 quam
1188 4953 1283 5019 sicuti
1305 4950 1486 5034 patheticae
1507 4951 1688 5015 sententiae
1710 4966 1746 5015 ut
1768 4950 1943 5033 plurimum
1974 4951 2155 5019 defectivae

173 5042 212 5105 de
234 5041 302 5106 suis
325 5041 468 5123 suscipit.
503 5040 547 5103 Et
570 5046 657 5103 certe
678 5036 764 5100 inter
786 5046 833 5100 tot
853 5037 998 5119 pericula
1021 5038 1136 5120 quibus
1188 5046 1283 5105 sunt:
1305 5058 1342 5102 ac
1365 5036 1498 5100 omnino
1521 5035 1587 5099 tale
1608 5036 1739 5100 initium
1762 5046 1812 5101 est
1829 5035 1952 5101 Psalmi
1972 5037 2024 5103 73.
2059 5039 2154 5113 Nam,

172 5127 315 5209 undique
333 5125 529 5201 obsidemur,
547 5145 589 5188 ne
607 5123 647 5187 ad
666 5131 866 5187 momentum
886 5122 1015 5203 quidem
1034 5136 1134 5188 stare·
1189 5132 1226 5189 nt
1247 5122 1314 5187 illic
1336 5122 1454 5187 clarius
1478 5120 1651 5199 videbitur,
1674 5121 1830 5204 propheta
1852 5141 1893 5185 ex
1916 5122 2157 5206 disceptationi-

173 5232 261 5289 mus,
295 5211 357 5275 nisi
380 5232 440 5277 nos
462 5211 525 5276 Dei
549 5210 663 5275 oculus
684 5207 792 5274 salvos
813 5216 1001 5290 praestaret.
1044 5208 1137 5276 Haec
1189 5210 1249 5276 bus
1270 5210 1358 5274 inter
1375 5227 1455 5290 quas
1473 5218 1687 5289 aestuaverat,
1710 5219 1853 5273 mentem
1876 5227 1971 5272 snam
1989 5208 2155 5294 colligens,
