4658 5856
168 307 230 374 657
977 309 1192 378 PSALMUS
1216 310 1344 377 LXXI.
2090 314 2153 380 658

166 501 257 568 Deos
278 501 323 564 mi
344 500 387 565 ud
408 497 565 563 auxilium
587 517 688 563 meum
712 496 838 579 festiue.
885 498 933 563 13.
961 498 1137 581 Pudefiuut,
1189 497 1367 564 confideret
1385 499 1503 579 David,
1525 508 1558 566 et
1576 499 1780 565 familiariter
1801 500 1842 566 ad
1860 521 1935 564 eum
1954 501 2154 586 confugeret.

165 584 755 668 111111111111111111111111111111,
777 584 959 666 aporiaretur
974 585 1089 667 probro
1110 591 1138 650 et
1187 585 1219 651 Ν
1221 606 1256 649 ec
1274 585 1408 650 dubium
1427 595 1477 650 est
1494 588 1571 669 quin
1590 585 1694 651 Deum
1711 607 1804 651 11111
1821 587 1996 670 appellans,
2019 608 2154 671 gravem

161 674 285 756 pudore
307 675 484 755 quaerentes
504 669 623 734 muium
644 689 756 734 meum.
1187 670 1280 735 illum
1299 671 1482 754 durumque
1499 672 1656 738 insultum
1674 672 1735 737 hoe
1751 673 1863 756 clypco
1880 673 2025 755 repellat.
2049 675 2154 738 Auxi-

1188 755 1269 821 liuu'r
1293 777 1371 822 vero
1394 756 1457 822 Dei
1480 757 1667 842 implorans,
1695 759 1792 822 simul
1822 768 1972 839 precatur
1994 768 2032 824 ut
2053 759 2154 841 pude-

253 843 283 909 9.
313 842 378 928 (Ne
403 841 578 927 proiieius.)
623 839 711 921 Quia
740 862 845 924 nuper
875 842 997 921 retulit,
1027 841 1135 906 Deum
1188 843 1268 907 fiant
1297 841 1488 919 adversarii,
1520 845 1622 909 donee
1650 846 1832 926 consumpti
1864 844 1994 910 fuerint.
2040 845 2153 925 Quan-

166 940 386 1013 susceptorem
407 928 506 992 fuissc
529 929 658 993 animae
685 947 762 993 suae
785 927 824 993 ab
847 928 996 1005 infantia,
1020 927 1136 993 deinde
1189 949 1285 1011 quam
1309 928 1390 993 haee
1409 929 1507 993 verba
1526 931 1558 993 in
1578 931 1688 994 tuturo
1711 936 1857 1012 tempere
1879 929 1986 1013 legere
2008 951 2072 995 non
2092 931 2155 995 crit

167 1017 267 1080 etiam
290 1016 325 1080 in
347 1013 489 1098 pueritia
512 1013 685 1096 nutritum,
710 1019 841 1096 totoque
862 1013 951 1079 vitae
973 1012 1135 1079 curriculo
1189 1013 1381 1094 absurdum,
1416 1014 1492 1097 quia
1525 1015 1633 1080 David
1667 1017 1849 1096 precatione
1882 1036 1942 1081 sua
1975 1015 2153 1097 defunctus,

167 1103 267 1167 fuisse
296 1099 413 1165 salutis
443 1099 626 1164 custodem:
659 1121 746 1164 nune
776 1100 865 1165 senio
895 1100 1068 1176 conlectus,
1099 1100 1134 1163 in
1188 1120 1284 1182 saepe
1313 1101 1482 1183 insurgere
1511 1102 1593 1166 solet
1620 1107 1733 1165 eontra
1762 1102 1883 1182 hostes,
1913 1110 1946 1166 11
1974 1103 2065 1185 quasi
2096 1103 2154 1168 tri·

166 1194 341 1269 paternum
372 1185 442 1251 eius
472 1187 632 1267 gremium
659 1206 694 1250 se
716 1184 829 1251 reiicit.
874 1184 959 1249 Nam
989 1206 1051 1267 que
1074 1205 1134 1250 nes
1188 1185 1347 1267 umphnm
1371 1184 1507 1269 deipsis
1526 1208 1630 1271 agere.
1665 1185 1829 1267 Sequetus
1850 1197 1958 1252 tamen
1978 1208 2051 1253 snm
2070 1187 2154 1271 quod

166 1272 272 1356 magis
294 1272 449 1338 deficiunt
469 1271 563 1350 vires,
587 1272 758 1354 sicutipse
780 1271 955 1336 necessitas
974 1270 1133 1335 adDeum
1188 1271 1355 1336 contextui
1378 1272 1495 1337 melius
1517 1273 1706 1357 quadrabat.
1748 1271 1834 1352 Quia
1857 1282 1963 1338 autem
1988 1276 2052 1338 iam
2076 1273 2154 1338 alibi

166 1355 388 1441 quaerendum
417 1377 476 1421 nos
506 1357 669 1439 sollicitat,
698 1357 744 1422 sie
771 1357 868 1421 etiam
897 1356 1058 1439 speranda
1086 1366 1135 1420 ost
1188 1358 1322 1441 exposui
1348 1358 1508 1440 quomodo
1537 1358 1677 1442 intelligi
1708 1354 1823 1423 debeat
1845 1359 1926 1424 haee
1954 1361 2154 1443 imprecatio,

166 1448 235 1509 eius
258 1443 297 1506 ud
321 1464 379 1508 nos
401 1442 564 1508 iuvandos
591 1443 773 1527 propensio.
818 1441 956 1508 Summa
979 1454 1037 1521 eat,
1066 1444 1134 1507 Do·
1187 1464 1276 1508 nune
1295 1453 1441 1527 repetere
1463 1445 1547 1509 nihil
1570 1466 1652 1529 opus
1675 1451 1732 1507 est.

165 1531 264 1607 mine,
294 1529 349 1611 qui
372 1549 424 1592 me
447 1537 600 1612 vegetum
630 1529 663 1593 in
686 1531 767 1592 flore
796 1530 911 1593 aetatis
941 1529 1134 1607 sustinuisti,

166 1618 293 1679 nciam
317 1613 476 1679 caducum
499 1615 620 1679 111111
643 1612 842 1679 emarcidum
873 1614 1048 1680 destituas:
1078 1613 1134 1678 sed
1274 1615 1323 1679 14.
1354 1615 1397 1679 Et
1424 1637 1475 1699 epo
1504 1637 1622 1697 semper
1651 1618 1794 1699 sperabo,
1826 1621 1853 1681 et
1881 1616 2031 1684 adiiciam
2060 1639 2156 1700 super

166 1720 231 1782 quo
260 1701 365 1783 magis
394 1710 451 1766 tua
480 1721 540 1783 ope
570 1698 716 1784 indigeo,
748 1710 780 1764 te
809 1700 847 1765 ad
880 1699 1133 1766 misericordiam
1188 1721 1306 1766 emerem
1328 1700 1451 1767 leudem
1473 1708 1567 1767 tuum.
1620 1705 1671 1769 15.
1704 1706 1746 1771 Os
1768 1723 1869 1768 meum
1895 1703 2038 1768 rrurrcbit
2064 1706 2153 1771 iusti-

165 1787 275 1852 fleotat
305 1807 396 1850 meus
426 1786 579 1852 defectus.
624 1787 677 1851 Ex
708 1787 769 1850 hoc
792 1807 887 1853 versu
918 1808 981 1850 non
1012 1795 1134 1851 temore
1186 1788 1264 1852 tium
1286 1791 1382 1865 tuum,
1413 1789 1547 1869 quotidie
1574 1791 1704 1855 salutm
1728 1796 1822 1865 tuem,
1852 1789 1929 1870 quie
1950 1808 2012 1853 uon
2032 1793 2154 1874 eoquoei

165 1871 341 1937 coniiciunt
381 1872 576 1955 interpretes
615 1888 800 1937 sermenem
844 1872 958 1937 haberi
998 1873 1033 1935 in
1075 1872 1134 1936 hoo
1186 1893 1338 1938 nanterus
1386 1875 1436 1938 16.
1466 1875 1612 1940 lacedem
1634 1878 1668 1940 in
1694 1876 1931 1957 fortitudinibus
1951 1874 2083 1942 Domini
2104 1876 2154 1942 Ie-

164 1958 298 2022 Psalmo
328 1957 368 2021 de
396 1958 619 2023 coniuratione
642 1957 808 2023 Absalom.
852 1958 898 2021 Et
920 1967 1008 2023 certe
1029 1957 1135 2022 111111-
1187 1958 1296 2024 bucce:
1318 1960 1508 2025 metueretur
1530 1962 1669 2027 iustitiae
1691 1968 1762 2027 tuoe
1783 1962 1888 2027 sotius.

166 2044 229 2109 bile
251 2043 332 2107 illud
355 2054 389 2108 et
411 2045 572 2127 tragicum
592 2043 813 2125 spectaculum
841 2044 946 2109 faeere
969 2044 1076 2127 potuit
1098 2053 1134 2107 ut

163 2151 229 2194 non
260 2129 355 2194 modo
385 2131 603 2212 promiscuum
632 2129 765 2213 vulgus,
795 2128 851 2194 sed
882 2129 938 2211 qui
967 2129 1134 2212 pollebant
1168 2152 1171 2159 ·
1273 2130 1321 2195 14.
1346 2130 1402 2215 (Et
1419 2151 1472 2215 epo
1491 2133 1632 2219 semper.)
1670 2132 1795 2198 lterum
1817 2132 1910 2214 quasi
1929 2132 2032 2197 vietor
2050 2153 2153 2199 emcr-

163 2216 343 2298 gruvitate,
377 2216 469 2297 quasi
503 2236 523 2280 a
552 2224 697 2281 monstro
731 2214 914 2280 detestabili
947 2224 1132 2280 averterent
1185 2237 1281 2300 gons,
1312 2218 1491 2297 gratiarum
1525 2220 1684 2283 actionem
1717 2220 1902 2284 meditatur.
1955 2217 2151 2301 Quanquam

164 2301 283 2380 oeulos,
306 2322 405 2384 quum
424 2301 514 2366 filius
533 2309 656 2382 patrem
675 2323 776 2385 regno
795 2301 967 2383 expulsum
987 2321 1044 2383 per
1061 2301 1133 2384 ipsa
1185 2322 1250 2366 non
1279 2301 1413 2366 dubium
1446 2312 1511 2385 est,
1545 2325 1609 2386 quo
1639 2314 1784 2388 tempore
1815 2305 1884 2369 eius
1911 2304 2151 2386 simplieitatem

164 2407 291 2468 quoque
313 2387 440 2451 deserta
462 2386 501 2450 ad
527 2406 635 2451 necem
659 2397 837 2468 quaereret.
1185 2387 1324 2453 ludibrio
1354 2387 1518 2453 habebant
1548 2391 1658 2473 impii,
1690 2391 1776 2455 inter
1806 2389 1878 2454 illas
1908 2390 2076 2473 angustiae
2105 2392 2152 2457 sie

252 2471 301 2536 10.
335 2472 437 2556 (Quia
466 2473 612 2538 dimerserat
643 2473 787 2558 inimici.)
839 2473 915 2537 Alia
943 2472 1039 2535 etiam
1070 2473 1131 2536 eir·
1184 2473 1284 2538 luisse
1306 2471 1479 2539 luctatum:
1503 2475 1588 2558 quod
1606 2475 1791 2559 colligimus
1813 2497 1853 2540 ex
1873 2476 1972 2540 verbo
1991 2478 2151 2559 sperandi.

165 2559 362 2623 eumstantia
384 2558 448 2623 Dei
477 2558 732 2625 misericordiam
763 2558 823 2624 sibi
853 2559 1015 2637 conciliat,
1046 2557 1130 2639 quod
1185 2558 1345 2639 Quamvis
1370 2581 1447 2643 ergo
1476 2582 1580 2642 neque
1609 2561 1767 2627 malorum
1797 2561 1883 2627 ullus
1911 2583 1946 2626 sc
1968 2560 2153 2628 ostenderet

164 2645 287 2709 maiore
319 2643 450 2710 lieentia
479 2644 514 2709 in
544 2644 649 2726 ipsum
684 2646 834 2710 saeviant
866 2645 1020 2727 improbi,
1054 2644 1131 2707 dum
1156 2666 1160 2737 1
1185 2645 1301 2723 exitus,
1325 2654 1357 2709 11
1379 2645 1469 2727 impii
1492 2668 1557 2710 non
1581 2645 1768 2712 desinerent
1790 2647 1929 2730 superbo
1951 2646 2057 2711 ridere
2079 2648 2150 2714 eius

165 2730 356 2794 existimant
379 2752 398 2793 1
420 2729 491 2794 Deo
515 2730 584 2813 ipse
606 2731 761 2796 reiectum
786 2751 823 2796 ae
846 2730 1019 2813 proditum.
1061 2728 1132 2794 Sei·
1184 2728 1355 2797 fiduciam:
1390 2730 1449 2795 sibi
1485 2742 1591 2796 tamen
1622 2733 1656 2796 in
1687 2754 1745 2815 spo
1774 2754 1844 2799 esse
1875 2732 2150 2814 perseverandum

164 2837 237 2881 mus
256 2816 342 2879 enim
360 2815 509 2898 pessimis
528 2816 627 2880 etiam
646 2816 825 2899 quibusque
845 2837 989 2882 creseere
1007 2816 1132 2879 animos
1185 2816 1315 2881 statuit:
1339 2817 1434 2881 sicuti
1453 2817 1533 2882 haec
1552 2839 1629 2882 vera
1646 2828 1694 2884 est
1712 2818 1787 2884 fidei
1806 2817 1962 2901 probatio,
1984 2818 2150 2884 attendere

164 2912 198 2966 et
226 2901 411 2980 audaciam,
449 2901 503 2967 ubi
537 2902 689 2966 innoxios
721 2900 870 2967 vexando
908 2903 1038 2985 fingunt
1071 2899 1131 2963 sibi
1184 2901 1225 2965 ad
1246 2902 1347 2968 solam
1371 2902 1432 2965 Dei
1464 2902 1727 2984 promissionem,
1759 2912 1795 2968 ut
1817 2904 1886 2969 sola
1908 2905 1978 2968 eius
2000 2905 2071 2970 luce
2093 2926 2151 2987 per

165 2987 247 3051 nihil
270 3007 343 3051 eum
367 2985 438 3052 Deo
465 3009 535 3053 esse
562 2987 702 3071 negotii:
735 2988 810 3069 quia
837 3007 902 3051 non
933 2986 1028 3051 modo
1057 3006 1131 3068 spes
1184 2987 1393 3054 densissimas
1416 2987 1627 3053 afflictionum
1651 2990 1801 3054 tenebras
1819 2998 1960 3073 regatur.
1997 2989 2069 3054 Hoc
2090 2990 2151 3074 igi-

163 3072 368 3156 impunitatis
397 3093 452 3138 eos
479 3075 665 3152 confirmat,
694 3071 750 3137 ssd
781 3074 878 3137 etiam
911 3072 950 3137 de
979 3092 1129 3136 successu
1184 3082 1237 3137 tur
1260 3094 1400 3156 sperare,
1423 3073 1515 3138 ouius
1536 3073 1687 3137 meminit
1708 3074 1829 3157 David,
1853 3096 1895 3138 ex
1917 3075 2149 3142 certaminibus

106 3202 109 3205 -
163 3158 355 3240 gloriantur,
375 3159 428 3222 ubi
446 3159 526 3222 nihil
546 3156 586 3222 ad
601 3157 815 3223 cohibendam
835 3178 946 3222 eorum
962 3157 1128 3223 libidinem
1183 3179 1265 3240 quae
1287 3169 1365 3225 tune
1387 3158 1542 3223 sustinuit
1572 3159 1808 3224 aestimandum
1832 3168 1889 3224 cst.
1934 3161 2148 3227 111111ᾱά1-

164 3244 321 3309 obstaculi
345 3254 489 3326 apparet.
528 3245 632 3309 Porro
655 3243 741 3325 quod
765 3256 843 3307 tune
862 3243 983 3307 Davidi
1007 3243 1129 3321 accidit,
1156 3286 1158 3335 Ι
1182 3251 1287 3310 turum
1309 3245 1525 3327 pronuntians
1548 3264 1641 3324 super
1660 3245 1799 3327 reliquus
1822 3245 1886 3311 Dei
1907 3245 2024 3323 leudes,
2047 3267 2144 3327 quam

164 3329 240 3394 filiis
261 3328 324 3392 Dei
354 3350 454 3412 propo
483 3329 682 3394 ordinarium
714 3339 773 3406 cst,
804 3340 840 3392 ut
869 3328 950 3391 nihil
981 3349 1045 3391 non
1073 3349 1129 3392 au·
1155 3340 1315 3421 11111111
1344 3330 1386 3393 sit
1416 3329 1456 3393 de
1486 3329 1617 3411 optabili
1648 3332 1737 3395 exitu
1768 3331 1984 3412 domonstrat,
2015 3331 2148 3414 perinde

164 3414 264 3485 deant
292 3428 407 3480 eontra
436 3416 522 3497 ipsos
552 3415 700 3498 improbi,
731 3415 807 3478 dum
831 3414 891 3479 sibi
915 3414 1074 3479 divinitus
1096 3414 1128 3476 in
1156 3424 1158 3431 '
1183 3419 1269 3482 onim
1293 3425 1343 3482 est
1365 3417 1445 3480 1111
1466 3416 1597 3498 diecret,
1620 3416 1759 3481 Domine
1782 3416 1858 3499 quia
1880 3415 2006 3498 pridem
2028 3417 2068 3481 ad
2090 3431 2148 3483 tua

163 3499 318 3582 praedam
347 3503 512 3583 expositos
544 3522 614 3566 esse
645 3503 780 3583 fingunt.
832 3499 919 3581 Quia
951 3501 1039 3565 enim
1066 3499 1128 3564 Dei
1183 3503 1339 3568 beneficia
1368 3502 1568 3566 assuefactus
1596 3523 1685 3585 sum,
1720 3524 1782 3567 non
1815 3501 1927 3567 dubito
1956 3503 2032 3585 quin
2064 3525 2147 3569 nova

163 3588 301 3668 gratiam
325 3588 489 3668 praesenti
512 3597 641 3652 tantum
665 3587 796 3651 fortuna
819 3587 1010 3665 metiuntur,
1037 3607 1127 3667 quos·
1182 3590 1322 3654 accessio
1352 3608 1471 3652 novam
1501 3608 1627 3670 quoque
1655 3590 1825 3652 materiam
1855 3588 1938 3651 mibi
1968 3588 2083 3651 datura
2105 3591 2147 3654 sit

163 3693 289 3753 cunque
312 3671 414 3758 affligi
437 3673 568 3756 patitur,
590 3671 764 3747 contemni,
789 3672 940 3754 relinqui,
961 3679 994 3736 et
1016 3671 1128 3755 proiici
1181 3673 1393 3742 celebrandae
1418 3684 1494 3738 tuac
1516 3675 1651 3754 gratiae.
1697 3674 1826 3739 Clarius
1854 3672 1970 3737 deinde
1993 3675 2147 3757 exprimit

163 3758 203 3822 ab
226 3778 264 3822 eo
286 3769 411 3841 putant.
456 3760 543 3825 Hine
564 3780 598 3825 se
621 3757 662 3824 ad
685 3755 814 3841 quidvis
840 3758 1033 3822 tentandum
1055 3778 1128 3821 mu·
1181 3761 1276 3844 quale
1299 3759 1404 3824 laudis
1425 3759 1619 3825 sacrificium
1644 3761 1713 3825 Deo
1736 3761 1852 3823 offerre
1874 3759 2035 3836 instituat,
2065 3760 2145 3824 assi·

164 3856 220 3908 tuo
249 3842 422 3909 hortantur
451 3856 484 3910 et
511 3854 647 3923 acuunt,
680 3844 755 3926 quia
788 3843 916 3909 miseris
946 3842 1055 3907 nullus
1086 3843 1129 3908 sit
1182 3850 1279 3912 duum
1311 3846 1454 3910 iustitiae
1483 3856 1517 3908 et
1543 3843 1657 3908 salutis
1690 3845 1760 3908 cius
1790 3865 1981 3928 praeconem
2015 3865 2049 3909 se
2078 3845 2145 3911 iore

162 3929 292 3993 futurus
326 3931 457 3995 vindex.
502 3932 602 4013 Atqui
635 3938 790 4013 proterva
823 3930 904 3993 hacc
937 3949 1047 3992 eorum
1079 3929 1127 3992 in·
1181 3934 1359 3998 affirmans.
1399 3929 1538 4012 Saepius
1560 3949 1638 3994 vero
1663 3931 1801 3994 antehae
1824 3931 1926 4006 docui,
1949 3952 2015 3994 non
2034 3935 2144 3996 vocari

162 4014 293 4080 sultatie
316 4016 460 4081 vicissim
482 4018 607 4082 animos
629 4024 757 4081 nostros
776 4014 872 4080 debet
889 4014 1031 4097 erigere:
1054 4015 1129 4096 quia
1181 4018 1245 4082 Dei
1268 4016 1424 4083 iustitiam
1448 4036 1510 4098 qua
1531 4015 1645 4098 cuique
1669 4016 1819 4098 rependit
1847 4016 1931 4098 quod
1962 4036 2058 4079 suum
2085 4030 2172 4098 est‚·

162 4101 225 4165 Dei
247 4100 370 4184 gloriae
393 4103 527 4167 interest
548 4124 583 4167 re
605 4104 677 4185 ipsa
698 4101 897 4184 comprobari
925 4099 1009 4182 quod
1033 4099 1129 4164 toties
1181 4103 1236 4168 sed
1268 4103 1365 4167 fidem
1399 4121 1496 4183 quam
1530 4101 1598 4166 suis
1632 4110 1775 4184 praestat
1806 4101 1841 4164 in
1875 4102 1954 4182 ipsis
1985 4101 2144 4179 fovendis,

162 4187 333 4269 promittit,
364 4189 562 4271 pauperibus
587 4198 620 4252 et
641 4187 771 4253 afflictis
793 4208 828 4252 se
850 4207 944 4270 opem
974 4184 1127 4250 laturum.
1180 4187 1319 4265 tuendis,
1342 4207 1379 4253 ae
1395 4185 1582 4251 liberandis.
1615 4187 1723 4270 Atque
1746 4187 1823 4252 bino
1845 4187 1990 4252 nascitur
2012 4188 2144 4253 inaesti-

161 4272 230 4337 Nee
247 4293 325 4337 vero
344 4273 428 4356 quod
446 4273 508 4339 sibi
527 4276 656 4339 veniam
677 4271 787 4338 aDeo
808 4273 1005 4357 promittunt
1027 4271 1127 4353 impii,
1180 4274 1308 4339 mabilis
1337 4273 1521 4349 consolatio,
1553 4272 1629 4337 dum
1659 4273 1797 4338 salutem
1822 4280 1964 4337 nostram
1995 4273 2143 4340 audimus

162 4359 242 4425 haee
262 4361 362 4424 stulta
379 4381 492 4425 eorum
510 4360 699 4443 imaginatio
717 4359 843 4443 culpam
860 4365 1029 4422 extenuat:
1049 4359 1127 4438 quin
1179 4363 1226 4424 ita
1248 4359 1343 4423 inniti
1367 4357 1429 4422 Dei
1451 4358 1604 4436 iustitiae,
1637 4368 1672 4422 ut
1694 4358 1830 4423 eandem
1861 4380 1935 4423 eum
1958 4358 2020 4423 hae
2041 4359 2142 4423 firmi·

163 4445 272 4528 potius
302 4447 351 4511 bie
380 4448 414 4510 in
442 4445 551 4511 Deum
580 4457 658 4510 sunt
691 4444 930 4527 contumeliosi,
961 4442 1126 4525 eripiendo
1179 4445 1324 4510 tudinem
1349 4442 1475 4507 habeat.
1513 4441 1652 4529 Salutem
1674 4443 1968 4509 Deiectivesumi
1991 4444 2143 4511 huelem

162 4529 247 4613 quod
269 4531 298 4596 ei
320 4533 462 4597 maxime
484 4532 654 4615 proprium
676 4526 734 4597 cst.
1178 4532 1257 4598 satis
1279 4538 1391 4593 notum
1421 4540 1487 4603 111,
1521 4549 1592 4593 cam
1629 4530 1772 4595 iustitiae
1805 4529 1953 4613 adiungit
1985 4540 2141 4611 tanquam

249 4617 297 4681 12.
320 4617 423 4703 (Deua
444 4639 482 4683 ae
498 4616 633 4702 prcetd.)
669 4617 777 4699 Quam
800 4615 941 4681 difficilis
962 4623 995 4678 et
1013 4635 1127 4697 aspera
1178 4636 1293 4683 causae
1322 4614 1489 4679 effectum:
1521 4615 1689 4696 quianon
1719 4615 1851 4679 aliunde
1874 4635 2048 4696 persuasus
2071 4623 2141 4680 erat
2216 4678 2221 4682 .

161 4702 261 4767 fucrit
280 4703 337 4767 illa
359 4704 504 4783 tentatio,
527 4725 626 4786 quum
650 4703 810 4769 Davidem
832 4708 1013 4767 statuerent
1034 4701 1126 4783 impii
1179 4725 1213 4769 se
1236 4702 1303 4765 lore
1326 4700 1464 4778 salvum,
1495 4701 1557 4765 nisi
1580 4702 1654 4784 quia
1677 4702 1782 4766 iustus
1805 4709 1874 4764 erat
1897 4701 1996 4779 Deus,
2026 4722 2084 4765 nee
2106 4723 2141 4766 se

162 4809 181 4851 a
214 4787 285 4852 Deo
317 4790 471 4854 reiectum
506 4810 592 4867 esse,
632 4788 690 4854 vix
724 4789 805 4854 satis
838 4795 944 4871 potest
976 4787 1123 4869 exprimi.
1177 4790 1281 4872 ipsum
1312 4786 1474 4870 abnegare
1502 4795 1637 4868 poterat.
1681 4787 1750 4850 Iam
1775 4786 1851 4868 quia
1881 4786 1985 4863 toties,
2015 4805 2051 4850 ae
2074 4796 2139 4851 tam

162 4872 273 4955 Neque
296 4874 382 4939 enim
406 4894 518 4939 vocem
542 4875 627 4940 hanc
649 4872 887 4941 inconsiderate
912 4874 1123 4956 spargebant:
1177 4873 1276 4940 variis
1309 4873 1428 4951 modis,
1462 4882 1592 4954 tamque
1621 4871 1812 4936 mirabiliter
1843 4880 1992 4937 servatus
2024 4872 2140 4952 fuerat,

161 4957 217 5023 sed
239 4980 340 5041 quum
366 4960 426 5024 visi
453 4970 561 5026 essent
590 4959 699 5024 omniu
726 4958 904 5044 prudenter
933 4959 1123 5041 expendere,
1176 4960 1248 5025 ideo
1270 4959 1461 5024 continuum
1491 4956 1551 5022 sibi
1571 4957 1713 5021 studium
1737 4956 1807 5019 lore
1831 4954 1908 5020 dicit
1930 4954 2139 5024 celebrandae

162 5046 254 5125 quasi
278 5045 317 5109 de
333 5067 370 5111 re
387 5059 552 5126 comperta
572 5046 721 5111 ferebant
742 5044 946 5112 sententiam.
982 5044 1123 5126 Ideoque
1176 5046 1300 5130 gratiae
1322 5043 1394 5108 Dei.
1434 5043 1630 5107 Particulam
1654 5054 1694 5122 1)
1717 5040 1920 5105 adversative
1941 5042 2073 5125 quidam
2092 5065 2139 5109 re-

163 5129 309 5196 hcroieac
338 5131 540 5197 fortitudinis
568 5133 630 5197 fuit
655 5152 808 5214 superare
837 5150 991 5211 perversa
1012 5150 1122 5195 eorum
1176 5133 1321 5209 solvunt,
1352 5128 1510 5210 Quamvis
1539 5125 1875 5210 incompreheusibilis
1901 5128 1983 5191 mihi
2012 5128 2054 5193 sit
2075 5131 2137 5194 Dei

162 5214 288 5294 iudicia,
316 5228 354 5281 ut
375 5217 484 5281 Deum
515 5217 728 5284 nihilominus
757 5215 817 5282 sibi
848 5215 1024 5298 propitium
1054 5236 1124 5284 esse
1175 5218 1274 5297 salus,
1297 5215 1350 5282 vel
1369 5222 1500 5298 captum
1524 5234 1630 5279 meum
1662 5211 1807 5291 excedat,
1837 5231 1897 5296 ego
1926 5220 2035 5279 tamen
2066 5236 2138 5281 eam

264 5319 372 5376 Caluini
390 5336 485 5390 opera.
518 5320 632 5375 XXXI.
1899 5314 1934 5368 42
