4658 5856
169 330 231 396 731
950 327 1165 397 PSALMUS
1188 327 1387 396 LXXVIII.
2100 333 2160 400 'l32

166 519 317 585 volucrem
334 522 514 600 pmaotam.
559 518 611 583 28.
635 517 678 583 Et
707 518 814 583 cadere
839 519 911 600 fecit
940 518 975 583 io
1001 518 1139 583 mediam
1191 519 1424 601 temperantiae
1456 541 1491 584 se
1518 520 1708 585 contineant
1736 519 1905 587 homiuum
1935 523 2055 601 animi,
2091 547 2159 593 esse

166 611 342 673 castrorum
370 606 441 670 cias
467 624 527 686 per
554 606 719 670 circuitam
750 604 794 669 ad
825 604 1026 671 tabernacula
1059 605 1137 669 aas.
1190 604 1421 687 inexplebiles,
1444 605 1581 687 ideoque
1604 607 1775 672 saturitate
1799 627 1862 673 nou
1885 609 2047 693 restingui
2070 613 2159 692 pravi

166 692 217 756 29.
241 691 285 757 El
306 691 519 770 comederant,
550 691 736 755 cisatarati
757 697 830 755 sant
851 689 948 766 valde,
972 695 1000 755 et
1020 690 1139 756 dmide·
1189 691 1353 771 appetitus
1386 690 1546 756 ardorem.
1602 689 1745 773 Quidam
1778 702 1927 775 vertunt,
1960 716 2028 760 non
2061 697 2160 764 luisse

164 779 250 842 ham
278 796 384 843 eoram
413 777 518 841 acolt
543 777 634 857 ipsis.
679 776 732 841 30.
757 776 830 841 Noa
859 776 989 841 alienati
1016 781 1090 840 suat
1116 797 1138 840 a
1188 775 1379 841 frustratos:
1413 776 1486 854 alii,
1521 777 1664 842 nondum
1691 778 1844 844 habuisse
1872 778 1980 845 eibum
2011 781 2159 849 fastidio:

165 863 318 928 dmiderio
349 883 423 927 sao:
461 863 561 927 adira
592 862 677 926 cibiae
711 868 779 926 erat
821 862 855 927 ia
893 883 945 928 ore
984 863 1136 944 ipsoram,
1189 860 1275 942 quod
1298 863 1458 945 posterius
1480 873 1624 928 mentem
1647 864 1824 946 prophetae
1846 885 1913 929 uon
1936 866 2023 933 male
2051 871 2160 952 expri-

164 949 215 1014 31.
243 951 346 1030 ροιιοι
367 949 419 1012 iro
440 947 505 1013 Dei
525 948 684 1014 adsceadit
705 950 740 1012 ia
757 969 816 1028 eos,
837 948 991 1014 doccidit
1003 948 1138 1031 pinques
1189 948 1263 1011 mit:
1296 948 1352 1013 sed
1376 970 1395 1013 e
1417 947 1517 1014 verbo
1540 960 1595 1033 'm
1623 960 1785 1014 remotum
1811 960 1870 1016 est.
1915 952 2055 1018 Duobus
2083 976 2160 1039 ergo

164 1056 279 1114 corum,
301 1040 329 1099 et
350 1034 455 1099 decios
477 1033 583 1099 Israel
598 1035 782 1115 prostravit.
1190 1033 1296 1098 verbis
1318 1036 1502 1116 exprimere
1525 1035 1632 1099 voluit
1653 1034 1815 1119 propheta
1844 1048 2048 1119 praesentem
2076 1040 2161 1106 oble-

1188 1120 1381 1184 ctationem:
1404 1120 1480 1203 quia
1498 1121 1554 1185 ubi
1570 1120 1747 1186 viudiotam
1767 1122 1806 1186 de
1822 1121 1885 1188 illis
1901 1127 2043 1208 sumpsit
2059 1127 2160 1205 Deus,

250 1206 301 1272 26.
333 1203 479 1291 (Perpere
509 1204 605 1292 fecit.)
665 1206 786 1271 Narrat
827 1207 985 1289 propheta
1026 1207 1136 1271 Deum
1188 1203 1295 1269 adhue
1318 1204 1530 1271 laseiviebant
1552 1206 1587 1269 iu
1610 1229 1669 1272 sua
1698 1208 1840 1289 crapula.
1885 1209 2079 1289 Caeterum,
2108 1214 2160 1279 ira

164 1314 288 1359 morem
310 1292 449 1375 gessisse
471 1291 588 1373 populo
611 1311 679 1367 suo,
703 1312 767 1356 uon
797 1293 882 1375 quod
911 1293 1134 1373 obstreperum
1186 1289 1252 1355 Dei
1273 1291 1494 1374 metaphorice
1515 1293 1698 1359 adscendere
1720 1292 1848 1373 dieitur,
1871 1294 1948 1359 dum
1970 1309 2107 1379 repente
2127 1300 2160 1363 iu

110 1410 113 1415 ·
162 1379 244 1444 illud
267 1389 379 1443 votum
403 1377 563 1458 propitius
585 1376 776 1456 exaudierit,
799 1378 856 1442 sed
879 1386 915 1442 ut
933 1377 1135 1461 effeetuipso
1186 1376 1341 1442 iudicium
1375 1381 1560 1461 consurgit:
1600 1380 1677 1461 quia
1711 1377 1919 1446 dissimulans
1948 1381 1990 1446 ad
2028 1400 2161 1465 peecata

163 1464 314 1548 probaret
331 1462 392 1527 sibi
410 1463 444 1526 iu
464 1482 562 1526 manu
581 1483 653 1529 osse
671 1463 756 1546 quod
774 1464 822 1529 illi
839 1485 903 1528 uon
919 1463 1134 1528 crediderant.
1188 1461 1318 1526 videtur
1339 1463 1574 1545 quodammodo
1596 1465 1722 1547 sopitus
1751 1485 1831 1529 esse.
1876 1465 2073 1549 Quanquam
2103 1491 2159 1534 au·

162 1548 259 1617 Unde
292 1550 389 1613 etiam
423 1557 511 1630 patet
540 1569 637 1630 quam
680 1571 850 1633 perperam
888 1570 1019 1615 carnem
1060 1571 1134 1614 eum
1187 1558 1252 1612 tem
1277 1569 1334 1630 per
1355 1549 1503 1631 singulos
1526 1548 1656 1615 ordines
1678 1562 1825 1633 grassata
1848 1551 1910 1615 luit
1938 1574 2059 1635 poena,
2084 1558 2158 1638 pia-

162 1657 283 1701 mauna
323 1635 523 1718 coniungant
561 1634 693 1717 quidam
734 1637 947 1719 interpretes,
994 1656 1134 1717 quorum
1183 1654 1259 1717 ques
1282 1645 1391 1698 tamen
1414 1647 1447 1699 et
1468 1636 1574 1701 declus
1595 1636 1743 1701 consulto
1765 1636 1925 1720 propheta
1942 1640 2102 1719 nominat,
2127 1651 2160 1706 ut

161 1742 297 1806 prorsus
321 1721 451 1784 diversa
473 1730 524 1783 est
546 1721 643 1785 ratio:
667 1722 745 1803 quia
766 1722 800 1785 in
824 1742 946 1786 manna
969 1722 1070 1805 patris
1089 1722 1134 1786 oi·
1186 1719 1305 1784 clarius
1327 1719 1489 1803 refulgeat
1506 1722 1567 1785 Dei
1590 1720 1754 1787 iudioium.
1789 1722 1902 1806 Neque
1924 1724 2013 1789 euim
2036 1736 2159 1793 temere

161 1808 271 1874 ficium
290 1806 477 1889 praestabat
494 1804 601 1871 Deus:
624 1807 777 1872 carnibus
796 1807 936 1890 ruplevit
953 1807 1132 1890 ingluviem
1186 1804 1317 1880 accidit,
1347 1817 1385 1870 ut
1405 1807 1646 1872 robustissimos
1668 1827 1812 1890 quosque
1834 1822 1865 1873 et
1896 1811 2018 1875 eximio
2049 1813 2159 1896 vigore

162 1914 295 1976 eorum,
328 1901 366 1956 ut
399 1892 470 1974 ipsa
503 1892 714 1976 ingurgitatio
745 1914 801 1957 eos
833 1895 1016 1958 suffocaret.
1060 1894 1133 1957 Etsi
1186 1891 1349 1972 praeditos
1368 1892 1459 1957 tabes
1478 1894 1659 1958 conficeret.
1692 1892 1912 1977 Deindequia
1928 1897 2157 1978 utplurimum

161 1991 269 2044 autem
292 1978 364 2042 Deo
387 1999 453 2042 non
475 1977 592 2042 suisset
613 1976 744 2044 difficile
767 1981 948 2045 coturnices
966 2000 1076 2045 creare
1099 1981 1132 2043 in
1185 1977 1334 2042 homines
1357 1977 1440 2042 fallit
1462 1999 1522 2043 sua
1552 1979 1673 2057 virtus,
1704 1988 1740 2042 ut
1770 1979 1924 2046 audacius
1954 1985 2158 2065 proterviant

162 2065 267 2130 medio
290 2064 426 2138 deserto,
449 2072 623 2128 ventorum
647 2078 756 2129 tamen
778 2065 901 2147 impetu
918 2065 994 2130 illue
1014 2064 1133 2129 advehi
1185 2074 1300 2128 eontra
1329 2062 1455 2141 Deum,
1490 2065 1567 2147 quia
1595 2065 1796 2129 infirmitatis
1825 2087 1902 2131 suae
1937 2067 2156 2150 immemores,

162 2150 282 2226 voluit,
312 2158 348 2213 ut
369 2149 532 2213 discerent
553 2148 722 2216 Israelitae
744 2150 906 2216 elementa
935 2152 1046 2215 omnia
1076 2171 1133 2233 pa·
1185 2148 1317 2231 quidvis
1338 2149 1399 2214 sibi
1421 2150 1519 2216 licere
1541 2154 1675 2233 putant:
1699 2150 1770 2215 ideo
1792 2151 1911 2216 mirum
1934 2174 1999 2217 nou
2024 2169 2076 2220 sat
2097 2155 2153 2219 du·

163 2248 232 2302 tere
254 2236 324 2301 eius
352 2234 503 2317 imperio,
533 2256 594 2301 nee
616 2235 783 2301 obstaculo
809 2258 880 2302 esse
910 2236 1054 2302 locorum
1076 2235 1132 2299 di·
1185 2235 1253 2299 rius
1275 2236 1308 2300 in
1331 2257 1387 2300 eos
1409 2237 1563 2301 saeviisse
1585 2237 1667 2300 iram
1692 2235 1762 2301 Dei.

161 2322 316 2388 stantiam
340 2320 515 2403 quominus
538 2322 608 2386 eius
630 2322 736 2387 virtus
758 2326 868 2388 statim
891 2324 931 2388 ab
949 2324 1076 2388 oriente
1099 2324 1132 2386 iu

161 2427 311 2473 occasum
334 2415 492 2491 penetret.
537 2405 670 2472 Olurum
702 2429 780 2492 ergo
803 2409 950 2486 virtutis,
980 2409 1033 2474 eui
1063 2430 1131 2473 ma·
1270 2405 1321 2472 32.
1346 2406 1389 2472 Ia
1411 2407 1553 2473 manibus
1582 2407 1633 2472 bis
1654 2415 1861 2488 penserunt
1887 2409 2005 2494 adbuc,
2041 2418 2071 2477 et
2097 2432 2157 2477 aon

160 2495 182 2558 li
208 2515 248 2559 ne
270 2492 498 2573 detraxerant,
527 2493 788 2575 experimentum
812 2493 935 2559 habent
961 2493 1130 2577 inereduli,
1184 2492 1378 2558 aediderunt
1406 2493 1605 2559 mirabilibus
1632 2494 1716 2558 cias:
1758 2494 1811 2561 33.
1834 2494 1879 2560 Et
1904 2499 2097 2581 resumpsit
2124 2500 2157 2562 ia

159 2516 215 2645 ubi
238 2579 400 2644 elementa
422 2580 532 2643 omnia
555 2588 684 2662 praesto
706 2590 784 2644 sunt
806 2579 847 2644 ad
870 2579 1076 2663 obsequium,
1099 2590 1132 2644 et
1186 2579 1321 2644 maante
1341 2580 1410 2646 dies
1429 2599 1546 2657 meam,
1575 2583 1604 2645 et
1633 2599 1733 2645 annas
1754 2601 1858 2646 eoram
1886 2583 1922 2647 ia
1949 2583 2156 2663 festinatione

160 2664 317 2749 quidquid
350 2662 518 2728 mandavit
551 2664 699 2728 eeleritor
739 2676 972 2747 exsequuntur.
1026 2664 1131 2729 Porro
1184 2663 1236 2728 34.
1262 2663 1366 2744 Quum
1386 2665 1532 2732 occideret
1552 2686 1611 2745 eos,
1633 2665 1820 2747 quaerebant
1835 2688 1920 2733 eam:
1941 2670 2061 2734 reversi
2074 2674 2156 2747 aaut,

160 2772 227 2816 nou
259 2748 393 2813 dubium
423 2760 473 2813 est
503 2749 582 2831 quiu
614 2759 730 2815 ventos
759 2770 817 2832 pro
850 2750 917 2814 situ
950 2759 1131 2816 castrorum
1184 2756 1212 2815 et
1244 2770 1336 2815 nacae
1367 2750 1577 2833 properabant
1610 2752 1653 2816 ad
1679 2750 1794 2819 Deam.
1845 2752 1898 2819 35.
1926 2753 1970 2818 Et
2001 2756 2158 2822 recordati

160 2835 367 2902 excitaverit:
401 2834 550 2917 quamvis
572 2846 756 2918 promptum
779 2848 864 2901 esset
886 2835 987 2901 nullis
1014 2835 1131 2902 mediis
1183 2840 1258 2900 saa
1285 2835 1367 2916 qaod
1387 2835 1478 2901 Deus
1503 2856 1599 2916 rupes
1626 2857 1748 2921 eoram,
1775 2843 1803 2903 et
1828 2838 1919 2904 Deae
1945 2839 2084 2906 eccam
2109 2861 2158 2905 re·

160 2943 274 2989 carnes
295 2921 330 2984 in
352 2919 495 2986 medium
524 2920 650 2986 afferre.
696 2920 785 2987 Dioit
813 2931 923 2987 autem
952 2922 1131 2988 comedisse
1183 2921 1321 3003 demptos
1341 2941 1454 2987 eoram
1498 2918 1864 2990 acatalecticus
1883 2945 1937 2990 ore
1957 2946 2026 3008 suo,
2048 2932 2079 2991 et
2098 2927 2157 2993 lis·

160 3018 193 3074 et
215 3007 314 3073 luisse
335 3010 513 3084 saturatos,
544 3027 610 3070 nou
633 3015 759 3072 tantum
784 3019 820 3072 ut
841 3007 983 3073 sciamus
1004 3009 1130 3091 copiam
1181 3028 1245 3090 qao
1266 3027 1328 3072 aaa
1348 3008 1469 3073 mentiti
1485 3013 1560 3073 sant
1580 3009 1624 3073 ei:
1667 3008 1717 3074 37.
1743 3009 1806 3075 θον
1826 3015 1931 3076 actem
1958 3031 2067 3077 eorum
2093 3033 2156 3079 aaa

160 3093 272 3160 avium
301 3091 367 3156 illis
393 3092 494 3157 luisse
522 3091 682 3173 oblatam,
720 3114 783 3175 qua
813 3091 949 3176 largiter
976 3094 1132 3159 sarcirent
1181 3092 1247 3175 fait
1266 3097 1382 3158 rectam
1402 3114 1506 3159 ewam
1528 3114 1577 3174 ec,
1605 3098 1634 3160 et
1655 3114 1716 3159 aaa
1739 3096 1866 3177 fueruat
1886 3116 2009 3162 veraces
2037 3098 2073 3162 ia
2092 3099 2156 3178 soe·

159 3188 292 3245 ventres
314 3198 405 3244 suos:
428 3177 485 3242 sed
507 3198 599 3243 mers
618 3179 874 3263 intemperantia
895 3180 995 3246 fuisse
1012 3179 1129 3262 impul·
1183 3178 1255 3244 dere
1274 3179 1351 3245 cias.

159 3287 212 3332 sos
234 3264 275 3330 ad
297 3262 454 3347 petendas
474 3283 607 3343 earnes,
633 3285 700 3329 non
723 3274 832 3330 autem
852 3265 1008 3331 sollicitos
1031 3266 1131 3331 luisse

160 3352 200 3417 de
223 3351 321 3414 victu.
365 3349 509 3415 Dixerat
536 3350 667 3431 quidem
697 3352 787 3433 prius
814 3372 889 3415 man
921 3352 987 3417 illis
1017 3350 1129 3416 datum
1267 3349 1320 3416 32.
1354 3347 1411 3435 (Ia
1443 3350 1610 3435 omnam.)
1664 3351 1812 3435 Vulgare
1852 3351 2063 3436 proverbium
2095 3364 2155 3432 est,

159 3436 260 3502 luisse
283 3435 323 3500 sd
346 3435 546 3513 satietatem,
575 3435 630 3500 sed
654 3435 708 3501 hic
731 3436 893 3500 luxuriam
916 3450 949 3502 et
971 3439 1130 3503 voracita-
1181 3435 1300 3501 stultos
1328 3435 1433 3519 plagis
1464 3456 1592 3518 sapere,
1628 3434 1715 3501 uude
1745 3437 1893 3520 sequitur
1919 3459 2055 3523 prorsus
2084 3460 2156 3506 esse

158 3532 225 3588 tem
249 3522 371 3588 diserte
392 3520 613 3604 perstringere
635 3520 755 3597 voluit,
785 3528 821 3585 in
844 3543 910 3604 qua
931 3544 966 3588 se
989 3521 1131 3604 prodidit
1182 3522 1371 3604 desperatos
1398 3521 1454 3603 qui
1485 3522 1615 3605 saepius
1646 3543 1665 3586 a
1695 3522 1766 3588 Deo
1793 3524 1944 3607 castigati
1973 3545 2039 3589 nou
2074 3526 2156 3591 resi·

159 3608 312 3676 effraenis
342 3627 454 3672 eorum
477 3604 648 3689 cupiditas.
699 3605 897 3689 Quanquam
919 3620 1029 3672 autem
1053 3608 1131 3673 alibi
1183 3609 1322 3690 piscuut.
1367 3607 1481 3671 'Palem
1502 3608 1741 3674 coutumaeiam
1764 3609 1917 3675 deseribit
1938 3609 2099 3693 propheta
2120 3613 2157 3677 iu

159 3693 334 3780 singularis
367 3692 531 3776 privilegii
564 3692 633 3756 loco
666 3693 827 3775 promittit
856 3693 948 3758 Deus
980 3692 1130 3759 fidelibus
1180 3692 1347 3769 Israelitis,
1367 3713 1450 3774 quae
1466 3692 1566 3758 nullis
1581 3692 1720 3777 flagellis
1737 3695 1856 3778 corrigi
1875 3698 2028 3779 potuerit.
2063 3696 2157 3762 Haec

160 3802 195 3846 se
217 3782 376 3845 laeturum
399 3779 485 3862 quod
507 3778 708 3860 optaverint:
739 3777 804 3843 alio
825 3782 936 3843 tamen
959 3779 1055 3845 modo
1078 3778 1131 3845 laio
1182 3776 1395 3844 formidabilis
1416 3788 1487 3843 erat
1508 3778 1572 3842 Dei
1595 3779 1760 3858 vindicte,
1789 3789 1914 3846 tautam
1945 3783 2080 3847 fortium
2108 3782 2156 3848 vi·

160 3867 360 3949 obsequutus
376 3864 496 3929 dicitur
511 3865 674 3947 perversis
689 3864 781 3949 impii
797 3864 907 3948 populi
930 3865 1031 3930 votis:
1055 3865 1131 3946 quia
1183 3883 1295 3928 rorum
1321 3872 1464 3947 stragem
1495 3883 1637 3930 cernere.
1683 3864 1778 3945 Quod
1808 3886 1885 3951 orgo
1914 3867 1973 3932 tali
2002 3879 2156 3949 portento

160 3950 246 4034 quod
279 3951 438 4033 propitius
472 3959 639 4034 negasset,
677 3951 780 4015 iratus
812 3953 978 4016 eoncessit.
1035 3950 1129 4031 Quod
1182 3950 1332 4016 commoti
1356 3969 1421 4013 non
1444 3958 1531 4026 sunt,
1554 3971 1592 4015 eo
1613 3951 1819 4016 convincitur
1838 3962 2025 4034 portentosa
2041 3974 2157 4020 eorum

160 4037 347 4118 exemplum
377 4045 491 4100 notata
521 4035 657 4119 dignum
687 4046 753 4113 est,
784 4056 825 4101 ue
851 4057 1026 4119 queramur
1055 4050 1131 4101 vota
1183 4035 1329 4100 durities.
1374 4034 1570 4116 Quanquam
1594 4056 1651 4119 per
1673 4036 1836 4103 mirabilia
1858 4060 1922 4103 non
1949 4038 2058 4103 solum
2081 4060 2156 4123 poe·

160 4131 272 4187 nostra
289 4141 408 4186 arcano
426 4121 488 4186 Dei
507 4121 643 4186 consilio
662 4121 790 4205 oorrigi,
814 4121 891 4185 dum
911 4123 1132 4205 intemperan·
1183 4142 1259 4185 nam
1282 4120 1323 4185 de
1345 4141 1408 4202 qua
1430 4141 1535 4203 uuper
1556 4121 1709 4203 loquutus
1736 4134 1785 4187 est
1812 4123 1983 4208 iutelligit,
2012 4124 2070 4189 sed
2093 4125 2158 4189 alia

161 4211 226 4272 tius
244 4206 394 4271 ellluuut.
428 4207 521 4271 Tune
541 4208 628 4272 euim
652 4228 728 4272 vere
750 4206 894 4283 exaudit,
917 4206 973 4271 ubi
996 4228 1061 4272 nou
1080 4207 1131 4271 in·
1183 4208 1281 4271 etiam
1309 4206 1404 4289 sigua
1432 4205 1679 4288 comprehendit
1707 4228 1845 4290 quorum
1875 4223 1956 4274 aute
1980 4210 2067 4275 laeta
2094 4212 2157 4276 luit

160 4293 276 4376 dulget
296 4289 406 4356 stultis
428 4292 671 4376 eupiditatibus,
694 4291 750 4356 sed
773 4290 1019 4357 beneficentiam
1038 4313 1131 4357 suam
1182 4293 1315 4357 mentio.
1349 4291 1502 4372 Dupliois
1524 4312 1601 4375 ergo
1624 4293 1770 4358 malitiae
1792 4314 1847 4358 eos
1863 4295 2043 4377 insimulat,
2066 4295 2156 4379 quod

162 4379 281 4445 salutis
304 4387 435 4441 nostrae
457 4378 552 4441 modo
575 4384 788 4462 attemperat,
811 4377 907 4443 sicuti
929 4376 1002 4460 plus
1024 4379 1132 4460 impiis
1184 4398 1248 4442 uon
1272 4376 1366 4440 modo
1387 4377 1485 4440 fidem
1507 4377 1737 4463 abrogaveriut
1758 4380 1859 4445 verbo
1878 4380 1952 4458 Dei,
1973 4380 2030 4445 sed
2053 4381 2156 4446 etiam

161 4463 347 4548 largiendo,
381 4483 479 4546 quam
510 4462 589 4543 ipsis
619 4464 699 4527 utile
728 4464 784 4539 sit,
818 4485 883 4527 uon
912 4483 967 4528 eos
1001 4465 1131 4547 proprie
1182 4464 1252 4528 eius
1282 4461 1440 4527 miraeula
1468 4464 1732 4546 eontempseriut.
1775 4464 1854 4530 Ideo
1883 4466 2013 4532 subiicit
2042 4482 2156 4534 auctas

160 4550 305 4626 exaudit,
326 4548 383 4614 sed
406 4546 531 4613 exitiali
552 4547 636 4612 mole
658 4559 781 4625 onerat,
804 4568 888 4630 quae
909 4550 996 4629 ipsos
1011 4550 1044 4612 in
1063 4551 1131 4613 exi·
1183 4548 1281 4613 luisse
1304 4568 1439 4630 poenas,
1463 4548 1559 4613 sicuti
1582 4569 1640 4631 per
1662 4550 1777 4615 Mosen
1800 4551 2031 4617 denuntiatae
2053 4555 2157 4618 mina·

160 4636 243 4701 tium
266 4635 459 4718 praecipites
481 4639 568 4717 agat.
602 4631 641 4698 Id
664 4634 784 4698 elarius
805 4633 959 4716 exprimit
980 4634 1132 4700 contiuuo
1183 4646 1238 4698 tur
1265 4632 1357 4698 Deus
1386 4634 1535 4715 septuplo
1566 4634 1679 4699 durius
1709 4656 1744 4700 se
1773 4649 1922 4702 acturum
1952 4658 2028 4704 cum
2060 4659 2155 4721 prae·

160 4735 235 4806 post
265 4721 440 4786 subiiciens
467 4719 597 4784 letalem
627 4718 691 4783 illis
718 4719 820 4784 fuisse
847 4720 995 4802 saginam
1030 4718 1130 4796 illam,
1183 4719 1295 4784 fractis
1324 4719 1379 4800 qui
1409 4719 1442 4782 iu
1472 4718 1648 4785 sceleribus
1676 4723 1743 4785 suis
1771 4734 1917 4805 pergent.
1968 4723 2156 4805 Caeterum,

160 4808 254 4890 quasi
277 4826 343 4871 una
368 4827 442 4872 eum
472 4805 543 4871 cibo
573 4806 737 4868 flammam
764 4804 833 4868 irae
856 4806 920 4870 Dei
950 4814 1129 4870 vorassent.
1184 4803 1321 4887 quiade
1345 4812 1413 4866 toto
1433 4805 1550 4885 populo
1567 4805 1620 4869 hic
1639 4806 1792 4889 loquitur,
1815 4809 1908 4890 quasi
1927 4806 2058 4888 diceret,
2082 4813 2155 4875 siue

162 4894 235 4959 Noa
250 4890 716 4974 aaooasfusseoaesiasrio
736 4908 803 4970 sao,
826 4889 1019 4955 tantundem
1036 4891 1131 4969 valet,
1183 4890 1373 4969 exceptione
1402 4909 1515 4955 omnes
1543 4912 1563 4954 a
1591 4891 1726 4956 minimo
1756 4914 1858 4975 usque
1893 4892 1934 4958 ud
1971 4895 2155 4962 maximum

161 5001 198 5044 ac
220 4999 279 5044 sne
301 4976 451 5061 cupidine
474 4977 580 5042 adhue
602 4976 768 5060 flagrasse.
812 4974 850 5041 Si
879 4976 953 5058 quis
982 4977 1132 5060 excipiat,
1183 4975 1332 5040 celeriter
1354 4974 1455 5039 luisse
1477 4990 1695 5058 consumptos,
1720 4978 1878 5059 probabili
1895 4980 2022 5045 ratione
2039 4982 2156 5047 ralerri

161 5065 223 5131 hoc
245 5085 312 5129 nou
334 5083 513 5147 congruere
535 5082 609 5126 cum
633 5062 782 5146 proxima
803 5061 983 5140 sententia,
1005 5061 1059 5127 ubi
1083 5062 1131 5126 di·
1185 5061 1246 5125 boc
1269 5071 1376 5140 posset
1397 5058 1437 5123 ad
1460 5061 1689 5143 gravissimam
1713 5063 1802 5127 illam
1823 5085 1961 5147 poenam
1990 5087 2076 5149 quae
2106 5068 2154 5133 iu·

161 5162 249 5215 ctum
274 5152 380 5215 luerat
401 5149 581 5213 comedisse
601 5148 641 5211 ad
664 5148 858 5223 satietatem,
881 5146 987 5212 facilis
1009 5161 1059 5212 est
1080 5169 1131 5213 so·
1184 5143 1357 5211 reiuraudo
1380 5147 1505 5211 sancita
1522 5149 1599 5228 luit,
1625 5149 1787 5228 perituros
1808 5170 1921 5216 omues
1949 5151 1985 5215 iu
2015 5151 2155 5234 deserto,

161 5234 251 5301 lulio.
302 5235 435 5301 Scimus
464 5236 567 5311 enim,
609 5235 671 5298 nisi
702 5235 790 5298 intra
823 5234 906 5297 fines
934 5232 1069 5298 rationis
1099 5244 1133 5297 st
1184 5231 1309 5296 dnobus
1331 5238 1460 5295 tautum
1482 5233 1642 5316 exceptis,
1672 5232 1768 5300 losue
1790 5245 1823 5300 et
1852 5234 1968 5306 Galeb:
2002 5239 2060 5321 qui
2088 5240 2155 5306 iam
