4658 5856
207 342 211 347 ·
234 347 295 412 rra
1046 345 1263 416 Psauuue
1284 335 1419 415 xv111.
2163 343 2226 408 180

233 539 270 604 in
304 536 389 602 hanc
418 537 487 601 fere
523 537 719 600 seutentiam
758 536 957 600 conveniunt
992 536 1203 619 interpretes:
1255 559 1329 604 mus
1360 540 1394 604 iu
1428 558 1524 622 quern
1555 538 1654 602 fluam
1688 534 1768 601 haee
1795 554 1872 601 snae
1899 533 2099 618 integritatis
2120 531 2226 616 elogia

235 623 322 690 Mihi
345 624 436 687 Deus
465 642 507 687 ex
536 621 603 686 alto
632 624 804 695 succurrit,
833 622 910 703 quia
932 623 1038 705 magis
1060 622 1208 686 iuvalne·
1256 625 1434 709 subiungat
1472 624 1535 688 Dei
1574 622 1786 707 heneplacito,
1826 619 1929 685 laedis
1963 620 2025 684 erit
2056 619 2227 700 utriusque

234 721 311 776 rant
335 709 455 788 hostes,
475 727 573 789 quarn
595 706 846 790 utsperandum
865 705 1041 791 quidquam
1060 707 1206 772 essetab
1257 712 1440 776 sententiae
1476 729 1664 775 cousensus.
1716 707 1815 772 Prius
1850 715 1988 772 testatus
2015 715 2067 769 est
2094 726 2129 771 ee
2160 725 2225 771 nou

236 793 432 860 hominihus.
490 793 579 858 Unde
615 794 712 857 etiam
742 794 910 876 colligitur
939 793 1030 857 utilis
1060 791 1208 858 doctrine
1257 796 1321 860 nisi
1343 795 1415 861 Deo
1438 795 1519 862 duee
1539 795 1669 860 venisse
1692 795 1726 858 in
1748 813 1838 876 spem
1862 791 1965 876 regni,
1992 810 2099 873 neque
2121 789 2224 854 homi·

236 896 316 946 tuuc
351 880 496 944 maxime
532 890 752 962 opportunum
789 897 860 944 esee
894 877 966 944 Deo
1003 890 1133 962 tempus
1166 876 1207 942 ad
1258 902 1336 947 uum
1370 882 1537 966 suffragiis
1570 881 1669 946 luisse
1702 890 1861 957 evectum,
1893 876 1948 943 vel
1981 877 2113 960 proprio
2135 893 2226 940 motu

236 987 312 1033 suos
334 964 504 1046 iuvandos,
531 984 631 1047 quum
653 963 855 1030 sustinendis
877 964 1025 1037 hostibus
1045 971 1125 1030 sunt
1145 965 1207 1027 im·
1258 970 1450 1053 prorupisse,
1482 966 1539 1032 sed
1590 968 1718 1031 uoniam
1748 965 1796 1029 ita
1824 963 1896 1029 Deo
1926 961 2109 1045 plauserat:
2140 980 2226 1025 nune

236 1072 347 1138 pares:
377 1053 444 1115 imo
471 1052 565 1116 fracti
592 1058 625 1114 et
647 1050 759 1115 afflicti
791 1071 905 1116 eorum
939 1051 1114 1115 violentiae
1136 1070 1208 1115 suo·
1258 1056 1399 1123 secundo
1429 1054 1498 1120 loco
1526 988 1625 1133 adiit,
1653 1073 1687 1117 se
1708 1050 1804 1116 fidele
1827 1050 2017 1132 obsequium
2040 1047 2228 1132 praebuisse

235 1138 406 1218 bombum,
435 1159 500 1201 non
529 1156 622 1201 secus
645 1156 682 1200 ac
704 1135 733 1201 si
755 1136 945 1221 naufragus,
974 1157 1031 1220 spe
1053 1135 1207 1200 enatandi
1257 1142 1337 1216 Deo,
1361 1153 1400 1206 ue
1420 1158 1589 1222 nunquam
1610 1139 1651 1203 ab
1672 1141 1743 1203 aius
1765 1146 1847 1200 nutu
1867 1134 2044 1200 deflexerit.
2088 1133 2227 1199 Utrum-

237 1224 367 1301 timim,
407 1223 441 1286 5¹¹
479 1221 676 1306 P¹⁰f¹¹¹²d¹¹ffl
710 1233 891 1306 raperetur·
945 1222 1064 1288 Posset
1096 1231 1206 1286 tamen
1257 1249 1321 1311 que
1343 1227 1430 1294 enim
1452 1228 1515 1292 init
1537 1224 1765 1302 necessarium,
1798 1235 1833 1286 ut
1854 1221 1959 1305 gratie
1980 1218 2144 1285 Davidem
2167 1240 2227 1284 sno

236 1311 335 1375 etiam
364 1307 571 1373 adversative
593 1307 729 1390 exponi:
763 1310 914 1390 quamvis
943 1309 1092 1392 superior
1121 1316 1209 1372 esset
1259 1316 1368 1381 favore
1390 1312 1596 1395 praeveniret
1618 1310 1719 1386 Dens,
1747 1310 1919 1390 ipsumque
1941 1308 2052 1390 regem
2075 1305 2227 1385 eligeret:

239 1397 351 1468 h0⁸tie
364 1415 368 1421 ’
379 1392 541 1458 Davidem
565 1392 664 1458 luisse
686 1393 900 1460 nihilominus
922 1406 1101 1460 servatum.
1257 1399 1367 1466 David
1386 1412 1497 1465 autem
1515 1397 1657 1462 vicissim
1676 1393 1863 1461 obedienter
1880 1405 1913 1458 et
1931 1412 2013 1476 pura
2029 1390 2229 1456 conscientia

322 1479 372 1545 19·
401 1477 648 1563 (Pruweueraut
669 1478 740 1564 mc)
785 1481 868 1546 Aliis
901 1479 1012 1546 verbis
1033 1479 1209 1545 confirmat
1258 1508 1397 1571 regnum
1427 1485 1488 1550 sibi
1519 1483 1675 1548 divinitus
1704 1478 1849 1544 oblatum
1879 1481 2075 1560 susciperet:
2108 1475 2228 1542 deinde

236 1567 417 1649 proximam
462 1565 669 1643 sementim,
714 1566 792 1647 quie
827 1566 980 1632 suffultus
1012 1566 1111 1631 luerit
1144 1564 1207 1628 Dei
1259 1571 1416 1657 quidquid
1456 1579 1621 1634 tentarent
1659 1567 1752 1648 impii
1790 1565 1830 1630 ad
1864 1562 2122 1629 labefactandam
2157 1558 2229 1627 eius

236 1651 368 1730 emilie
395 1648 454 1714 Ubi
483 1650 547 1714 itm
575 1649 668 1715 nulla
689 1653 798 1716 evasio
820 1663 900 1717 erat·
945 1651 1097 1734 Undique
1119 1649 1206 1714 essim
1257 1658 1366 1734 fidem,
1399 1666 1586 1723 constanter
1621 1662 1750 1718 teneret
1786 1663 1911 1716 rectum
1941 1649 2228 1714 vocationis‘suae

235 1757 269 1802 se
292 1738 390 1801 luisse
412 1736 667 1801 circumventum
691 1738 805 1801 refert:
828 1757 934 1820 neque
951 1736 985 1801 id
1005 1737 1132 1821 vulgari
1150 1735 1205 1800 ob·
1258 1766 1401 1810 our-sum.
1456 1741 1554 1807 Nune
1586 1739 1736 1805 videmus
1768 1735 1849 1802 adeo
1882 1734 1965 1800 nihil
1998 1754 2070 1799 esse
2101 1733 2229 1798 dissidii

235 1821 821 1900 ⁸1d50¹10‚⁸0d1¹lh0⁸l⁰⁸mi⁸erum
846 1821 991 1906 urgendo
1013 1823 1207 1905 affligerent·
1258 1831 1346 1896 inter
1375 1830 1458 1894 duas
1486 1827 1566 1893 istas
1596 1827 1786 1900 sententias,
1819 1830 1857 1887 ut
1884 1821 2053 1905 aptissime
2077 1820 2166 1884 iuter
2193 1840 2229 1884 se

235 1910 288 1972 Ex
317 1927 382 1990 qua
410 1908 656 1973 circumstantia
678 1908 795 1974 melius
816 1919 961 1992 apparet,
991 1909 1121 1973 nonnisi
1143 1906 1208 1970 Dei
1258 1915 1486 2000 respondeant.
1530 1910 1638 1978 David
1669 1910 1722 1975 hio
1752 1911 1858 1975 Deum
1881 1907 1971 1973 velut
1994 1905 2228 1990 agonothetam

235 2014 333 2058 manu
362 1993 515 2058 eductum
544 1995 642 2058 luisse
670 1993 706 2057 in
737 1992 956 2061 latitudinem.
1000 1993 1096 2061 Unde
1119 1994 1207 2056 enim
1258 2003 1380 2075 statuit.
1414 2001 1507 2065 ouius
1540 1997 1692 2078 suspiriis
1724 2007 1758 2061 et
1790 1996 1891 2059 ductu
1924 1991 2100 2074 productus
2129 1991 2231 2055 fuerit

234 2094 302 2144 tem
335 2079 442 2144 ⁸¹²le
471 2100 490 2143 ὃ
519 2093 623 2143 ωθῑῑθ
651 2080 687 2144 Ῐῦ
716 2079 818 2144 Vilssm
842 2080 1016 2158 Γθθῑίῑῦῑὶθ,
1049 2080 1110 2145 ulii
1132 2079 1208 2163 quia
1258 2088 1300 2152 ad
1317 2085 1465 2153 obeunda
1482 2085 1671 2163 sartamine,
1689 2081 1752 2148 hoo
1769 2101 1846 2146 vero
1864 2079 1904 2144 ab
1921 2078 2079 2144 electione
2097 2075 2228 2161 pendet,

234 2165 326 2230 Deus
358 2165 470 2228 testari
505 2166 609 2229 voluit
641 2184 741 2247 penes
771 2187 806 2230 se
836 2186 906 2231 esse
935 2167 1053 2231 mortis
1075 2163 1206 2229 exitus?
1258 2175 1335 2256 quia
1363 2174 1474 2238 favore
1505 2191 1564 2236 suo
1586 2189 1662 2234 eum
1685 2168 1884 2252 complexus,
1914 2184 2024 2248 regem
2048 2172 2228 2230 creaverat.

235 2253 379 2315 causam
413 2252 544 2314 remum
575 2249 730 2316 adseritur
762 2270 827 2315 non
857 2252 954 2316 aliam
983 2252 1083 2317 fuisse
1110 2271 1206 2334 quam
1259 2255 1761 2334 Posteaaddiu,ssin1uuous
1791 2250 1853 2315 sibi
1883 2265 1994 2333 puras
2022 2267 2087 2332 quo
2117 2247 2231 2313 debuit

235 2356 362 2401 merum
399 2336 463 2400 Dei
498 2334 746 2420 beneplacitum,
780 2347 816 2400 ut
844 2349 912 2402 tota
941 2346 976 2402 st
1004 2335 1107 2401 solida
1136 2337 1207 2400 lane
1257 2345 1411 2427 obsequio
1427 2344 1474 2407 sd
1497 2344 1595 2407 finem
1620 2361 1721 2423 usque
1743 2337 1870 2402 obiisse.
1914 2335 1989 2400 Non
2012 2353 2132 2399 mirum
2150 2353 2229 2416 erga

234 2442 335 2506 9⁰⁰⁰ss
364 2423 471 2505 ipsum
501 2423 653 2487 resideat·
705 2421 910 2506 Bentlplssclti
937 2443 1018 2489 Vero
1047 2423 1206 2498 meminit,
1257 2433 1285 2495 ei
1308 2432 1399 2497 Deus
1421 2429 1578 2493 athletam
1608 2447 1702 2491 suum
1726 2445 1820 2509 quem
1843 2424 1913 2504 ipse
1930 2421 2016 2486 ultro
2034 2420 2229 2497 adsciverat,

235 2508 276 2572 ad
298 2509 502 2573 vocationem
525 2527 618 2572 suam
636 2508 826 2590 respiciens.
869 2508 911 2572 In
928 2509 991 2574 hoo
1008 2510 1094 2573 enirn
1114 2527 1207 2590 prae·
1258 2527 1291 2580 er
1312 2536 1409 2598 quem
1433 2512 1563 2579 videbar
1584 2510 1669 2575 bons
1690 2511 1754 2576 fids
1775 2509 1883 2575 olfiuio
1905 2505 2105 2587 defunctum,
2132 2525 2228 2588 prae·

234 2595 328 2676 cipue
363 2593 521 2670 imbuit,
557 2594 737 2659 certamina
771 2593 889 2678 quibus
919 2596 1063 2678 agitatus
1090 2595 1205 2667 fuerat.
1258 2601 1339 2666 sidio
1365 2622 1424 2665 suo
1446 2611 1572 2663 tutatus
1593 2597 1648 2673 sit,
1674 2608 1773 2680 atque
1794 2596 1892 2660 etiam
1915 2593 2038 2675 apertis
2060 2590 2229 2655 miraculis

235 2698 300 2743 non
323 2678 457 2743 aliunde
478 2679 578 2745 fuisse
599 2680 751 2757 exaitare,
774 2681 836 2744 nisi
857 2682 941 2763 quod
961 2692 1116 2763 paruerat
1134 2680 1206 2743 Deo
1259 2698 1396 2751 testatus
1424 2686 1469 2750 sit
1497 2687 1566 2749 eius
1595 2704 1631 2748 se
1660 2704 1731 2748 esse
1761 2680 1933 2746 vindicem.
1977 2678 2046 2743 Neo
2074 2695 2152 2740 vero
2175 2675 2229 2740 hio

238 2767 377 2842 V00³111b
428 2766 562 2846 eiusque
602 2765 768 2831 0r³0⁰l⁰1n
809 2766 997 2831 obedienter
1036 2765 1206 2847 amplexus
1257 2772 1436 2854 captandae
1458 2771 1565 2835 laudis
1586 2789 1683 2833 eausa
1710 2768 1842 2832 inanem
1865 2764 2053 2829 iactantiam
2075 2762 2228 2838 effutivit,

236 2856 352 2915 luerat.
395 2848 570 2916 Ambitiosi
591 2852 677 2915 enim
700 2865 733 2915 et
755 2851 935 2917 turbulenti
959 2852 1116 2930 homines,
1150 2849 1205 2931 qui
1257 2857 1314 2923 ,ed
1348 2878 1407 2940 ρο,
1442 2877 1478 2920 00
1511 2855 1727 2920 eius-utilem
1762 2852 1855 2916 nobis
1887 2849 2069 2917 doctrinam
2103 2847 2229 2912 dictare

235 2956 295 3001 eut
339 2936 528 3023 eupiditate,
556 2936 747 3020 praecipites
780 2937 820 3002 ed
854 2936 986 3020 quidvis
1018 2935 1204 3002 audendum
1258 2944 1361 3009 voluit
1382 2943 1528 3025 spiritus,
1551 2961 1717 3022 uunquam
1737 2937 1847 3003 defore
1865 2936 1958 3002 nohis
1976 2935 2136 3001 auxilium
2154 2933 2229 3011 Dei,

236 3024 397 3101 feruutur,
425 3023 550 3105 sibique
574 3037 696 3087 temere
718 3022 861 3106 pericula
882 3033 1061 3099 accersunt,
1093 3040 1206 3105 qum·
1256 3030 1353 3095 modo
1386 3029 1480 3093 uobis
1514 3039 1642 3093 constet
1670 3024 1850 3090 vocationis
1879 3033 2011 3087 noemae
2040 3020 2134 3100 ratio,
2167 3039 2229 3084 nec

237 3110 288 3173 vis
309 3120 441 3173 strenue
463 3122 495 3171 et
517 3110 661 3174 animose
684 3108 836 3173 luctando
858 3128 954 3191 saepe
977 3111 1060 3174 votis
1082 3109 1207 3190 potiau-
1258 3115 1434 3200 quidquam
1464 3114 1590 3178 iniussu
1620 3113 1690 3178 sius
1720 3123 1893 3174 tentemus.
1935 3107 2071 3173 interim
2101 3125 2229 3189 quoque

235 3206 298 3268 tur.
321 3193 496 3257 infelissitcr
518 3208 629 3260 temen
648 3194 689 3260 ed
712 3206 898 3259 extromum
920 3194 1106 3270 0⁰⁰⁰ld¹¹11b
1129 3195 1205 3276 (lnia
1258 3202 1337 3267 illud
1356 3202 1459 3266 fixum
1479 3210 1618 3274 maneat,
1640 3199 1770 3262 initium
1792 3195 1874 3259 recti
1892 3214 2009 3258 aursus
2026 3212 2106 3268 esse,
2129 3190 2228 3256 bene·

240 3280 369 3364 indigni
396 3290 577 3362 ⁸11³quoe
600 3280 715 3346 fulciat
736 3279 837 3359 Deus,
866 3300 967 3362 quum
990 3282 1052 3364 ipsi
1075 3282 1207 3344 intenae
1257 3289 1412 3371 placitum
1437 3305 1501 3368 quo
1525 3307 1584 3349 nos
1607 3285 1698 3350 Deus
1720 3282 1863 3364 adoptat,
1886 3290 1920 3345 et
1942 3278 2230 3359 vocationemque

237 3367 340 3431 moles
368 3366 439 3429 sine
470 3368 649 3432 vocationis
678 3366 890 3430 fundamento
917 3365 952 3430 in
980 3367 1107 3432 coelum
1130 3365 1206 3430 effe·
1258 3395 1317 3439 nos
1361 3373 1448 3437 ultro
1485 3372 1667 3455 praevenit.
1720 3367 1840 3433 Adhuc
1876 3376 1986 3430 tamen
2027 3373 2129 3428 restat
2161 3383 2231 3426 una

238 3464 321 3516 rani·
384 3450 426 3515 In
465 3472 603 3531 Summa,
644 3463 781 3517 testatur
817 3450 928 3516 Devid
964 3453 1026 3516 tibi
1060 3463 1207 3534 paratam
1258 3459 1416 3543 quaestio.
1460 3456 1545 3522 Nam
1576 3457 1603 3520 si
1625 3456 1717 3520 Deus
1739 3451 1923 3518 mercedem
1944 3450 2088 3517 iustitiae
2110 3467 2231 3531 repen·

238 3557 367 3618 semper
389 3537 488 3600 fuisse
511 3559 604 3620 opem
626 3538 698 3615 Dei,
720 3537 797 3620 quie
820 3557 884 3601 non
909 3550 1025 3620 sponte
1046 3558 1081 3601 ee
1103 3541 1207 3619 iuges·
1258 3548 1315 3626 dir,
1340 3543 1469 3609 vidntur
1491 3557 1529 3607 ur
1547 3543 1684 3625 quisque
1702 3539 1899 3621 promeritus
1916 3548 1977 3617 est,
1997 3538 2045 3601 ire
2061 3537 2095 3599 in
2113 3554 2228 3616 quem·

240 3634 344 3687 serat:
387 3620 444 3686 sed
477 3643 578 3705 quum
612 3624 702 3688 tenui
741 3626 870 3688 l'ortnna
906 3631 1082 3689 contentus
1118 3625 1208 3701 foret,
1259 3651 1322 3713 qus
1355 3649 1426 3694 esse
1460 3626 1613 3692 liberulis.
1668 3623 1873 3705 Respondeo,
1905 3622 2062 3687 mercedis
2095 3621 2230 3684 nomine

240 3709 444 3790 libenterque
474 3710 507 3772 in
535 3709 637 3774 caulis
665 3709 775 3774 ovium
805 3711 857 3773 vel
880 3709 984 3791 patrie
1007 3708 1137 3790 tugurio
1161 3708 1208 3771 la·
1258 3736 1323 3780 non
1353 3714 1480 3779 ostendi
1510 3713 1587 3794 quid
1612 3710 1701 3774 Deus
1723 3709 1816 3773 nobis
1840 3708 1965 3792 debeat,
1996 3707 2133 3788 ideoque
2155 3725 2227 3788 per·

241 3807 333 3872 toret,
363 3804 482 3860 unctus
509 3796 616 3860 fuerat
638 3817 738 3860 manu
762 3792 942 3860 Samuelis:
976 3795 1060 3876 quod
1084 3795 1208 3876 gratiae
1260 3821 1369 3883 peram
1398 3814 1430 3864 et
1452 3799 1535 3864 falso
1556 3797 1710 3860 meritum
1735 3793 1785 3857 vel
1809 3813 1943 3876 operum
1967 3793 2162 3877 dignitatem
2186 3810 2253 3853 ex·

239 3881 408 3947 electionis
432 3880 494 3945 Dei
517 3881 699 3966 symbolum
723 3896 803 3945 erat.
1260 3907 1296 3949 eo
1319 3886 1438 3969 colligi,
1460 3885 1506 3948 sic
1528 3883 1614 3946 euim
1640 3881 1729 3944 Deus
1751 3881 1858 3944 iustus
1881 3879 1980 3942 iudex
1998 3879 2116 3959 cuique
2134 3875 2229 3940 retri-

1262 3972 1331 4035 buit
1364 3969 1544 4036 secundum
1575 3988 1634 4031 sua
1667 3985 1774 4046 opera,
1808 3975 1844 4028 ut
1877 3979 1986 4029 tamen
2019 3982 2134 4029 omnes
2165 3960 2230 4026 sibi

324 4052 374 4116 21.
406 4052 564 4116 Retribuat
599 4052 681 4117 milti
713 4050 829 4116 Iebooa
857 4051 1026 4116 secuudum
1054 4050 1208 4116 iustitium
1259 4067 1369 4120 teneat
1400 4054 1567 4131 obnoxios,
1601 4052 1723 4115 nemini
1756 4071 1834 4115 vero
1867 4052 1908 4115 sit
1943 4051 2013 4132 ipse
2041 4049 2229 4112 adstrictus.

238 4157 355 4202 mum:
373 4139 542 4203 secuudum
555 4139 726 4220 puritatem
743 4156 896 4201 munuum
913 4157 1053 4201 mearum
1069 4137 1209 4217 rependit
1259 4143 1357 4206 Ratio
1386 4153 1436 4204 est
1464 4159 1529 4203 non
1560 4158 1599 4201 ea
1624 4137 1728 4201 solum
1758 4156 1854 4218 quam
1881 4136 2088 4220 Augustinus
2110 4132 2230 4209 reddit,

239 4223 334 4287 mibi:
367 4224 419 4287 22.
447 4225 529 4304 Quia
551 4224 704 4288 custodivi
724 4224 795 4286 uiue
820 4220 959 4300 lutevae,
981 4229 1009 4287 et
1028 4242 1092 4286 uon
1113 4223 1210 4303 impie
1261 4228 1387 4291 nullam
1414 4245 1490 4288 eum
1520 4224 1677 4287 iustitiam
1707 4223 1743 4285 in
1773 4220 1865 4286 nohis
1887 4222 2036 4287 invenire
2058 4221 2111 4286 eui
2132 4238 2231 4301 prae·

239 4310 336 4391 defeci
353 4332 373 4374 a
392 4310 461 4374 Deo
480 4329 564 4374 meo:
586 4310 638 4373 23.
660 4310 743 4391 Quia
760 4308 866 4372 urania
884 4308 1003 4372 iudicia
1021 4309 1209 4373 mosomum
1260 4313 1362 4376 mium
1385 4311 1509 4386 reddat,
1533 4308 1598 4372 nisi
1620 4328 1716 4389 quam
1740 4309 1842 4391 gratis
1865 4308 2015 4372 donavit:
2050 4306 2107 4372 sed
2129 4306 2230 4371 edam

240 4416 297 4479 ute,
319 4401 346 4460 et
368 4397 467 4460 edicta
489 4398 557 4460 eiua
580 4415 666 4459 ame
683 4414 746 4460 uon
764 4393 872 4458 reieci:
894 4395 944 4458 24.
967 4395 1010 4457 nt
1025 4394 1077 4474 fui
1094 4396 1210 4478 integer
1260 4399 1337 4480 quia
1365 4417 1500 4478 operum
1524 4407 1707 4458 nostrorum
1730 4395 1867 4459 maculis
1889 4395 2071 4477 ignoscens,
2100 4390 2231 4457 iniusti·

240 4502 309 4544 cum
332 4480 413 4567 eoi),
437 4487 464 4545 et
485 4482 639 4546 maledici
660 4501 710 4545 me
731 4480 770 4543 ab
791 4479 956 4559 iniquitate
972 4500 1051 4546 meu.
1095 4480 1147 4544 25.
1167 4480 1211 4543 a:
1261 4486 1339 4546 tiam
1369 4483 1509 4564 imputat
1538 4479 1622 4561 quod
1651 4482 1722 4544 iure
1744 4500 1897 4562 respuere
1920 4491 2036 4562 posset.
2082 4477 2230 4559 Quodsi

239 4569 379 4650 rependit
398 4566 511 4631 labora
529 4566 609 4630 mihi
626 4586 727 4632 secum
745 4566 898 4630 iustitiam
915 4565 1210 4640 murmurandum
1261 4569 1343 4632 nihil
1372 4588 1506 4650 operum
1537 4579 1720 4629 nostrorum
1749 4567 1870 4647 absque
1900 4568 1997 4630 venia
2018 4564 2090 4630 Deo
2113 4564 2230 4647 placet,

235 4656 407 4735 puritatem
430 4673 582 4717 manuum
602 4672 745 4718 mearum
766 4669 868 4715 coram
890 4651 986 4718 oculis
1008 4653 1087 4716 eiua.
1260 4656 1405 4735 sequitur
1425 4674 1489 4715 non
1508 4652 1625 4725 meriti,
1643 4651 1700 4716 sed
1718 4651 1940 4735 indulgentias
1954 4672 2024 4715 csse
2037 4649 2230 4715 mercedem.

1260 4740 1434 4804 (laetarum
1455 4737 1506 4802 hio
1525 4738 1672 4818 specialis
1685 4737 1825 4801 notanda
1844 4749 1893 4800 est
1910 4738 2000 4814 ratio,
2025 4736 2230 4818 nequeenim

326 4827 377 4891 21.
422 4825 594 4911 (Rurtbou
633 4822 735 4907 milri.)
795 4823 908 4887 Videri
949 4831 1059 4903 posset
1101 4820 1209 4884 David
1263 4826 1315 4888 hic
1337 4822 1445 4885 David
1469 4826 1559 4904 quasi
1583 4824 1728 4907 legitima
1750 4824 1874 4886 iustitia
1893 4824 2006 4899 fretus,
2029 4844 2139 4888 coram
2158 4823 2232 4887 Deo

242 4915 346 4992 primo
369 4913 490 4978 intuitu
514 4931 624 4974 secum
647 4927 809 4993 pugnare:
844 4929 917 4972 nam
941 4911 996 4988 qui
1021 4928 1124 4988 nuper
1146 4906 1210 4970 Dei
1262 4931 1297 4972 se
1327 4908 1461 4988 ingerit:
1493 4908 1547 4972 sed
1578 4910 1724 4973 studium
1752 4930 1857 4990 suum,
1891 4906 1976 4991 quod
2005 4908 2076 4973 Deo
2100 4909 2232 4990 probari

244 4996 445 5080 beneplacito
467 4998 577 5060 omnia
600 5012 732 5079 accepta
754 4995 877 5073 retulit,
900 5011 987 5055 nunc
1010 4993 1069 5056 sibi
1088 4993 1210 5055 iustam
1262 4992 1393 5068 sciebat,
1423 5004 1537 5057 contra
1565 4996 1682 5075 impias
1712 4995 1851 5056 bostium
1882 4996 2062 5059 calumnias
2085 5014 2232 5060 asserere

243 5083 423 5147 mercedem
454 5104 625 5166 repensam
648 5085 746 5147 fuisse
768 5081 875 5145 iactat.
920 5079 1043 5141 Verum
1067 5079 1095 5142 si
1119 5091 1210 5141 teue—
1264 5077 1386 5154 volens,
1421 5076 1588 5143 arbitrium
1620 5079 1723 5142 defert
1752 5079 1815 5159 ipsi
1846 5079 1926 5143 Deo.
1981 5079 2112 5145 Scimus
2142 5082 2230 5144 enirn

1264 5182 1360 5244 quam
1389 5162 1522 5245 indigne
1551 5165 1631 5229 falsa
1659 5163 1782 5227 invidia
1805 5180 1960 5245 gravatus
1982 5168 2093 5229 suerit:
2126 5187 2232 5247 neque

314 5273 342 5341 ι)
359 5289 425 5326 8,.θῦ
443 5275 496 5343 luy,
513 5292 545 5327 ea
565 5289 670 5342 marus:
688 5290 722 5327 on
741 5286 847 5336 envers,
865 5285 899 5323 on
918 5267 1018 5321 devant
1036 5267 1090 5336 luy.
1264 5268 1341 5312 vero
1364 5259 1429 5310 tam
1453 5250 1524 5313 sius
1546 5251 1631 5315 fama
1648 5249 1775 5331 probris
1793 5250 1865 5314 istis
1882 5250 2108 5333 impetebatur,
2132 5272 2232 5335 quam
