4658 5856
225 369 289 436 ota
1054 366 1270 439 PSAIrblUS
1293 371 1387 438 LXI.
2151 369 2218 434 580

227 566 348 624 restare
360 566 481 636 cernat,
500 556 572 624 Deo
591 564 769 641 praeeunte
787 576 899 623 secure
917 557 1026 640 pergit
1039 565 1197 639 tanquam
1250 567 1360 641 postea
1382 559 1550 641 vendicat,
1579 580 1679 641 quum
1710 557 1799 625 addit
1827 557 2077 624 molestarum
2106 558 2217 627 toalea

227 644 269 708 ad
297 664 468 710 successus
498 643 660 710 indubios.
712 642 835 710 Urbem
873 643 1034 708 munitam
1065 579 1224 726 qnidam!
1249 645 1394 728 Quodsi
1417 645 1915 729 contrahominespuguando,
1944 644 2076 711 laudem
2098 643 2217 728 agendi

226 733 486 812 interpretantur
506 730 647 807 Raboth,
670 748 752 811 quae
773 728 961 812 metropolis
979 739 1052 794 erat
1069 728 1196 793 Moabi·
1248 733 1333 796 inter
1355 750 1415 797 uos
1437 740 1472 796 et
1493 732 1600 796 Deum
1623 731 1739 814 partiri
1762 733 1809 795 las
1833 751 1897 795 non
1920 742 1988 794 est:
2009 738 2133 813 quanto
2155 732 2217 794 mi·

226 829 344 880 tarum.
389 815 456 882 Sed
479 816 599 882 rectius
621 815 676 879 olii
698 815 863 881 heterosin
888 816 1013 880 numeri
1040 834 1111 879 esse
1140 813 1195 878 do·
1249 837 1310 881 nus
1332 816 1500 883 tolerabile
1517 829 1567 882 est
1587 817 1803 900 sacrilegium,
1826 818 1860 880 in
1878 815 1984 881 salute
2001 815 2218 899 promerenda

228 914 312 978 caut,
335 922 372 967 ac
395 901 557 968 Davidem
581 900 750 965 indefinite
773 900 858 983 loqui
880 899 920 964 de
939 899 1085 965 hostium
1108 900 1197 964 urbi·
1249 904 1334 968 vires
1352 901 1445 967 liberi
1466 902 1602 982 arbitrii,
1624 902 1759 985 spiritus
1778 901 1882 968 sancti
1900 903 2025 985 gratim
2044 918 2219 986 opponere,

230 988 300 1069 bus,
333 1008 469 1069 quarum
493 985 696 1068 receptaculo
718 987 831 1051 confisi
854 992 1040 1051 statuerant
1062 985 1197 1050 minime
1221 965 1224 1017 Ξ
1248 1009 1285 1052 ae
1308 989 1333 1053 si
1356 988 1501 1070 aequalis
1522 998 1609 1054 esset
1625 987 1823 1054 concursus?
1848 987 1919 1052 Sua
1935 987 2046 1071 itaque
2063 985 2217 1070 superbia

228 1073 353 1138 cedere.
397 1074 473 1157 lpse
491 1083 599 1137 autem
623 1071 731 1136 Deum
754 1071 815 1137 sibi
839 1071 878 1136 ad
908 1071 981 1136 illas
1003 1090 1196 1154 cxpugnan·
1221 1028 1224 1189 Ι
1248 1096 1284 1140 se
1305 1076 1521 1157 praecipitant
1543 1075 1726 1157 quicunque
1748 1092 1894 1139 seorsum
1917 1072 2025 1138 aDeo
2047 1073 2109 1138 sibi
2127 1091 2219 1137 arro·

229 1159 287 1224 das
309 1158 422 1223 ducem
445 1159 513 1223 iore
536 1157 717 1239 praedicat,
748 1158 843 1223 sicuti
872 1158 906 1220 in
926 1159 995 1222 acie
1024 1158 1197 1221 victoriam
1249 1168 1328 1244 gant
1350 1159 1404 1223 vel
1426 1160 1597 1224 minimam
1620 1171 1747 1241 guttam
1770 1159 1912 1224 virtutis.

230 1244 379 1310 contulit.
424 1244 546 1308 Iterum
578 1263 658 1308 vero
688 1244 930 1327 comparatione
959 1244 1100 1326 gratiam
1128 1262 1196 1307 am·

231 1330 370 1412 plitioat‚
404 1350 485 1412 quae
515 1329 683 1394 effulserat
712 1329 772 1394 sub
802 1329 871 1394 eius
901 1348 1021 1412 regno,
1060 1326 1197 1391 atinde

230 1416 409 1500 legitimam
432 1435 469 1480 ac
491 1424 637 1481 sanctam
655 1435 727 1480 essa
744 1435 837 1479 suam
856 1415 1056 1479 vocationem
1074 1413 1197 1497 probet.
1222 1444 1225 1527 q

230 1502 320 1566 Deus
342 1499 474 1585 (iuquit)
497 1501 552 1582 qui
576 1521 635 1565 nos
656 1501 795 1564 antehac
813 1500 1009 1579 deseruerat,
1031 1508 1065 1564 et
1082 1519 1198 1581 passus
1223 1534 1226 1545 ·
1571 1533 1775 1604 psum
1798 1533 1895 1602 m·

230 1588 337 1651 iuerat
355 1585 530 1653 infeliciter
551 1586 688 1662 bellare,
721 1607 808 1652 nuno
838 1586 1010 1668 patefaciet
1031 1583 1113 1649 mihi
1143 1605 1197 1648 ur-

231 1672 319 1737 bium
350 1684 477 1754 P⁰fl³⁸r
510 1684 548 1737 Ut
575 1693 634 1754 Pffl'
663 1681 795 1738 0υῦθωῦ
823 1671 965 1736 h⁰⁸tium
998 1670 1198 1736 muniti⁰¹¹⁸⁸
1251 1704 1334 1760 ABG.
1354 1705 1511 1774 Quanquam
1530 1705 1654 1759 Psalmus
1673 1705 1716 1757 bio
1733 1723 1750 1757 a
1764 1707 1920 1775 precatione
1938 1707 2041 1775 incipit,
2061 1708 2104 1761 vel
2122 1708 2220 1761 saltem

230 1778 451 1843 perrumpam.
1354 1775 1475 1828 breviter
1499 1774 1582 1827 relert
1608 1775 1758 1827 orationem
1781 1791 1798 1826 a
1822 1775 1926 1828 Doride
1951 1781 2109 1844 conceptam
2137 1793 2220 1844 quum

318 1843 368 1908 13.
391 1842 495 1929 (Affer
511 1841 622 1927 nobis.)
654 1824 778 1907 Iterum
802 1841 842 1907 ad
861 1843 1077 1926 precationem
1096 1840 1197 1905 redit:
1354 1860 1415 1924 eum
1438 1848 1578 1923 premeret
1601 1844 1864 1924 gravissaxietas:⁸
1881 1844 1968 1898 maior
1991 1852 2082 1926 tamen
2104 1862 2169 1913 pars
2192 1847 2220 1926 in

231 1932 296 1994 imo
317 1931 358 1994 ab
380 1930 551 2012 illaquam
570 1929 713 1993 vidimus
730 1927 800 2010 spei
817 1926 1010 1993 certitudine
1028 1925 1200 1991 deducitur
1353 1913 1404 1965 ⁰⁸¹
1430 1912 1555 1965 lendibus
1582 1921 1611 1964 0⁸
1635 1918 1784 1980 gratmnm
1812 1918 1918 1966 ³0²¹⁰¹¹⁰
1944 1921 2127 1967 ⁰⁰¹¹⁸¹¹¹¹¹¹t⁸¹r²
2157 1932 2221 1982 qua

232 2016 273 2080 ad
297 2013 450 2097 precandi
472 2012 632 2080 studium:
664 2015 741 2079 dicit
762 2026 883 2093 autem,
906 2013 1001 2077 modo
1025 2012 1200 2077 auxilietur
1353 1980 1764 2118 222⁰ff1iffigf22,f¹t}'{}¹{{ssztssss
1783 1980 2055 2115 ffigssfieffiiffi
2073 1983 2222 2121 βζὲἒᾚζ

232 2101 341 2178 Deus,
382 2110 419 2166 ut
442 2120 506 2164 non
528 2099 658 2165 aliunde
688 2098 865 2181 quidquam
895 2097 1029 2163 subsidii
1059 2095 1199 2179 accedat,
1353 2118 1469 2171 bilicum.

233 2188 269 2250 in
291 2186 359 2250 sola
381 2187 452 2251 eius
474 2207 573 2250 manu
594 2183 725 2269 plenam
749 2205 819 2250 esse
840 2185 989 2250 salutem.
1035 2182 1091 2250 Sic
1112 2184 1200 2249 euim
1225 2246 1227 2251 .

234 2272 274 2336 ad
297 2273 431 2336 verbum
454 2272 584 2354 legitur,
605 2276 633 2335 rt
652 2291 736 2336 vano
757 2271 845 2334 aolus
865 2270 1017 2352 bominis,
1039 2291 1077 2335 ac
1099 2270 1128 2334 si
1150 2267 1199 2332 di·
1224 2262 1228 2329 l
1339 2274 1366 2335 1.
1390 2270 1552 2352 beescae
1570 2291 1665 2352 sttpcr
1688 2271 1860 2356 Ncpiaotb,
1882 2271 2032 2338 Doridis.
2077 2273 2108 2336 2.
2132 2274 2222 2339 Aodi

234 2374 336 2423 caret:
367 2358 507 2422 Domine
530 2357 626 2422 aienti
648 2356 737 2421 nullo
767 2356 914 2421 adiutore
943 2355 1071 2439 indiges
1101 2375 1199 2437 quum
1252 2357 1342 2423 Deus
1363 2358 1527 2423 clamorem
1544 2378 1654 2437 meam,
1677 2359 1798 2423 omacio
1809 2358 1983 2439 pratalioni
2000 2378 2094 2424 meae.
2131 2365 2160 2422 3.
2172 2359 2222 2424 Ab

233 2445 388 2508 virtutem
413 2457 503 2507 tuam
526 2463 675 2507 exserere
697 2443 813 2524 placat,
835 2444 883 2506 ita
902 2441 1038 2507 simulac
1063 2450 1201 2505 testatus
1253 2450 1385 2509 extremo
1407 2448 1508 2508 terrac
1529 2443 1571 2507 od
1591 2448 1619 2507 tc
1640 2443 1777 2509 eluctato
1798 2444 1875 2509 dam
1893 2445 2021 2526 capita
2037 2464 2090 2508 cor
2109 2465 2221 2524 mcum,

233 2532 334 2594 fueris
358 2540 390 2592 te
412 2529 505 2593 uobis
527 2529 645 2606 lavore,
668 2550 734 2593 nou
753 2529 816 2591 erit
837 2549 894 2593 our
912 2528 1088 2591 humanam
1106 2545 1200 2607 opem
1252 2532 1288 2594 ia
1319 2549 1422 2595 arcem
1454 2549 1534 2610 quoe
1564 2529 1720 2593 exuimur
1757 2549 1859 2610 supra
1897 2549 1946 2593 me
1985 2529 2117 2594 deame
2154 2551 2221 2595 otc:

235 2616 374 2697 amplius
406 2623 612 2697 expetamus:
653 2615 731 2696 quia
762 2614 927 2695 potentiae
967 2625 1043 2676 tuae
1075 2611 1200 2694 fulgore
1253 2616 1283 2679 4.
1309 2615 1392 2696 Quia
1411 2614 1504 2695 fcisti
1525 2633 1595 2694 spat
1616 2614 1711 2691 miti,
1739 2615 1838 2678 turris
1865 2614 2062 2695 solitudinis
2092 2638 2112 2679 a
2140 2618 2221 2698 facie

235 2722 348 2766 omncs
371 2715 520 2763 terrenae
541 2720 618 2782 opes
640 2707 847 2763 evanescant.
892 2698 979 2777 Quia
1000 2709 1110 2761 tamen
1132 2717 1200 2760 om·
1253 2701 1385 2765 inaniet.
1429 2698 1459 2765 5.
1483 2699 1639 2764 Habilabo
1667 2701 1702 2764 ia
1731 2700 1926 2765 obcaecato
1954 2711 2005 2765 tao
2032 2701 2221 2781 insaecula,

234 2788 326 2850 nium
350 2787 416 2849 lere
438 2804 599 2850 consensu
622 2784 736 2865 copula
759 2784 811 2850 hic
829 2785 863 2847 in
881 2782 1042 2849 causalem
1060 2782 1201 2865 partiou·
1252 2790 1337 2852 raas
1358 2805 1409 2851 ero
1430 2787 1466 2849 in
1488 2785 1662 2850 abscondito
1684 2786 1810 2851 alarum
1830 2790 1965 2851 tuarum.
2008 2784 2115 2852 Sciat.

236 2872 300 2934 lam
323 2870 515 2947 resolvitur,
546 2890 605 2954 ego
628 2890 755 2952 quoque
786 2869 870 2934 hanc
898 2869 1200 2951 interpretationem

235 2957 374 3022 libenter
413 2956 558 3020 admitto.
614 2956 725 3038 Atque
760 2956 883 3020 abnam
916 2954 1015 3037 probe
1051 2952 1201 3020 cordibus
1340 2955 1494 3041 1..(Au‹tt
1515 2954 1627 3034 Deus.)
1672 2955 1814 3020 Tametsi
1837 2978 1904 3021 non
1934 2978 2067 3039 prorsus
2097 2973 2220 3022 certum

237 3043 359 3107 uostris
380 3041 539 3106 insideret
561 3040 640 3106 haec
662 3042 833 3105 sententia.
878 3040 974 3108 Unde
997 3041 1082 3104 enim
1105 3040 1143 3103 fit
1164 3047 1203 3102 ut
1254 3054 1304 3108 est
1335 3062 1400 3125 quo
1433 3053 1578 3123 tempore
1611 3043 1809 3123 compositus
1841 3041 1941 3107 fuerit
1970 3042 2025 3108 hio
2059 3044 2220 3119 Fecimus,

235 3139 325 3192 totus
346 3127 414 3192 iere
437 3127 578 3192 mundus
600 3146 729 3208 semper
751 3126 896 3205 vacillet,
924 3127 978 3191 val
1007 3146 1080 3208 spes
1101 3144 1203 3190 vanas
1227 3192 1229 3201 ,
1254 3128 1439 3192 coniectura
1471 3136 1578 3190 tamen
1610 3128 1714 3208 magis
1746 3127 1923 3210 probabilis
1956 3139 2021 3203 est,
2056 3128 2219 3194 Davidem

235 3215 397 3296 concipiat
416 3213 457 3278 ad
480 3233 514 3278 se
536 3210 728 3290 inflandum,
752 3212 898 3297 neglecto
920 3210 1007 3287 Deo,
1030 3212 1094 3276 nisi
1117 3209 1201 3293 quod
1226 3208 1229 3307 l
1253 3211 1452 3296 aliquamdiu
1476 3212 1617 3294 potitum
1640 3213 1741 3278 fuisse
1769 3234 1888 3297 regno,
1919 3213 1996 3299 dum
2026 3218 2060 3278 in
2093 3216 2153 3281 has
2183 3215 2221 3279 de

235 3321 331 3364 nemo
354 3311 464 3383 gustat
485 3298 624 3364 salutem
645 3296 723 3371 Dei,
744 3318 826 3380 quae
848 3320 913 3362 una
936 3298 1084 3363 sufficere
1107 3295 1202 3360 debe·
1226 3318 1230 3439 ι
1253 3298 1372 3382 quibus
1409 3298 1551 3380 loquitur
1581 3297 1715 3363 insidias
1742 3297 1863 3365 incidit.
1918 3300 1963 3363 Et
1993 3321 2053 3382 ego
2082 3300 2221 3366 libenter

234 3384 299 3459 bat,
322 3405 419 3466 quum
443 3396 537 3449 extra
558 3404 631 3448 eam
653 3403 864 3465 quaecunque
892 3405 926 3449 se
955 3382 995 3447 ab
1017 3383 1202 3448 bominibus
1227 3452 1230 3469 ¹
1253 3406 1366 3451 eorum
1388 3383 1554 3449 subscribo
1576 3384 1758 3449 sententiae
1776 3386 1831 3466 qui
1852 3384 1892 3448 ad
1912 3397 2038 3467 tempus
2056 3386 2221 3468 conspira-

236 3470 377 3535 offorunt
411 3470 553 3545 auxilia,
593 3469 726 3533 fallaces
758 3470 824 3534 sint
856 3467 1072 3552 praestigiae?
1117 3467 1201 3533 Nam
1227 3478 1230 3563 ξ
1254 3473 1353 3535 tionis
1372 3469 1528 3534 Absalom
1552 3469 1712 3534 referunt:
1746 3470 1909 3551 quianon
1933 3471 2125 3552 potuitnisi
2149 3493 2220 3553 pro·

258 3554 322 3621 uod
353 3555 491 3620 salutem
521 3554 707 3633 bominum,
741 3574 823 3636 quae
852 3554 943 3618 nulla
972 3566 1037 3632 est,
1069 3553 1203 3636 opponit
1227 3580 1230 3597 ¹
1255 3557 1360 3640 fugas,
1382 3556 1423 3620 ab
1445 3556 1601 3619 extremis
1623 3565 1728 3619 terrae
1749 3555 1870 3620 finibus
1891 3554 2041 3634 clamare,
2065 3556 2150 3639 quod
2172 3578 2221 3622 sc-

235 3578 299 3706 liei
332 3641 448 3724 saluti,
484 3641 663 3724 impropria
700 3654 750 3704 est
782 3640 944 3721 loquutio,
978 3659 1095 3720 nempe
1127 3639 1204 3719 quia
1227 3614 1230 3709 l
1254 3640 1358 3706 cundo
1382 3661 1478 3705 versu
1502 3640 1581 3705 dicit
1603 3662 1637 3705 se
1660 3641 1831 3706 facturum.
1876 3641 1948 3705 Iam
1970 3642 2004 3705 in
2033 3642 2106 3729 ipsa
2128 3663 2222 3726 preco

237 3728 337 3792 stulte
359 3728 467 3792 varias
495 3726 615 3791 salutes
642 3724 734 3789 nobis
762 3725 797 3789 in
826 3723 947 3790 mundo
976 3725 1203 3806 imaginamur,
1227 3716 1230 3751 ¹
1254 3727 1480 3791 vehementem
1522 3726 1674 3790 affectam
1707 3727 1854 3792 clamoris
1886 3728 2018 3791 nomine
2054 3727 2219 3812 designat:

236 3834 294 3895 per
311 3813 550 3878 concessionem
569 3812 733 3895 figmentis
751 3811 871 3877 nostris
883 3810 998 3875 tribuit
1010 3813 1055 3875 rei
1074 3829 1202 3874 nomen.
1253 3814 1329 3894 quia
1351 3814 1421 3877 sive
1443 3811 1604 3877 submisse
1625 3822 1819 3893 conquestus
1841 3812 1884 3877 sit
1901 3812 1988 3895 apud
2010 3813 2130 3892 Deum,
2153 3815 2222 3879 sive

233 3899 347 3980 Neque
369 3900 455 3963 euim
479 3899 506 3963 si
529 3897 658 3980 quando
681 3897 785 3961 utitur
805 3897 896 3961 Deus
918 3917 1016 3979 opera
1032 3895 1202 3960 hominum
1254 3898 1351 3964 altius
1373 3918 1483 3963 vocem
1506 3895 1676 3974 extulerit,
1706 3897 1844 3962 interior
1866 3908 1975 3963 mmen
1997 3899 2100 3963 animi
2120 3900 2222 3982 impe·

234 3986 267 4047 in
290 3983 384 4048 nobis
406 3984 591 4061 servandis,
625 3983 678 4046 vel
702 4003 821 4047 munus
842 3982 908 4047 illis
930 4002 1026 4047 suum
1048 3983 1202 4064 resignat.
1254 3992 1307 4049 tus
1329 3997 1361 4049 et
1383 3983 1442 4047 aeli
1465 3982 1563 4046 ardor
1590 3980 1721 4046 clamori
1751 3985 1868 4048 manto
1896 3984 2070 4049 confertur.
2114 3985 2222 4068 Rapa-

234 4069 288 4131 vel
311 4088 367 4132 eos
389 4080 482 4133 ornat
504 4070 571 4134 auis
600 4068 721 4150 spoliis.
767 4068 853 4131 Vere
881 4068 981 4152 igitur
1009 4088 1048 4132 ea
1077 4087 1203 4149 quoque
1228 4140 1230 4143 ¹
1256 4071 1325 4133 titio
1359 4087 1487 4151 quoque
1520 4065 1663 4131 ostendit
1695 4079 1882 4134 constanter
1922 4089 2149 4151 perseverasse
2188 4073 2222 4135 in

235 4153 324 4217 salus
346 4153 409 4217 Dei
432 4165 593 4231 censetur,
616 4173 714 4235 quam
738 4173 796 4234 per
818 4154 968 4218 homines
987 4153 1202 4217 administrat.
1227 4150 1230 4215 l
1255 4154 1414 4239 precibus.
1450 4155 1559 4235 Atque
1580 4149 1660 4216 hacc
1683 4154 1856 4219 assiduitas
1874 4154 2023 4236 exemplo
2041 4153 2134 4221 nobis
2152 4176 2222 4222 esse

236 4238 302 4304 Sed
327 4238 407 4302 nihil
431 4237 520 4302 aliud
550 4238 654 4303 voluit
674 4237 800 4314 David,
827 4259 924 4319 quam
954 4238 1103 4303 fictitium
1133 4257 1203 4302 esse
1256 4241 1368 4316 debet,
1391 4260 1431 4303 ns
1459 4239 1635 4318 fatigemur
1663 4239 1803 4317 orando,
1833 4239 1983 4322 quamvis
2013 4260 2081 4305 non
2110 4244 2222 4306 statim

236 4321 393 4407 quidquid
416 4322 548 4386 aliunde
568 4344 666 4404 quam
690 4344 710 4389 a
731 4323 797 4388 solo
815 4323 887 4388 Deo
910 4323 1023 4388 auxilii
1042 4333 1201 4406 speratur.
1255 4326 1363 4407 palam
1385 4323 1483 4388 iaciat
1504 4322 1595 4386 Deus
1616 4342 1652 4386 se
1671 4324 1756 4389 votis
1775 4326 1896 4390 nostris
1913 4324 2015 4391 fuisse
2032 4327 2223 4409 propitium.

236 4409 334 4475 Hauc
356 4408 552 4474 sententiam
574 4408 688 4472 ultimo
711 4429 808 4473 versu
831 4410 1017 4492 confirmat,
1047 4409 1121 4491 quia
1146 4428 1204 4472 neo
1255 4412 1322 4477 Per
1342 4413 1511 4474 artemam
1532 4410 1633 4472 terrae
1653 4429 1718 4473 non
1742 4409 1853 4474 dubito
1877 4411 1956 4492 quin
1982 4410 2088 4477 locam
2116 4413 2222 4477 exsilii

237 4494 412 4577 quidquam
440 4513 613 4577 possumus
642 4493 705 4557 nisi
735 4493 804 4559 eius
827 4495 964 4570 virtuts,
994 4507 1027 4559 et
1054 4498 1124 4576 ipso
1153 4496 1203 4557 iu·
1255 4496 1402 4575 denotet,
1432 4503 1471 4557 ut
1492 4491 1720 4574 prohiberetur
1752 4497 1793 4561 ab
1823 4516 1954 4562 accessa
1984 4500 2161 4562 sanctuarii
2192 4511 2225 4562 et

238 4594 339 4644 vante
361 4579 482 4645 invicta
504 4576 693 4643 fortitudine
720 4599 833 4643 sumus
862 4579 1021 4644 instructi.
1066 4578 1204 4643 Duobus
1256 4581 1346 4645 urbia
1368 4578 1486 4661 regiae.
1530 4576 1615 4641 Nam
1633 4578 1716 4660 quod
1740 4582 1889 4646 nonnulli
1910 4580 2084 4665 allegorica
2106 4586 2224 4668 accipi·

238 4665 325 4730 enim
349 4666 504 4730 membris
526 4673 654 4728 constat
676 4664 760 4744 quod
784 4663 877 4741 dicit,
900 4663 942 4728 Ia
964 4663 1032 4729 Deo
1051 4665 1203 4746 faciemus
1256 4675 1332 4743 unt,
1360 4685 1398 4728 ao
1426 4663 1454 4726 si
1484 4661 1605 4727 diceret
1635 4684 1675 4729 sx
1708 4668 1869 4748 profunda
1899 4666 2017 4750 abysso
2045 4688 2082 4732 se
2111 4689 2223 4734 orare:

236 4751 398 4831 virtutem,
429 4770 545 4831 nempe
575 4746 712 4813 simulac
734 4750 875 4830 gratiam
896 4770 989 4813 suam
1012 4747 1205 4814 subduxerit
1255 4769 1370 4833 parum
1392 4745 1529 4812 solidum
1554 4748 1635 4812 mibi
1657 4750 1795 4817 videtur.
1841 4753 1911 4817 Iam
1941 4753 2018 4834 quia
2048 4764 2163 4834 postea
2191 4777 2225 4819 se

239 4836 347 4913 Deus,
381 4836 549 4901 concidero
571 4849 606 4898 et
627 4833 760 4897 effluere
782 4831 938 4916 quidquid
961 4836 993 4898 in
1019 4834 1204 4899 hominibus
1255 4854 1366 4918 regem
1388 4832 1548 4912 nominat,
1570 4834 1655 4914 quod
1679 4857 1839 4919 nusquam
1861 4838 1983 4903 dixisse
2006 4838 2126 4921 legitur
2149 4854 2227 4904 ante

238 4922 383 4987 creditur
404 4943 475 4987 esse
497 4923 647 4996 virtutis,
671 4938 802 4984 rursum
825 4922 881 5002 qui
902 4923 937 4984 in
957 4921 1026 4985 solo
1048 4917 1120 4984 Deo
1144 4922 1206 4983 for·
1256 4918 1368 4984 Saulis
1389 4928 1538 4997 mortem,
1560 4919 1712 5003 colligere
1733 4935 1919 5006 promptum
1942 4934 1993 4989 est
2014 4926 2122 4989 notari
2146 4937 2225 4991 tem·

240 5017 289 5073 tes
311 5019 403 5084 sunt,
433 5010 574 5090 perlecta
596 5007 719 5069 virtute
742 5024 812 5069 esse
842 5005 1020 5087 praeditos,
1048 5016 1086 5068 ut
1114 5025 1206 5086 supe·
1257 5024 1316 5086 pus
1336 5000 1416 5066 illud
1439 5023 1503 5083 qno
1525 5004 1649 5086 trepide
1672 5007 1798 5090 lugiens
1820 5010 1960 5074 furorem
1984 5009 2043 5074 lilii
2068 5010 2225 5076 Absalom

121 5134 125 5141 -
241 5094 353 5158 randis
380 5096 504 5159 cunctis
533 5091 777 5158 difficultatibus
805 5109 901 5173 pares
928 5092 995 5153 sint
1021 5111 1058 5154 ac
1087 5090 1204 5153 idonei.
1256 5091 1291 5151 iu
1315 5084 1477 5153 desertum
1501 5089 1637 5154 Mahum
1666 5103 1698 5155 et
1724 5094 1805 5158 alios
1840 5115 1988 5159 recessus
2020 5116 2055 5159 so
2089 5095 2224 5162 abdidit.

243 5184 286 5242 Ac
309 5200 350 5243 ne
373 5191 506 5260 putetur
528 5177 694 5242 dimidiam
717 5175 821 5240 solum
845 5174 975 5239 fortiter
996 5174 1111 5259 agendi
1136 5175 1204 5237 lau·
1257 5171 1341 5236 Nam
1362 5174 1438 5254 quia
1459 5173 1552 5240 Deus
1573 5185 1717 5241 montem
1743 5177 1821 5243 Sion
1852 5180 1993 5264 elegerat
2023 5196 2088 5246 tam
2121 5182 2225 5248 domi·

240 5262 314 5328 dem
345 5262 417 5328 Deo
445 5264 654 5347 adspergere,
688 5269 790 5326 totum
821 5281 901 5344 opus
935 5261 970 5324 in
1007 5260 1144 5326 solidum
1175 5257 1204 5321 ei
1257 5256 1329 5322 cilio
1351 5277 1444 5325 arcae
1464 5259 1618 5336 foederis,
1649 5282 1746 5344 quam
1768 5266 1856 5348 regis
1885 5267 1981 5345 solio,
2012 5267 2092 5332 dicit
2116 5269 2225 5334 David
