4658 5856
106 308 170 375 705
903 309 1120 378 PSALMUS
1142 308 1305 376 LXXVI.
2033 318 2096 384 706

105 498 330 565 aeritissimum
364 507 450 579 erat,
485 510 559 582 apte
590 500 743 566 convenit
775 499 854 564 haee
887 498 1074 575 similitudo,
1126 497 1231 580 magis
1254 497 1385 576 inclino,
1408 519 1483 563 nem
1508 501 1636 586 Assyrii
1660 500 1740 568 duce
1763 503 2004 582 Sennacherib,
2027 527 2090 570 non

106 585 218 649 vinum
243 585 358 650 fumosi
382 588 508 668 saporis
528 606 598 651 esse
620 585 656 649 in
679 585 741 649 Dei
773 606 888 662 manu,
920 606 982 668 quo
1013 588 1074 648 im·
1126 583 1221 646 modo
1253 582 1407 649 Iudaeam
1442 585 1581 667 ingrcssi
1616 600 1709 666 erint,
1742 589 1798 653 sed
1831 591 1943 655 urbem
1977 590 2093 673 ipsam,

106 672 173 753 pios
196 671 372 735 exitialiter
400 672 553 745 inebriet,
583 693 621 736 ee
642 671 670 735 si
700 671 820 735 diceret
850 669 1072 735 incredibilem
1125 669 1219 752 regni
1242 681 1355 752 caput,
1387 670 1543 734 violenter
1573 675 1728 756 aggressi.
1776 676 1818 738 Et
1847 677 1968 742 ecimus
1996 698 2092 758 quam

106 755 268 821 vindictae
300 758 360 821 Dei
388 757 586 822 celeritatem
618 777 703 820 esse:
737 758 822 821 sicut
850 758 931 820 forte
960 758 1073 820 vinum
1124 753 1317 819 mirabiliter
1350 755 1458 819 soluta
1498 757 1596 821 luerit
1629 760 1769 823 obsidio:
1810 783 1908 843 quum
1943 761 2093 827 horribili

105 844 169 907 cito
192 853 225 906 et
248 842 355 906 valide
377 843 410 906 in
435 844 602 909 cerebrum
626 855 818 924 penetrans,
850 844 899 905 vel
929 843 1072 906 furorem
1123 838 1223 916 clade,
1257 860 1470 922 permenam
1506 842 1628 923 angeli,
1662 843 1753 909 Deus
1787 848 1966 911 exercitum
2001 848 2092 911 illum

104 937 250 1011 generat,
273 929 323 992 vel
348 927 460 992 febrim
485 928 640 994 accendit.
688 929 776 992 Dicit
799 948 877 1011 ergo
899 929 1013 991 vinum
1037 928 1071 990 in
1124 934 1217 989 nocte
1240 946 1306 989 una
1329 925 1465 1002 delevit,
1489 928 1519 992 2.
1544 929 1625 1011 Reg.
1651 930 1700 1005 19,
1724 930 1775 996 35.
1821 931 1916 997 Unde
1940 953 2003 997 non
2035 934 2092 998 aba

106 1013 204 1079 calice
233 1014 296 1078 Dei
328 1016 514 1089 rubescere,
548 1015 631 1079 sieut
661 1017 696 1079 in
724 1014 910 1079 Proverbiis
943 1014 1070 1090 dieitur,
1124 1031 1158 1073 re
1180 1008 1259 1074 dicit
1282 1013 1439 1094 propheta
1464 1013 1568 1077 Deum
1592 1014 1659 1078 illic
1682 1017 1815 1098 fregisse
1838 1021 1991 1100 sagittas,
2022 1019 2091 1102 gla-

104 1121 173 1182 aap.
196 1099 248 1175 23,
270 1098 326 1164 31:
359 1100 408 1164 Ne
431 1100 584 1182 respicias
606 1101 720 1164 vinum
750 1121 850 1181 quum
874 1099 1014 1164 rubescit
1037 1099 1070 1162 in
1123 1095 1192 1160 dios
1215 1106 1247 1160 et
1265 1098 1405 1180 clypeos.
1451 1098 1523 1164 Hoc
1546 1110 1654 1164 tamen
1678 1102 1850 1184 praecipue
1873 1105 2003 1187 cognitu
2033 1125 2090 1168 ne·

105 1187 198 1249 vitro.
242 1185 544 1267 Neeobstatquod
568 1186 757 1270 paulopost
784 1186 931 1267 adiungit
953 1185 1071 1249 nadalia
1122 1181 1299 1246 cessarium
1333 1194 1399 1261 est,
1435 1196 1628 1267 perpetuam
1661 1185 1723 1250 Dei
1758 1208 1870 1252 curem
1903 1190 1937 1253 iu
1970 1191 2090 1254 tuende

103 1291 188 1335 nem:
216 1273 379 1354 quianon
403 1271 487 1334 male
510 1273 596 1337 inter
618 1294 652 1336 se
674 1273 874 1336 conveniunt
895 1270 975 1335 haec
998 1271 1070 1348 duo,
1122 1287 1219 1348 quarn
1243 1267 1340 1350 elegit
1371 1269 1505 1334 ecelesia
1535 1270 1587 1335 hio
1609 1271 1751 1347 laudari,
1782 1285 1819 1337 ut
1846 1273 1885 1338 de
1915 1275 1985 1339 eius
2015 1297 2090 1358 pro·
2197 1344 2199 1350 ,

104 1356 249 1422 vindicte
271 1357 332 1426 Dei
356 1358 419 1421 cito
443 1358 594 1423 inebriari
617 1357 748 1439 impios,
779 1370 812 1421 et
842 1378 912 1420 eam
941 1356 1070 1421 ebibere
1122 1354 1262 1417 tectione
1284 1354 1397 1419 fideles
1420 1355 1550 1439 gloriari
1576 1379 1638 1421 non
1663 1356 1821 1424 dubitent.

104 1463 204 1524 usque
226 1443 267 1507 ad
291 1443 410 1507 faecem
434 1442 535 1509 donea
557 1446 728 1508 intereant.
766 1442 851 1506 Nam
873 1442 929 1525 qui
952 1463 1069 1505 nomeu
1206 1438 1234 1501 2.
1259 1436 1375 1523 (Notus
1397 1442 1432 1504 in
1454 1441 1575 1506 Iudaea
1597 1441 1709 1529 Dens.)
1753 1444 1852 1508 Initio
1882 1445 2007 1511 Psalmi
2037 1446 2091 1511 ad·

103 1528 265 1593 Mistionis
293 1529 354 1592 alio
386 1526 535 1606 trahunt,
564 1528 650 1609 quod
679 1531 712 1592 in
742 1528 855 1593 calidis
885 1527 1070 1610 regionibus
1121 1535 1232 1587 monet
1247 1525 1404 1607 propheta
1421 1526 1685 1594 nonhumanitus
1701 1551 1771 1594 esse
1787 1532 1906 1595 factum
1926 1542 1962 1595 ut
1981 1532 2090 1597 hostes

101 1613 227 1678 soleant
249 1615 362 1678 vinum
386 1613 528 1689 diluere,
553 1615 650 1678 nimis
673 1613 774 1678 diluta
798 1616 973 1695 loquuntur
996 1613 1068 1695 ipsi.
1122 1607 1331 1675 discesserint
1346 1612 1438 1688 irriti,
1458 1613 1513 1675 sed
1535 1614 1736 1679 memorabili
1753 1616 1813 1680 Dei
1831 1616 1962 1681 auxilio.
1994 1616 2090 1682 Unde

101 1699 217 1764 Potius
240 1700 380 1783 augendi
403 1720 500 1764 causa
529 1699 589 1765 hoc
618 1710 703 1764 esset
732 1698 894 1775 additum,
926 1711 963 1762 ut
992 1701 1069 1762 vino
1121 1695 1208 1758 euim
1232 1698 1345 1761 notitia
1366 1697 1441 1776 Dei,
1464 1709 1496 1762 ct
1519 1699 1711 1781 magnitudo
1735 1702 1885 1780 nominis,
1908 1702 1947 1766 de
1970 1704 2089 1785 quihus

101 1786 275 1849 aromatico
298 1787 444 1850 conferat
467 1784 625 1866 propheta
647 1784 885 1849 vehementiam
918 1784 984 1848 irae
1008 1785 1068 1848 Dei
1121 1779 1278 1861 loquitur,
1313 1784 1374 1847 nisi
1408 1784 1482 1866 quia
1517 1784 1606 1848 Deus
1640 1806 1772 1850 manum
1807 1808 1898 1852 suam
1934 1789 2089 1853 inusitato

101 1890 138 1934 aa
161 1872 333 1942 fervorem.
368 1869 541 1954 Significat
564 1884 671 1935 autem
696 1870 746 1935 his
768 1872 882 1952 figuris
900 1869 1067 1952 propheta,
1120 1865 1215 1930 modo
1238 1868 1399 1946 exseruit,
1430 1881 1468 1933 ut
1489 1869 1596 1951 palam
1619 1880 1782 1935 constaret
1804 1874 1865 1938 suh
1888 1875 1957 1939 eius
1980 1887 2088 1956 patro·

101 1978 165 2021 non
191 1977 284 2038 posse
306 1958 422 2039 impios
441 1956 583 2039 effugere
602 1958 679 2039 quin
698 1956 842 2041 sugendo
861 1957 901 2020 ad
921 1956 1069 2020 ultimam
1120 1951 1203 2017 ainio
1224 1961 1257 2016 et
1278 1953 1379 2017 tutela
1401 1975 1472 2019 ease
1490 1956 1601 2020 urbem
1621 1965 1654 2020 et
1672 1958 1851 2039 populum?
1883 1960 1971 2024 Dicit
1989 1962 2090 2044 igitur

101 2061 203 2123 usque
237 2053 363 2125 guttam
387 2042 520 2106 calicum
550 2043 680 2106 ebibant
708 2044 820 2106 eDeo
850 2042 1067 2124 propinatum.
1120 2038 1278 2119 propheta
1308 2041 1414 2121 palam
1445 2042 1633 2122 apparuisse
1664 2043 1725 2106 Dei
1756 2043 1910 2126 gloriam,
1942 2046 2089 2112 hostibus

188 2127 237 2191 10.
260 2127 341 2212 (Epo
362 2148 434 2192 aero
457 2126 671 2213 annuntiabo.)
715 2127 807 2193 Haeo
830 2126 954 2191 Psalmi
981 2126 1068 2190 olau-
1120 2122 1176 2186 teli
1200 2123 1357 2189 miraculo
1380 2127 1560 2206 prostratis.
1608 2126 1769 2210 Sequenti
1799 2152 1899 2194 versu
1929 2133 2087 2197 rationem

100 2212 174 2278 sula
194 2213 338 2278 ostendit
366 2214 479 2277 fideles
508 2214 569 2277 sihi
597 2213 756 2297 gratulari
787 2210 871 2296 quod
895 2212 1003 2276 Deum
1035 2213 1067 2275 in
1119 2209 1263 2289 assignat
1284 2231 1343 2274 cur
1366 2211 1514 2294 Assyriis
1537 2214 1724 2296 profligatis,
1747 2215 1859 2280 urbem
1884 2216 1973 2282 illam
1997 2217 2088 2283 Deus

101 2299 198 2363 rebus
219 2301 288 2364 suis
319 2299 465 2363 adversis
493 2298 699 2365 liberatorem
731 2300 858 2380 experti
889 2298 964 2362 sint.
1010 2296 1067 2361 Vi·
1119 2314 1263 2358 asserere
1286 2316 1322 2360 ac
1347 2298 1429 2360 tueri
1454 2296 1607 2380 dignatus
1629 2300 1688 2364 sit:
1713 2301 1789 2381 qnia
1811 2302 1934 2367 scilieet
1956 2303 2088 2369 domici·

100 2383 220 2448 dentur
235 2388 322 2448 enim
341 2384 505 2470 propriam
524 2386 758 2466 experientiam
775 2395 888 2448 notare
904 2384 937 2446 in
955 2403 1066 2446 narra·
1120 2379 1200 2442 lium
1223 2380 1289 2444 illic
1311 2381 1372 2446 sibi
1396 2382 1561 2466 delegerat
1584 2385 1617 2448 in
1642 2406 1704 2467 quo
1728 2408 1846 2450 nomen
1876 2409 1969 2452 suum
1995 2390 2088 2452 invo·
2113 2384 2117 2392 ’

100 2471 187 2533 tione
209 2482 242 2535 et
263 2472 398 2535 cantico.
442 2469 530 2536 Hine
552 2474 650 2535 etiam
673 2469 831 2553 eolligunt
860 2491 894 2534 se
917 2468 981 2532 Dei
1010 2489 1066 2532 au·
1119 2478 1256 2529 caretur.
1304 2465 1440 2532 Summa
1463 2477 1523 2550 est,
1550 2490 1615 2533 non
1638 2492 1708 2535 esse
1731 2471 1816 2552 quod
1847 2473 1906 2537 sibi
1931 2473 2087 2552 homines,

99 2555 179 2620 xilio
201 2556 360 2622 fracturos
383 2555 539 2638 quidquid
562 2557 624 2621 erit
654 2556 817 2639 potentiae
846 2557 878 2619 in
903 2553 1065 2635 reprobis:
1119 2552 1153 2613 in
1178 2555 1237 2616 huo
1261 2552 1348 2617 urbis
1371 2554 1562 2618 liberatione
1585 2576 1681 2637 quam
1706 2557 1880 2636 describit,
1910 2558 2086 2640 quidquam

99 2662 134 2705 se
157 2663 233 2707 vero
255 2641 380 2706 iustitia
402 2657 435 2706 et
457 2642 617 2724 aequitate
636 2642 713 2706 satis
736 2641 776 2706 ad
800 2640 955 2705 tuendam
974 2660 1065 2704 suam
1118 2647 1280 2718 arrogent,
1303 2640 1378 2720 quia
1401 2640 1572 2722 magnifice
1595 2642 1738 2705 innotuit
1761 2643 1865 2707 Deus:
1897 2656 1930 2707 et
1952 2664 2087 2709 manum

99 2727 237 2792 salutem
261 2730 329 2791 fore
351 2727 539 2793 instructos.
585 2728 670 2792 Nam
691 2728 829 2793 exaltari
851 2747 966 2792 amana
990 2725 1067 2789 insti
1119 2742 1211 2786 suem
1235 2744 1252 2787 e
1275 2726 1364 2789 coelo
1387 2727 1592 2807 conspicuam
1617 2729 1760 2809 protulit.
1802 2727 1931 2793 Deinde
1955 2731 2088 2795 nonnisi

96 2814 291 2878 tantundem
323 2813 410 2878 valet
440 2833 476 2878 aa
506 2814 532 2877 si
564 2812 741 2893 dixissent,
767 2813 851 2878 filios
873 2811 938 2876 Dei
968 2811 1066 2892 probe
1119 2809 1282 2890 gratuitae
1304 2809 1471 2876 electionis
1493 2832 1571 2876 saec
1600 2825 1750 2895 respectu
1781 2812 1956 2879 adductum
1987 2816 2088 2882 fuisse

98 2911 131 2961 et
160 2899 292 2963 innoxie
322 2899 477 2973 vivendo,
515 2899 588 2983 plus
616 2897 677 2963 sihi
705 2897 857 2981 praesidii
888 2897 1064 2980 acquirere,
1120 2894 1226 2957 Deum
1257 2906 1293 2958 at
1321 2917 1356 2960 se
1386 2897 1532 2961 hostibus
1562 2897 1631 2962 eius
1662 2901 1858 2980 opposuerit.
1910 2900 1981 2964 Iam
2013 2903 2088 2984 qnia

99 3004 197 3066 quam
218 2986 246 3049 si
270 3005 327 3067 per
348 3006 445 3050 omne
467 2987 571 3050 scelus
593 3005 760 3068 emergere
781 2985 960 3049 studerent.
1118 2979 1175 3042 illo
1195 2979 1388 3044 documento
1413 2993 1549 3046 testatus
1569 2994 1618 3045 est
1635 3004 1733 3064 quam
1752 2985 1910 3050 invictum
1930 2985 1973 3050 sit
1992 3008 2087 3051 suum

1119 3066 1217 3129 robur
1239 3065 1273 3128 in
1296 3066 1459 3130 servande
1481 3067 1625 3149 eeclesia,
1649 3067 1759 3132 fideles
1778 3068 1830 3134 hie
1848 3068 1996 3135 hortetur
2016 3092 2086 3153 pro·

1117 3150 1234 3231 pheta,
1263 3163 1299 3214 ut
1320 3151 1379 3216 suh
1404 3152 1519 3216 umbra
1540 3153 1610 3216 eius
1632 3174 1745 3219 secure
1775 3155 1955 3236 quieseant.
2000 3157 2086 3221 Nam

1117 3236 1144 3299 si
1174 3236 1244 3299 Deo
1274 3237 1451 3319 pretiosum
1481 3245 1531 3302 est
1560 3256 1678 3302 nomen
1707 3260 1819 3315 suum,
1854 3260 1921 3304 uon
1949 3241 2084 3326 vulgare

386 3357 593 3428 psmflys
615 3358 775 3426 LXXVI·
1117 3331 1166 3386 est
1189 3319 1264 3420 fidei
1286 3325 1421 3421 pignus,
1449 3322 1528 3387 dum
1547 3322 1700 3422 ‘audimus
1722 3325 1828 3405 ipsum
1853 3325 1985 3392 virtutis
2007 3349 2085 3428 suae

1117 3405 1373 3489 magnatudrnem
1389 3430 1424 3471 rn
1440 3408 1595 3474 ecelesiae
1610 3430 1687 3473 suae
1705 3411 1810 3474 salute
1827 3411 1911 3476 velle
1927 3433 2084 3496 cognosci.

97 3547 173 3601 ABG
200 3547 252 3600 Hic
275 3549 427 3602 celebratur
450 3548 500 3600 Dei
527 3548 615 3615 gratia
640 3552 669 3600 et
692 3546 806 3610 veritas,
834 3546 906 3614 quod
933 3562 962 3598 se
989 3545 1064 3598 urbis
1116 3492 1218 3557 Porro
1241 3514 1338 3575 quum
1371 3493 1505 3559 ⁰⁰⁰l⁰⁸i³
1534 3495 1662 3578 migne
1691 3496 1735 3559 sit
1762 3497 1885 3578 glmiae
1906 3496 1971 3561 Dei
1997 3499 2086 3599 Ῥω

175 3586 406 3687 'Hierosolyma
430 3617 569 3670 emendem
592 3617 650 3669 so„
672 3615 817 3684 pollicitus,
841 3613 995 3667 incredibili
1117 3591 1220 3656 trum,
1249 3577 1360 3644 sedulo
1383 3600 1512 3662 semper
1533 3580 1717 3646 cavendum
1740 3595 1789 3645 est
1811 3603 1852 3646 ne
1875 3581 2029 3649 benefica
2050 3607 2086 3649 rn

199 3686 287 3738 antra
304 3702 364 3739 eam
382 3685 512 3739 euvenus
530 3685 672 3739 uerueosos
691 3691 719 3737 a
737 3684 826 3736 varrus
845 3682 996 3737 instructos
1017 3630 1066 3736 li-
1117 3685 1188 3728 eam
1211 3664 1336 3741 collata,
1359 3667 1532 3748 praecipue
1555 3687 1693 3750 quorum
1717 3668 1873 3731 memoria
1896 3669 2009 3752 vigere
2033 3670 2089 3734 de·

199 3763 255 3807 stes
273 3754 433 3807 defenderit.
1118 3750 1171 3814 bet
1199 3751 1350 3816 omnibus
1380 3751 1533 3827 saeculis,
1576 3752 1781 3835 ingratitudo
1814 3763 1926 3818 nostra
1959 3753 2086 3819 obruat.

1117 3835 1290 3901 Caeterum
1314 3836 1464 3918 quamvis
1488 3859 1574 3903 nunc
1597 3839 1632 3900 in
1655 3838 1863 3902 tabernaculo
1883 3839 2001 3903 visibili
2021 3863 2085 3906 non

184 3927 211 3990 1.
236 3925 395 4006 Praefecto
417 3926 451 3989 in
475 3925 647 4008 Neptnotla,
680 3924 830 3990 Psalnans
853 3921 964 4004 Asaplr
993 3941 1065 3986 aan-
1116 3920 1241 3986 coletur
1265 3922 1370 4001 Deus,
1399 3922 1474 4003 quia
1504 3936 1612 3987 tamen
1636 3944 1694 4005 per
1716 3923 1884 3987 Christum
1916 3926 1948 3988 in
1980 3926 2086 3992 medio

96 4012 201 4077 taam.
245 4013 276 4076 2.
300 4011 401 4076 Notae
421 4011 455 4075 in
478 4009 599 4075 Iudaea
617 4010 717 4090 Deua,
740 4011 773 4074 t'n
792 4008 896 4073 Israel
917 4027 1064 4090 magnam
1117 4007 1219 4070 nostri
1240 4016 1272 4071 et
1294 4007 1327 4071 in
1359 4006 1453 4071 nobis
1483 4007 1562 4089 ipsis
1592 4008 1732 4080 habitat,
1762 4010 1968 4089 experiemur
1999 4012 2084 4077 haud

95 4117 205 4162 nomen
227 4099 305 4162 eins.
350 4098 380 4161 3.
403 4096 446 4160 Et
466 4096 530 4177 fnit
551 4097 587 4160 in
610 4096 715 4162 Salem
736 4095 967 4160 tabernaculam
984 4094 1063 4176 eina,
1116 4092 1212 4156 dubie
1235 4093 1361 4175 quoties
1383 4114 1464 4173 opus
1488 4094 1601 4169 luerit,
1625 4114 1683 4158 nos
1706 4093 1765 4158 suh
1789 4095 1859 4158 eius
1881 4100 2084 4178 protectione

95 4187 125 4246 et
145 4181 292 4248 habdatt'o
314 4184 382 4248 eins
404 4185 438 4245 r'n
462 4181 548 4246 Sion.
589 4181 618 4245 4.
644 4180 721 4248 Illic
741 4182 835 4264 frepit
856 4180 989 4263 sapittas
1011 4199 1064 4242 ar·
1115 4178 1222 4242 salvos
1244 4198 1281 4241 ee
1304 4188 1392 4242 tutos
1415 4199 1494 4242 esse.
1538 4178 1624 4242 Nam
1651 4179 1678 4244 si
1709 4190 1874 4244 terrenum
1904 4186 2083 4249 sacrarium

95 4287 160 4343 aas,
182 4267 329 4349 clypeam,
352 4273 379 4332 et
397 4266 548 4350 alodiam,
572 4272 599 4331 el
620 4267 740 4332 bellam.
784 4265 884 4331 Setun.
926 4265 955 4329 5.
978 4263 1063 4328 Illa·
1115 4263 1361 4347 Hierosolymae
1384 4263 1522 4328 salutem
1546 4265 1672 4344 attulit,
1702 4286 1767 4328 non
1798 4267 1955 4331 minorem
1988 4269 2083 4334 hodie

94 4354 181 4433 nris,
202 4359 237 4418 tu
258 4354 407 4418 terribilis
425 4372 505 4433 prae
522 4352 677 4418 montibus
693 4352 840 4436 praedae.
874 4352 904 4416 6.
929 4348 1064 4432 Spoliali
1115 4369 1225 4414 curam
1261 4350 1363 4413 nostri
1397 4361 1488 4433 geret
1521 4371 1602 4432 quos
1635 4351 1669 4413 in
1710 4352 1832 4432 templa
1866 4351 1926 4416 sihi
1961 4354 2080 4437 eligere

96 4444 170 4504 sunt
190 4439 310 4504 robusti
330 4439 426 4521 eorda
449 4439 643 4503 dormierant
664 4459 806 4504 somnam
823 4457 929 4502 mam:
958 4442 1063 4499 elnon
1115 4436 1267 4517 dignatus
1289 4445 1340 4498 est
1363 4436 1395 4498 in
1419 4435 1535 4517 quibus
1557 4436 1787 4517 perspiritum
1818 4459 1914 4501 suam
1945 4438 2080 4504 habitet.

95 4525 278 4590 {nunaunt
306 4526 405 4590 eundi
433 4523 570 4589 hornines
599 4525 798 4606 fortitudinia
831 4541 943 4586 martae
975 4540 1061 4586 anae.
1115 4519 1263 4602 Simplex
1287 4521 1376 4584 urbis
1399 4541 1514 4585 nomen
1540 4521 1593 4586 bic
1616 4522 1764 4603 ponitur,
1794 4521 1876 4603 quod
1909 4525 2080 4606 antiquum

97 4609 126 4674 Ἰ.
142 4609 193 4674 Ab
210 4611 416 4692 increpatione
433 4615 496 4689 lna,
515 4609 605 4676 Deua
623 4611 726 4690 Iacob,
748 4610 843 4690 sopiti
860 4613 933 4672 sant
949 4626 1063 4672 curras
1114 4607 1214 4671 faisse
1236 4616 1370 4687 apparet
1392 4628 1433 4670 ex
1461 4608 1566 4688 capite
1589 4607 1729 4672 Genesis
1753 4607 1809 4684 14,
1842 4608 1890 4672 18.
1937 4609 2078 4688 Quidam

94 4701 248 4778 aequas.
1113 4712 1265 4756 successu
1289 4693 1444 4773 temporie
1466 4693 1679 4774 compositum
1703 4694 1802 4756 fuisse
1825 4714 1943 4758 nomen
1972 4698 2081 4760 existi·
2194 4750 2197 4764 .

1113 4789 1220 4853 ment,
1255 4778 1347 4858 quasi
1379 4777 1586 4843 Jebusalem:
1619 4778 1695 4860 quia
1723 4799 1841 4842 nomen
1875 4778 1936 4844 hoe
1968 4792 2080 4862 postea

181 4869 209 4931 1.
232 4866 406 4948 (Praefecto
427 4867 461 4931 in
485 4864 661 4951 Nepinotlr.)
700 4865 874 4930 Probabile
896 4873 945 4927 est
968 4863 1060 4928 Psel·
1112 4861 1218 4927 medio
1255 4873 1398 4944 tempore
1433 4864 1592 4943 obtinuit,
1625 4864 1709 4927 sicut
1739 4874 1827 4944 patet
1858 4886 1897 4928 ex
1929 4865 2077 4930 Indicum

95 4974 185 5018 mum
208 4951 296 5018 huuc
318 4953 416 5035 longe
439 4965 510 5035 post
533 4962 669 5017 mortem
691 4951 831 5016 Davidis
854 4952 953 5014 fuisse
975 4970 1060 5014 eom·
1111 4948 1233 5030 oapi),
1258 4947 1299 5012 10
1327 4949 1412 5030 quod
1443 4970 1515 5012 eam
1537 4949 1717 5013 incolerent
1739 4969 1776 5012 ao
1800 4960 1949 5014 tenerent
1973 4951 2077 5017 Jehu·

95 5041 249 5121 positum:
280 5037 416 5120 ideoque
439 5049 554 5120 putant
576 5037 726 5102 nonnulli
750 5037 917 5101 historiam
942 5036 1058 5098 libera·
1110 5036 1185 5099 saei.
1231 5034 1365 5097 Rectior
1395 5049 1504 5098 tamen
1536 5044 1585 5111 est
1615 5034 1810 5116 etymologia
1840 5037 1979 5100 averho
2009 5049 2078 5120 κη»

94 5124 190 5189 tionis
224 5124 362 5190 describi
403 5145 486 5206 quae
520 5124 656 5207 contigit
695 5123 754 5187 sub
796 5143 872 5206 rege
906 5121 1060 5204 losephet
1111 5119 1194 5201 quod
1217 5130 1268 5183 est
1290 5118 1429 5183 videbit:
1454 5121 1528 5202 quia
1551 5120 1679 5183 dixerat
1704 5118 1879 5197 Abraham,
1902 5120 1992 5187 Deus
2016 5124 2081 5192 sihi

94 5224 207 5275 contra
228 5210 443 5274 Ammonitas.
478 5211 549 5292 Ego
571 5219 678 5274 autem
697 5209 730 5272 in
750 5207 914 5272 diversam
933 5218 1059 5289 partem
1083 5194 1087 5291 l
1110 5206 1304 5271 sacrificium
1330 5204 1459 5282 videbit,
1484 5205 1568 5271 Gen.
1591 5205 1643 5288 22,
1666 5206 1696 5272 8.

166 5311 275 5366 (laloini
293 5327 386 5380 opera.
424 5309 484 5394 va.
499 5309 615 5366 XXXI.
1839 5306 1875 5363 45
