4658 5856
1062 310 1279 381 PSALMUS
1301 311 1365 377 IX.
2153 308 2217 375 104

217 322 281 389 103

215 510 281 593 plis
319 507 451 592 agnosci
492 505 583 571 velit.
628 509 739 588 Atque
774 504 893 567 iterum
926 501 1071 568 inculcat
1104 500 1190 583 quod
1245 499 1399 564 Psalmus
1428 500 1560 564 demum
1589 499 1776 583 precatione
1807 495 1985 563 claudetur.
2029 490 2105 563 Non
2136 515 2216 581 ergo

217 595 309 678 prius
340 590 445 674 attigi,
476 592 585 656 Deum
614 610 681 655 non
710 607 840 669 semper
861 595 999 663 mature,
1026 593 1066 651 ut
1086 585 1190 652 velle·
1242 584 1296 649 hio
1325 584 1432 649 obiter
1458 585 1577 650 inserit
1606 580 1690 666 qnae
1719 584 1810 667 prius
1831 582 1920 647 inter
1941 581 2048 647 media
2070 583 2215 665 pericula

216 697 299 754 mus,
323 694 495 742 occurrere
513 675 652 758 iniuriis,
675 693 780 757 neque
796 674 885 736 inter
902 673 974 754 ipsa
990 672 1083 735 initia
1099 671 1190 735 fran·
1241 676 1275 733 et
1296 680 1485 735 ouras-vota
1507 678 1707 753 conceperat:
1738 667 1856 734 sodex
1874 668 2017 752 professo
2036 668 2100 732 Dei
2116 686 2213 750 opem

215 780 293 846 gere
315 761 490 842 impiorum
512 767 668 827 conatus:
696 758 752 824 sed
777 758 887 840 potius
909 756 1070 821 auxilinm
1092 775 1188 821 suum
1240 754 1405 837 implorat,
1428 755 1577 838 petitque
1599 764 1637 820 ut
1657 754 1744 819 idom
1765 753 1831 834 illo,
1853 772 1949 836 quem
1972 772 2070 835 saepe
2093 752 2211 817 libera·

215 847 424 928 suspendere,
453 855 490 911 ut
520 847 632 911 irritus
661 842 768 909 videri
794 842 897 925 possit
917 841 1041 907 elamor
1063 849 1187 905 nester:
1240 844 1345 904 torem
1363 850 1435 904 erat
1452 848 1617 923 expertus,
1636 840 1763 923 gratiae
1781 858 1861 904 suae
1878 858 2013 903 cursum
2030 837 2210 903 continuet.

214 931 301 1013 quod
326 941 437 996 tenere
459 928 739 1014 operaepretium
762 936 828 993 est:
862 947 940 991 nam
962 927 989 992 si
1011 924 1074 991 Dei
1095 925 1189 989 auxi·
1239 923 1289 989 Ae
1317 925 1388 988 fleri
1416 932 1523 1007 potest
1552 935 1589 990 ut
1619 925 1727 989 hostes
1749 924 1816 988 iam
1838 923 2010 1005 aliquoties
2031 923 2118 1002 vieti,
2149 922 2213 988 ool·

215 1016 297 1080 lium
317 1016 471 1080 metimur
492 1036 590 1081 sensu
608 1020 731 1092 nostro,
753 1012 892 1078 subinde
910 1010 1003 1077 nobis
1021 1010 1189 1076 labascent
1239 1008 1333 1075 lectis
1354 1012 1450 1075 novis
1472 1010 1598 1076 viribus
1621 1020 1653 1075 et
1676 1010 1802 1085 animis,
1825 1017 1972 1074 extrema
1994 1006 2211 1074 tentaverint:

215 1100 327 1179 animi,
358 1122 418 1167 nee
440 1099 571 1165 tandem
594 1106 723 1183 guttam
746 1099 849 1163 bonae
870 1097 941 1179 spei
962 1095 1186 1162 retinebimus.
1239 1104 1277 1158 ut
1294 1114 1392 1178 saepe
1409 1093 1561 1160 videmus
1582 1094 1769 1176 desperatos
1787 1093 2022 1159 tumultuosius
2040 1101 2074 1157 et
2088 1093 2211 1157 maiore

216 1185 388 1251 Vellcmns
428 1184 479 1269 (ut
518 1184 608 1333 dixi}
632 1184 740 1266 ipsum
772 1182 886 1266 procul
919 1190 1054 1246 extenta
1086 1200 1188 1244 manu
1238 1180 1362 1262 impetn
1384 1179 1505 1246 furere.
1551 1179 1688 1245 Oertum
1711 1179 1842 1262 quidem
1860 1186 1920 1263 est,
1941 1199 2041 1262 quum
2059 1184 2212 1260 praeatus

215 1281 421 1339 antevertere
442 1288 522 1352 quas
544 1290 586 1334 no
608 1270 637 1334 is
660 1269 771 1353 parari
792 1268 883 1333 videt
905 1266 1087 1332 molestias:
1118 1266 1187 1347 ipse
1239 1274 1288 1329 est
1315 1264 1436 1342 David,
1470 1265 1616 1330 oblatum
1645 1264 1744 1331 luisse
1766 1264 1814 1329 illi
1835 1265 2017 1329 maximum
2041 1273 2211 1340 terrorem,

215 1364 325 1420 autem
355 1353 547 1433 dissimulat,
578 1375 637 1420 uee
659 1352 897 1436 prohibetque
920 1353 1029 1416 minus
1050 1350 1186 1434 sanguis
1239 1369 1347 1432 neque
1376 1351 1465 1415 enim
1494 1347 1552 1415 abs
1583 1371 1619 1414 re
1649 1351 1755 1414 Deum
1785 1371 1864 1416 suae
1886 1349 2071 1416 afflictionis
2094 1356 2211 1413 testem

215 1441 370 1505 innoxius
389 1438 556 1516 fundatur,
578 1437 636 1504 sed
655 1440 736 1504 haec
754 1438 931 1504 consolatio
946 1458 1004 1502 nos
1017 1437 1187 1514 sustineat,
1239 1434 1386 1500 advocat.
1431 1434 1623 1500 Notandum
1646 1443 1756 1499 autem
1779 1443 1838 1512 ιιι,
1861 1434 1941 1499 dum
1963 1433 2004 1498 ad
2027 1433 2092 1498 Dei
2113 1433 2212 1497 mise-

215 1525 301 1607 quod
323 1523 454 1588 tandem
477 1525 607 1605 reipsa
628 1523 789 1602 ostendet,
811 1521 1187 1605 pretiosnmsibiluisse
1239 1519 1411 1584 ricordiam
1448 1520 1638 1605 suppliciter
1673 1519 1829 1603 confugit,
1865 1540 1968 1602 aequo
2002 1528 2035 1584 et
2063 1518 2214 1583 modesto

214 1609 408 1691 sanguinem
442 1618 601 1673 nostrum.
645 1607 684 1673 Si
713 1608 787 1691 quis
814 1606 955 1686 obiiciat,
985 1626 1092 1672 serum
1115 1625 1186 1669 esse
1238 1605 1348 1668 animo
1370 1626 1499 1671 crucem
1518 1605 1580 1670 sibi
1598 1606 1784 1688 impositam
1803 1604 1900 1670 ferre.
1945 1603 2012 1670 Sed
2030 1605 2064 1668 in
2085 1603 2214 1685 primis,

213 1692 276 1758 Dei
318 1692 478 1757 auxilinm
521 1702 693 1775 postquam
727 1693 824 1757 malis
856 1692 1009 1757 omnibus
1041 1690 1186 1756 defuncti
1238 1689 1419 1754 notandum
1448 1699 1499 1754 est
1533 1690 1714 1772 epithetum
1744 1711 1809 1773 quo
1838 1690 1945 1755 Deum
1974 1697 2078 1766 ornat,
2114 1708 2212 1753 suum

213 1778 333 1843 simus:
357 1777 549 1861 respondeo,
573 1779 681 1861 ipsum
704 1798 769 1843 non
792 1779 880 1842 ultra
900 1780 1068 1860 quiescere
1088 1795 1185 1858 quam
1238 1772 1452 1839 exaltatorem
1486 1797 1506 1840 a
1540 1775 1642 1857 portis
1670 1776 1786 1840 mortis
1819 1794 1950 1853 vocaus,
1985 1793 2091 1855 neque
2122 1774 2212 1837 euim

213 1863 306 1928 nobis
337 1861 417 1927 utile
445 1871 496 1927 est
522 1864 582 1927 snb
612 1884 707 1929 eruce
729 1862 907 1941 humiliari,
937 1880 998 1925 nee
1019 1860 1093 1924 ideo
1114 1860 1187 1924 rin·
1237 1857 1355 1924 melius
1378 1879 1497 1924 nomen
1519 1860 1660 1926 occurrit
1681 1881 1740 1942 pro
1763 1858 1926 1925 Hebraico
1948 1871 2087 1943 pum.
2125 1857 2214 1922 Nam

213 1946 333 2013 dietam
356 1947 479 2011 auxilio
501 1946 675 2029 praeferre,
711 1950 804 2031 quasi
827 1967 891 2011 non
912 1966 1042 2030 semper
1063 1944 1103 2008 ad
1126 1963 1187 2007 noe
1238 1944 1343 2026 primo
1370 1944 1468 2009 fidem
1497 1966 1590 2010 suum
1622 1945 1662 2010 ab
1693 1944 1894 2027 experientia
1924 1950 2105 2021 confirmat,
2134 1944 2214 2025 qnia

212 2030 371 2097 iuvandos
394 2032 603 2098 voluntarius
621 2034 664 2098 sit
682 2053 719 2099 ιι
738 2041 887 2115 paratus:
910 2031 968 2096 sed
987 2032 1064 2113 quia
1081 2028 1187 2093 mani·
1238 2049 1336 2112 saepe
1370 2039 1502 2113 ereptus
1535 2031 1640 2094 fuerat
1672 2050 1690 2093 a
1722 2031 1861 2095 summis
1889 2029 2057 2113 perieulis:
2093 2026 2214 2093 deinde

212 2117 382 2181 testandae
403 2118 528 2198 gratiae
551 2137 619 2181 non
641 2138 772 2200 semper
792 2117 948 2181 idoneum
971 2135 1041 2181 esse
1060 2123 1187 2195 tempus
1238 2114 1376 2178 salutem
1400 2115 1462 2179 sibi
1486 2116 1645 2197 promittit
1668 2116 1701 2179 in
1724 2114 1805 2199 ipsis
1823 2116 1936 2180 mortis
1955 2113 2115 2189 saucibus,
2138 2112 2215 2195 quia

214 2201 373 2284 agnoseit.
429 2201 567 2265 Interim
603 2201 665 2266 hoe
698 2203 865 2285 singulare
898 2211 948 2266 est
986 2221 1052 2264 non
1092 2198 1188 2263 modo
1239 2201 1447 2265 consueverit
1468 2199 1560 2263 Deus
1583 2221 1647 2264 non
1671 2209 1799 2263 tantum
1822 2201 1950 2264 usitatis
1973 2198 2077 2264 modis
2100 2217 2214 2263 servos

212 2286 343 2369 paterni
366 2287 436 2350 eius
457 2306 536 2368 erga
557 2307 617 2351 nos
640 2289 770 2365 ameris,
793 2287 850 2351 sed
872 2295 905 2351 et
922 2284 1035 2351 beatae
1053 2284 1187 2348 immor·
1239 2305 1315 2350 suos
1345 2285 1466 2364 invare,
1497 2303 1674 2367 eorumque
1703 2284 1800 2349 malis
1827 2284 1959 2361 mederi,
1993 2283 2049 2349 sed
2078 2284 2167 2366 ipsos
2196 2301 2215 2345 e

214 2370 357 2435 tabilitas
387 2371 622 2448 testimoninm,
659 2372 743 2454 quod
778 2380 926 2436 mortuos
955 2371 1053 2434 etiam
1082 2378 1187 2435 ourat.
1240 2369 1390 2453 sepulcro
1412 2369 1560 2448 educere,
1583 2379 1753 2452 postquam
1777 2390 1850 2452 spes
1873 2372 1961 2434 vitae
1984 2369 2132 2452 praecisa
2151 2375 2211 2432 est.

126 2478 129 2485 ·
213 2456 299 2520 Nam
333 2456 361 2519 si
393 2457 499 2539 gratia
531 2477 591 2521 sua
624 2478 683 2523 nos
715 2478 845 2540 semper
890 2457 1081 2532 raeveniret,
1114 2454 1187 2535 quis
1240 2454 1359 2518 Portas
1399 2455 1485 2518 enim
1519 2455 1634 2520 mortis
1667 2454 1887 2537 metaphorice
1919 2455 2062 2537 appellat
2095 2452 2214 2517 ultima

212 2560 278 2605 uon
298 2542 416 2607 affixus
434 2550 520 2607 esset
538 2542 706 2623 praesenti
723 2541 833 2606 vitae?
865 2478 931 2606 ded
950 2540 1027 2603 dum
1046 2548 1186 2602 mortem
1240 2539 1406 2603 discrimia
1427 2560 1510 2621 quae
1533 2539 1704 2604 interitum
1726 2541 1906 2622 minantur,
1939 2541 2005 2603 imo
2027 2539 2094 2603 iam
2118 2556 2213 2619 aper·

213 2635 356 2690 nostram
390 2625 567 2704 ulciscitur,
606 2625 684 2690 hino
716 2632 851 2706 apparet
883 2642 992 2690 eoram
1024 2623 1096 2704 ipso
1128 2642 1187 2686 nos
1240 2633 1311 2687 tum
1340 2624 1527 2705 sepulerum
1558 2632 1735 2689 ostentant.
1785 2625 1875 2707 Ergo
1906 2647 1946 2690 ne
1978 2624 2027 2689 vel
2051 2622 2212 2688 malorum

211 2731 344 2775 manere
384 2711 584 2791 superstites,
628 2729 734 2791 neque
772 2711 860 2773 enim
894 2709 1062 2772 hominum
1096 2726 1187 2771 more
1238 2709 1459 2792 praesentium
1478 2709 1631 2791 gravitas,
1655 2710 1706 2775 vel
1725 2710 1983 2792 impendentium
1995 2707 2212 2773 metusiidem

212 2795 287 2857 oolit
310 2814 424 2858 eorum
446 2794 638 2858 memoriam
661 2813 744 2875 quos
766 2813 900 2858 servare
923 2793 1016 2859 vivos
1040 2813 1106 2856 non
1128 2811 1186 2875 po·

213 2879 290 2940 tuit:
325 2878 381 2941 sed
412 2898 448 2941 re
477 2878 547 2960 ipsa
576 2877 691 2961 probat
712 2878 816 2943 foveri
838 2879 872 2941 in
895 2898 956 2942 suo
977 2876 1051 2942 siun
1074 2886 1107 2940 et
1130 2896 1185 2940 eu-

212 2960 318 3027 stodia
356 2963 411 3042 qui
452 2963 607 3027 videntur
644 2961 823 3029 secundum
856 2982 989 3029 carnem
1022 2962 1185 3027 exstincti.

212 3046 304 3110 Haeo
333 3048 416 3109 ratio
447 3056 497 3112 est
526 3066 585 3112 eur
613 3047 699 3113 dieat
729 3047 849 3125 David,
884 3048 990 3130 ipsum
1023 3045 1186 3112 recordari

213 3131 394 3213 sauguinis,
428 3130 507 3195 dum
539 3153 616 3196 eum
650 3133 802 3217 requirit:
836 3135 914 3216 quia
947 3132 1021 3196 lieet
1054 3152 1130 3196 suos
1152 3131 1186 3194 in

1240 2803 1387 2858 nostram
1417 2793 1597 2873 absorbeat,
1632 2795 1685 2860 vel
1719 2815 1832 2877 preces
1865 2804 1993 2861 nostras
2025 2793 2211 2874 abrumpat:

1240 2900 1431 2944 revocemus
1449 2880 1482 2942 in
1502 2880 1702 2954 memoriam,
1722 2901 1788 2945 non
1808 2881 1910 2945 frusta
1928 2879 1989 2944 boo
2006 2878 2080 2944 Deo
2092 2898 2213 2943 munus

1239 2963 1386 3042 adscribi,
1409 2963 1493 3046 quod
1515 2986 1590 3029 suos
1613 2965 1749 3030 extollat
1770 2984 1789 3029 ι
1811 2966 1913 3048 portis
1935 2964 2060 3029 mortis.

1327 3048 1377 3114 15.
1400 3048 1460 3133 (Ut
1481 3049 1628 3136 recitem.)
1672 3050 1870 3132 Quanquam
1900 3049 2093 3132 simpliciter
2115 3045 2212 3111 intel·

1239 3133 1313 3217 ligit
1347 3132 1463 3210 David,
1498 3155 1556 3216 per
1589 3157 1701 3201 omnes
1734 3143 1854 3207 coetus,
1887 3145 1920 3200 st
1943 3134 2128 3216 ubieunque
2149 3130 2214 3196 erit

212 3217 283 3299 ipso
301 3215 439 3280 articulo
457 3237 498 3282 ex
517 3216 690 3299 impiorum
709 3218 826 3303 gladiis
844 3239 908 3283 non
925 3216 1050 3294 liberet,
1072 3214 1187 3282 caedes
1240 3217 1383 3282 maxima
1413 3220 1524 3303 populi
1553 3222 1743 3302 frequentia,
1776 3240 1810 3284 se
1839 3218 1904 3284 Dei
1933 3218 2048 3284 laudes
2068 3215 2213 3282 celebra·

213 3309 324 3366 tamen
357 3301 480 3366 inultas
515 3323 580 3366 non
614 3304 747 3385 patitur.
803 3304 929 3368 llodem
962 3311 996 3367 et
1024 3301 1187 3385 posterius
1240 3312 1351 3368 turum
1381 3300 1473 3389 (quia
1496 3313 1574 3369 tune
1596 3307 1631 3369 in
1654 3306 1756 3388 portis
1778 3304 1927 3370 solebant
1949 3324 2046 3388 agere
2068 3322 2213 3369 eonven-

212 3384 397 3450 membrum
420 3395 553 3467 speetat,
576 3407 638 3452 stoa
658 3388 800 3453 oblivisci
821 3389 984 3453 clamoris:
1014 3388 1091 3469 quia
1113 3387 1189 3451 lieet
1238 3388 1304 3475 tus)
1334 3390 1465 3454 videtur
1495 3399 1604 3455 tamen
1633 3391 1748 3456 allusio
1778 3410 1848 3456 esse
1877 3389 1919 3455 ad
1948 3397 2058 3472 portas
2087 3386 2213 3462 mortis,

213 3470 254 3533 ad
284 3489 419 3534 suorum
453 3471 676 3552 querimonias
705 3493 770 3536 non
807 3474 919 3536 statim
957 3492 992 3536 se
1021 3472 1188 3535 attendere
1238 3496 1275 3539 ae
1303 3475 1331 3539 si
1354 3473 1499 3554 dixisset,
1528 3485 1701 3558 postquam
1724 3485 1856 3558 ereptus
1878 3484 1928 3540 est
1951 3497 1969 3539 a
1991 3472 2151 3556 sepulcro,
2178 3488 2214 3534 ιι

214 3555 331 3619 affeetu
360 3554 494 3637 probet:
525 3555 657 3619 tandem
686 3577 706 3619 a
734 3576 769 3622 se
799 3556 988 3621 observatas
1010 3555 1110 3619 fuisse
1132 3554 1187 3619 de·
1238 3559 1392 3623 daturum
1421 3580 1554 3625 ueram
1584 3570 1621 3625 ut
1650 3560 1713 3624 Dei
1743 3560 1882 3643 gratiam
1915 3560 1950 3623 in
1973 3559 2118 3622 maxima
2139 3556 2212 3620 luce

215 3648 387 3706 monstrat.
444 3639 606 3705 (ilumeris
640 3660 719 3705 vero
753 3641 874 3705 diserte
906 3643 943 3705 fit
976 3640 1109 3736 mentio,
1153 3647 1189 3736 nt
1239 3651 1386 3709 testetur.
1430 3580 1496 3709 §ed
1518 3645 1595 3727 qnia
1617 3665 1682 3709 non
1705 3646 1835 3722 sufficit,
1870 3646 1932 3711 Dei
1955 3642 2067 3710 laudes
2088 3644 2125 3708 in
2147 3643 2213 3706 lin·

213 3734 290 3789 ιιιι
311 3746 380 3803 ιιι,
404 3727 555 3809 gemitus,
572 3736 607 3790 et
628 3743 742 3807 preces
764 3725 806 3790 ad
832 3724 938 3790 Deum
957 3723 1100 3806 dirigant
1116 3742 1187 3804 qm·
1241 3727 1315 3812 guis
1344 3729 1465 3794 nostris
1492 3748 1619 3812 sonare,
1652 3728 1716 3794 nisi
1743 3751 1785 3794 ex
1814 3732 1924 3795 animo
1952 3729 2213 3812 proficiscantur,

154 3816 158 3825 '
214 3829 342 3891 cunque
372 3830 449 3876 enm
479 3810 617 3893 eupiunt
645 3813 767 3875 sentire
797 3808 1005 3875 liberatorem
1036 3817 1093 3873 aut
1116 3808 1190 3873 vin·
1241 3811 1373 3875 additur
1402 3813 1539 3878 interior
1566 3814 1698 3889 laetitia,
1730 3835 1767 3880 ae
1796 3817 1823 3880 si
1846 3815 1990 3892 dixisset,
2020 3814 2213 3878 uenalium

216 3892 330 3957 dicem.
1241 3897 1275 3960 in
1309 3897 1408 3960 finem
1440 3897 1503 3962 sibi
1536 3899 1569 3962 in
1602 3898 1712 3963 animo
1745 3921 1823 3978 esse,
1856 3900 2021 3983 praesenti
2048 3900 2117 3964 vita
2138 3897 2214 3975 frui,

1241 4002 1339 4063 quam
1372 3993 1408 4044 ut
1441 3980 1581 4064 gaudem
1612 4002 1648 4046 ιι
1682 4005 1701 4047 a
1735 3984 1805 4048 Deo
1827 3995 1991 4050 servatum
2014 4004 2094 4050 esse.
2139 3981 2216 4048 Sub

304 4064 353 4125 14.
378 4063 532 4130 anserem
552 4068 614 4131 mei
637 4067 762 4145 Iehovu,
784 4066 855 4130 vide
872 4063 1073 4146 afflictionem
1089 4080 1191 4125 meam
1240 4065 1329 4130 filiae
1347 4065 1489 4144 nomine,
1512 4066 1668 4151 populum
1687 4067 1739 4132 vel
1756 4069 1919 4134 civitatem
1937 4068 2077 4151 intelligi
2097 4077 2214 4131 notum

216 4145 256 4210 ub
287 4148 332 4210 ιιι
361 4149 417 4227 qui
448 4168 497 4212 me
526 4156 765 4231 persequenter,
800 4156 834 4213 tu
863 4150 918 4228 qvi
951 4167 999 4212 me
1031 4146 1191 4213 ιιιῑιιιι
1242 4159 1300 4227 ιιι,
1323 4152 1380 4215 sed
1403 4151 1516 4216 urbem
1539 4152 1644 4234 ipsam
1667 4171 1687 4214 ι
1708 4155 1882 4236 praecipua
1899 4163 1993 4238 parte
2011 4151 2214 4217 denominat.

210 4232 316 4313 portia
344 4233 469 4295 mortis:
514 4232 565 4296 15.
595 4234 781 4300 Ut-rect'tem
804 4251 909 4296 omnes
929 4231 1041 4297 laudea
1062 4237 1134 4296 tuos
1155 4233 1189 4296 in

210 4318 316 4397 potem
335 4314 422 4395 tiliae
445 4316 532 4394 Sion,
557 4320 708 4384 ιιιιιῑιιιι
728 4319 765 4382 ia
785 4316 884 4382 aulam
904 4320 969 4380 tua.
1332 4321 1380 4383 16.
1405 4317 1576 4385 Βιιιινιαι
1601 4323 1676 4384 susa
1702 4327 1808 4403 pontes
1829 4324 1865 4386 ιιι
1884 4322 2004 4403 foveam
2023 4341 2118 4403 queam
2137 4319 2218 4401 (eoe-

1242 4408 1334 4468 runt:
1357 4405 1392 4468 ia
1409 4408 1473 4468 reto
1489 4405 1571 4485 quod
1589 4403 1823 4490 abscondenti,
1842 4413 1951 4486 coptus
1966 4412 2011 4472 eat
2021 4425 2080 4488 pce
2097 4423 2216 4470 em.

235 4532 239 4539 .
305 4484 355 4547 14.
387 4482 555 4567 (Miserere
575 4483 662 4569 mei.)
711 4485 808 4551 Hane
838 4483 991 4548 existimo
1013 4483 1190 4548 secundam
1245 4488 1294 4552 l'l.
1333 4488 1509 4553 Notescet
1541 4487 1656 4554 Iobooo
1687 4492 1842 4557 iudicium
1873 4492 2032 4572 fouendo:
2064 4492 2098 4554 in
2126 4508 2219 4573 opere

218 4588 290 4634 esse
323 4583 449 4650 partem
483 4569 617 4634 Psalmi.
673 4568 759 4635 Aliis
792 4588 886 4635 secus
917 4567 1057 4644 videtur,
1102 4566 1190 4651 quod
1243 4591 1394 4637 manuum
1427 4592 1561 4637 sacrum
1592 4573 1781 4657 illaqueatas
1812 4581 1858 4642 cst
1890 4577 2017 4658 impiae.
2072 4574 2219 4658 Hipot'oa

218 4654 339 4719 seilicet
372 4653 482 4719 David
516 4664 552 4718 ut
583 4653 776 4735 plerumque
808 4652 900 4727 solet,
935 4653 1019 4716 inter
1047 4651 1190 4734 agendas
1244 4655 1346 4721 Solet.
2195 4654 2197 4658 ”

219 4740 342 4822 gratias
367 4739 464 4804 simul
494 4739 593 4802 otiam
623 4747 737 4803 narret
762 4736 841 4820 quid
864 4738 949 4800 iuter
970 4738 1056 4817 ipsas
1079 4756 1190 4801 neees-

219 4825 325 4888 sitatis
358 4824 531 4907 angustias
564 4832 714 4904 precatus
745 4825 805 4886 sit:
838 4830 873 4885 st
904 4823 1006 4885 fateor
1033 4821 1190 4885 eiusmodi

1330 4826 1379 4888 16.
1404 4823 1590 4908 (Demersus
1611 4830 1706 4916 ιιιιι.)
1749 4831 1821 4895 Ιιιι
1844 4830 1963 4904 David,
1986 4830 2105 4896 fiducia
2125 4848 2219 4895 eree-

218 4906 369 4989 exempla
397 4909 517 4992 passim
554 4926 731 4973 occurrere.
783 4905 850 4971 Sed
881 4904 957 4969 dnm
984 4924 1097 4969 omnes
1126 4907 1191 4971 oir·
1244 4915 1307 4987 tus,
1348 4908 1497 4975 hostibus
1535 4913 1604 4977 suis
1636 4915 1784 4980 insultat.
1828 4916 1877 4981 Ae
1910 4916 2052 4998 primum
2085 4914 2220 4996 quidem

219 4994 434 5059 oumstantias
463 4993 614 5077 proprius
636 4990 795 5073 expendo,
823 4991 858 5053 in
879 4988 1040 5054 diversam
1063 4999 1190 5071 partam
1242 4991 1464 5075 metaphorice
1497 4994 1584 5073 dicit,
1626 5002 1756 5081 propria
1786 5021 1839 5065 eos
1873 5000 1993 5065 astutia
2025 5007 2058 5063 et
2091 4998 2222 5065 insidiis

219 5076 379 5140 inclinare
396 5097 509 5162 cogor:
531 5076 690 5160 principio
707 5075 831 5140 seilicet
849 5070 1055 5139 oollntassibi
1068 5073 1192 5153 gratias
1244 5074 1346 5141 fuisso
1376 5076 1528 5145 irretitos.
1573 5080 1702 5148 Deinde
1730 5085 1791 5150 hoe
1820 5085 1905 5149 idem
1933 5086 2005 5149 sine
2031 5086 2140 5169 figura
2162 5104 2222 5150 ex·-

220 5160 409 5242 oelsbrasae,
430 5174 467 5227 ut
488 5165 575 5230 viam
598 5160 659 5227 sibi
678 5160 719 5225 ad
737 5158 900 5225 orandum
919 5167 1091 5235 sterneret,
1116 5175 1190 5221 nam
1244 5160 1368 5241 primit,
1391 5162 1477 5246 quod
1499 5165 1534 5229 iu
1557 5186 1618 5233 suo
1640 5168 1763 5234 seelera
1784 5168 1950 5250 illaqueati
1971 5170 2106 5235 inerint.
2147 5169 2223 5235 Hoo
