4658 5856
941 315 1157 385 Petamus
1178 316 1378 386 LXXXIX.
2099 319 2160 385 812

1188 504 1274 573 deris
1291 509 1458 589 memoria,
1480 522 1519 576 ut
1538 508 1654 575 fideles
1671 516 1785 575 contra
1803 528 1923 593 graves
1940 509 2161 574 tentationum

431 589 636 660 Pennus
658 589 863 658 LXXXIX.
1187 592 1356 660 machinas
1384 594 1482 660 fidem
1505 615 1600 660 suam
1630 593 1807 660 stabiliant
1850 594 1937 660 Nam
1960 594 2014 660 uhi
2038 614 2099 657 nas
2121 594 2161 657 ad

1187 679 1388 761 precandam
1412 680 1623 764 accingimus,
1644 680 1724 746 siin
1743 680 1813 762 ipso
1831 680 1994 746 vestibulo
2011 690 2163 746 occurrat

161 760 248 815 ABG.
267 761 407 831 Propheta
429 762 552 830 quisquis
576 762 659 815 inerit
682 762 783 815 Psalmi
807 768 895 831 autor,
923 761 980 816 Dea
1004 762 1138 883 susspliea·
1188 763 1383 847 desperatio,
1403 767 1437 832 vj
1456 778 1488 831 eq
1506 768 1633 849 impetu
1655 786 1867 850 perrumpere)
1886 785 2020 832 2000530
2038 775 2098 844 est,
2121 785 2162 829 ne

265 841 344 912 ΜΨ
363 847 413 900 pro
431 831 531 912 ΨΜ*
548 831 669 911 ⁰⁰⁰¹i³¹b
687 830 782 884 foedus
800 830 851 883 Μ
869 831 942 900 quod
960 847 1020 912 aum
1058 832 1138 916 aeide
1187 850 1380 916 flaaceeaant
1407 851 1519 930 animi,
1547 872 1744 934 prorsusque
1766 850 1930 917 deficiant.
1973 850 2161 917 Oonsiliam

264 906 416 968 pepigerat,
441 900 492 951 erbr
519 905 548 951 et
565 900 674 968 reliqum
698 899 732 951 ad
751 900 820 952 bene
844 899 972 967 sperandi
996 906 1136 953 matonam

265 970 404 1037 proponit.
440 967 642 1021 Commemorat
666 968 764 1021 deinde
786 968 813 1021 in
841 984 941 1036 genere
965 968 1015 1022 Dei
1040 974 1137 1036 poten·
1188 937 1469 1035 ⁰¹3⁰·P1'0Ph0t90
1490 937 1569 1035 fuit,
1595 937 1683 1036 inti?
1711 938 1784 1019 iim
1809 936 1971 1035 Pfinssipiss
2001 938 2108 1036 finpifl
2130 946 2164 999 et

266 1039 342 1103 tiam,
359 1053 429 1105 qnae
446 1037 611 1104 perspicitur
628 1037 658 1089 in
676 1044 736 1089 tate
753 1036 845 1089 mundi
863 1037 1077 1105 gubernatione:
1102 1037 1137 1091 ad
1188 1020 1301 1087 solidis
1322 1022 1457 1088 fultura
1479 1043 1609 1088 mamre
1629 1042 1760 1105 plorum
1783 1041 1918 1101 ammos,
1940 1029 1979 1087 ut
1999 1021 2064 1086 Det
2086 1042 2164 1106 pro·

265 1107 333 1157 haee
351 1106 384 1158 ad
403 1105 598 1172 redemptionis
615 1108 773 1158 memoriam
792 1105 940 1173 descendit,
959 1107 987 1158 in
1001 1104 1137 1174 quaDans
1189 1107 1343 1173 missione
1365 1107 1451 1186 freti,
1474 1128 1559 1192 quae
1579 1108 1647 1173 fere
1668 1108 1704 1172 jn
1726 1108 1868 1190 gpooiem
1889 1106 2086 1184 moment,
2113 1128 2164 1172 re.

265 1175 373 1253 paterni
399 1174 440 1226 sni
467 1189 531 1253 05⁸⁸
561 1174 676 1226 electum
706 1174 836 1254 t⁰t¹¹¹¹¹¹1¹
866 1174 966 1227 amoris
994 1181 1137 1228 ’ΨΜ
1188 1192 1292 1275 pulsis
1320 1193 1472 1259 omnibus
1501 1194 1721 1258 tentationum
1743 1192 1904 1259 machinis
1943 1192 2062 1276 quihus
2084 1214 2161 1277 gra·

265 1258 401 1311 speermen
426 1242 596 1294 exhibuerat.
631 1242 697 1295 inde
719 1248 819 1295 iterum
837 1243 872 1294 ad
889 1243 985 1296 foedus
1006 1260 1065 1295 cum
1084 1244 1136 1296 Da·
1905 1244 1914 1274 '

265 1312 327 1363 vide
344 1326 503 1378 percussum
521 1311 677 1373 revertitur,
697 1311 724 1363 in
737 1328 792 1379 quo
809 1311 946 1379 pollicitus
964 1312 1137 1365 lueratDeus
1190 1279 1279 1377 viter.
1294 1279 1540 1379 ⁰9n⁰¹¹⁸i⁰bfftu¹⁸
1563 1298 1676 1344 ⁰⁰¹'um
1703 1277 1793 1356 fidfflt
1821 1299 1889 1344 ⁰⁰¹²
1910 1277 2100 1344 dubitarent
2123 1279 2164 1344 de

265 1397 294 1433 se
320 1380 348 1432 in
376 1380 449 1446 regis
476 1379 595 1432 latorem
626 1380 727 1449 popula
757 1396 864 1448 semper
893 1381 952 1433 iore
977 1381 1135 1448 propitium.
1189 1385 1282 1448 regul
1311 1374 1549 1430 instauratione
1578 1366 1661 1429 bene
1691 1383 1836 1447 sperare,
1868 1370 1902 1429 eh
1930 1385 1990 1448 pro
2019 1385 2058 1429 ea
2083 1385 2165 1431 oon·

263 1447 382 1503 Tandem
407 1448 518 1501 subiicit
542 1448 757 1529 querimoniam,
778 1449 850 1528 qnod
867 1449 941 1501 Deus
967 1450 1044 1518 queri
1063 1451 1136 1517 paeri
1188 1459 1314 1514 stanter
1336 1452 1472 1533 precari.
1506 1451 1580 1515 Etsi
1602 1450 1704 1535 igitur
1726 1471 1768 1515 ex
1791 1450 1877 1515 tristi
1898 1451 2013 1515 ruinae
2035 1462 2165 1534 speeta-

1188 1535 1261 1601 aulo
1283 1557 1342 1619 pro
1365 1557 1465 1602 seusu
1484 1537 1591 1602 carnis
1613 1537 1772 1600 aaniicere
1793 1543 1921 1618 poterat
1938 1535 2054 1600 Ethan
2076 1557 2114 1600 se
2132 1549 2166 1601 et

1188 1621 1331 1704 reliquos
1353 1620 1466 1687 fideles
1487 1621 1588 1688 fuisse
1610 1620 1750 1697 delusos,
1773 1642 1808 1687 se
1827 1628 1937 1687 tamen
1956 1622 2020 1687 Dei
2039 1623 2167 1688 miseri·

249 1772 276 1832 υ·
307 1765 514 1831 Μηκ
541 1764 649 1831 ηη
678 1765 838 1833 a...
890 1767 920 1830 υ
950 1765 1138 1844 a...
1187 1707 1314 1858 titt
1327 1728 1419 1873 tt:
1441 1716 1521 1858 ta
1542 1718 1636 1858 tet
1652 1705 1888 1870 ,atrata
1903 1707 2164 1876 atleta

264 1518 306 1570 sni
324 1517 433 1578 obiitne,
453 1517 593 1570 ecelesiam
612 1526 732 1586 exponat
748 1533 892 1587 impiorum
912 1517 1027 1586 libidini,
1046 1534 1096 1572 nea
1108 1520 1136 1572 in

263 1587 336 1639 tristi
355 1586 485 1639 vastitate
504 1585 650 1654 quidquam
669 1587 729 1654 opis
747 1587 792 1639 vel
809 1587 900 1639 solatii
919 1586 1054 1640 ostendat.

161 1854 293 1920 Imm
322 1872 357 1916 Μ’
384 1856 541 1950 ‘imum
570 1851 707 1930 ⁶⁰⁹²⁸⁰b02
738 1874 772 1917 Μ
802 1856 931 1949 aetam?
959 1857 1137 1952 mmm
1187 1900 1340 1944 severum
1362 1887 1397 1945 et
1415 1877 1557 1962 rigidum
1578 1876 1817 1961 experiebatur,
1847 1878 2040 1944 elementem
2065 1901 2167 1963 agna·

160 1938 312 2006 oelebrm
334 1942 493 2036 vem-atem
514 1942 604 2034 tm
623 1957 676 2035 ,⁰⁷⁶
696 1958 769 2001 Μεθ’
805 1939 835 2002 3·
863 1938 1044 2037 dem’
1063 1961 1135 2038 ΡΨ·
1186 1983 1293 2030 saara:
1317 1975 1354 2030 ut
1372 1963 1457 2030 hanc
1475 1965 1690 2029 tentationem
1709 1964 1801 2045 copia
1818 1973 1851 2029 et
1868 1965 2012 2030 varietas
2035 1967 2163 2049 gratiae

154 2032 249 2124 pem.
277 2024 436 2123 demna
465 2022 695 2121 “⁰d⁸.fi⁰f⁸b²²“'³
721 2023 818 2089 ⁶⁰⁶l⁰⁸
844 2024 993 2102 Stabdws’
1021 2030 1137 2127 'imm
1186 2048 1252 2115 Dei
1291 2061 1442 2133 superet,
1485 2050 1547 2116 sihi
1589 2051 1624 2114 in
1665 2048 1781 2132 plurali
1825 2069 1962 2115 numero
2006 2054 2162 2133 proponit

158 2118 214 2177 tua
236 2132 271 2175 aa
293 2110 370 2175 elice.
413 2108 443 2171 4.
469 2108 582 2189 Peptpt
601 2108 712 2209 faedus
732 2129 802 2206 eam
823 2109 912 2175 eiecta
934 2129 1008 2189 mco,
1031 2131 1137 2176 cureat
1187 2134 1360 2201 bonitates·

161 2197 285 2263 Dm
312 2213 400 2259 sem
429 2213 502 2258 Μ·
541 2193 578 2292 .5·
610 2194 714 2293 [²⁸9².ae
735 2215 770 2258 Μ
793 2200 954 2261 maroam
975 2196 1136 2261 aetatem
1273 2222 1303 2286 3.
1336 2219 1437 2306 (Quia
1469 2219 1563 2306 dici.)
1613 2221 1789 2285 Rationem
1823 2222 1971 2305 assignat
2002 2242 2062 2287 aar
2095 2222 2162 2288 Dei

84 2312 88 2319 ¹
161 2302 263 2347 mn
292 2285 390 2357 umm’
419 2284 446 2342 εἰ
476 2279 644 2359 aedfifflbs'
672 2301 707 2344 m
737 2285 869 2346 “etatem
892 2286 920 2347 et
940 2286 1069 2347 aetatem
1089 2302 1137 2348 ⁸⁰·
1187 2306 1300 2373 laudes
1333 2309 1503 2373 continuet
1525 2309 1615 2371 inter
1651 2327 1703 2371 ree
1730 2306 1904 2386 adversas,
1936 2307 2013 2388 qaia
2042 2329 2084 2372 ne
2115 2311 2163 2374 sia

163 2368 244 2433 lium
265 2372 360 2431 fuum·
408 2363 509 2429 selah·
1186 2392 1317 2476 quidem
1341 2394 1492 2477 desperet
1512 2393 1622 2458 Deum
1644 2392 1712 2456 suis
1734 2393 1912 2475 propitium
1934 2393 2014 2470 fare,
2045 2413 2162 2475 quam·

1188 2480 1238 2543 vis
1260 2481 1407 2561 asperius
1425 2500 1479 2544 eos
1500 2478 1648 2562 castiget.
1684 2478 1797 2560 Neque
1821 2480 1908 2543 enim
1931 2498 1967 2543 as
1984 2479 2162 2562 qaisquam

250 2564 278 2629 1.
313 2561 534 2647 (Eraddivam
566 2561 697 2642 Ethan.)
753 2560 914 2641 Quisnam
947 2563 1048 2628 fuerit
1081 2563 1135 2628 hic
1188 2564 1289 2629 libere
1317 2566 1441 2650 aperiet
1462 2563 1502 2628 ad
1525 2563 1726 2630 laudandum
1749 2565 1873 2641 Deum,
1902 2563 1967 2628 niei
1992 2564 2049 2646 qni
2071 2576 2163 2630 certa

162 2649 294 2727 Ethan‚
327 2647 378 2715 cui
410 2646 608 2712 adscribitur
637 2646 805 2725 Psalmus,
840 2648 921 2712 mihi
954 2669 1021 2713 non
1055 2652 1135 2714 satis
1188 2670 1362 2732 persuasus
1385 2651 1457 2726 erit,
1485 2652 1583 2714 etiam
1607 2648 1684 2713 dum
1707 2650 1775 2713 suis
1796 2649 1956 2721 irascitur,
1987 2670 2164 2732 nunquam

163 2736 283 2818 liquet,
312 2753 390 2797 nam
413 2734 440 2795 si
464 2751 567 2796 unum
590 2752 660 2797 osse
690 2731 837 2797 dicamus
868 2753 910 2797 ex
932 2734 973 2799 iis
996 2745 1135 2815 quatuor
1187 2746 1358 2817 paternum
1381 2736 1534 2801 affectum
1552 2755 1681 2800 exuere.
1716 2733 1809 2799 Istud
1828 2736 1915 2799 enim
1932 2736 2044 2812 dicere,
2064 2737 2164 2802 cuius

163 2821 281 2904 quibus
299 2817 340 2881 ab
358 2817 539 2900 sapientiae
557 2819 788 2900 praestantiam
808 2818 976 2883 confertur
992 2817 1134 2897 Salomo,
1187 2820 1347 2898 meminit,
1378 2818 1568 2885 tantundem
1593 2821 1680 2886 valet
1701 2829 1798 2901 atque
1820 2821 1956 2886 infixum
1979 2822 2103 2887 habere
2126 2823 2162 2888 in

165 2908 195 2971 1.
216 2906 301 2989 Reg.
323 2903 354 2981 4,
377 2902 417 2966 31
442 2924 507 2968 nan
530 2901 705 2986 quadrabit
725 2906 759 2968 in
782 2905 852 2969 eine
874 2914 1014 2970 aetatem
1038 2927 1134 2990 argu·
1186 2907 1314 2971 animo:
1345 2907 1433 2971 acsi
1455 2903 1587 2982 diceret,
1617 2903 1774 2988 quidquid
1805 2908 1964 2972 haetenus
1993 2908 2162 2983 acciderit,

163 3005 322 3059 mentum.
362 2988 434 3053 Nisi
453 2987 537 3053 iarte
559 2987 729 3054 Salomoni
750 3000 926 3073 superstes,
950 2993 1078 3057 tristem
1101 3001 1135 3056 at
1186 2992 1247 3057 sihi
1277 3001 1388 3056 tamen
1419 3012 1485 3056 nan
1514 2991 1613 3056 fuisse
1635 3010 1809 3056 excussam
1832 2994 1956 3074 gratiae
1977 2991 2044 3056 Dei
2074 2993 2161 3059 fidu-

162 3080 342 3155 funestam,
375 3094 458 3158 quae
488 3086 566 3139 tunc
596 3075 725 3156 antidit,
759 3076 1018 3159 dissipationem,
1052 3097 1134 3161 quaa
1186 3079 1270 3145 ciam
1292 3077 1327 3142 in
1352 3077 1500 3142 futurum
1531 3087 1677 3160 tempus,
1710 3098 1808 3159 sequa
1837 3077 1962 3144 inhaa
1991 3080 2163 3160 proposita

161 3161 368 3249 praeludium
391 3171 462 3226 arat
480 3160 605 3238 ruinae,
628 3160 755 3226 defleat.
792 3162 865 3229 sai
886 3164 974 3228 enim
996 3163 1134 3247 papulae
1186 3173 1359 3230 staturum.
1403 3162 1592 3228 Notandum
1622 3183 1700 3227 vara
1731 3171 1796 3240 eet,
1829 3183 1895 3228 nan
1928 3164 2001 3228 sine
2032 3162 2164 3231 difficili

162 3252 199 3314 in
217 3249 297 3313 duas
315 3256 423 3329 partas
442 3245 575 3322 divisus,
594 3246 687 3312 stetit
704 3247 812 3314 adhuc
829 3249 1011 3332 incolumis,
1033 3270 1133 3333 quum
1186 3251 1366 3316 certamine
1387 3248 1580 3332 prophetam
1603 3248 1667 3313 fide
1689 3248 1875 3329 amplexum
1898 3269 1969 3314 esse
1983 3247 2049 3313 Dei
2071 3249 2164 3316 boni·

163 3344 274 3400 tamen
307 3331 479 3397 dissidium
512 3331 594 3396 illud
627 3335 786 3399 sancitam
820 3354 839 3396 a
870 3333 939 3399 Deo
973 3335 1134 3400 unitatem
1187 3344 1302 3413 mtem,
1330 3354 1413 3417 quae
1436 3345 1515 3399 tuna
1537 3354 1671 3416 prorsus
1701 3344 1896 3398 evanuerat:
1925 3343 1963 3399 at
1984 3332 2163 3414 discamus,

164 3419 382 3502 abrumperet,
406 3416 485 3499 quid
509 3418 616 3499 potnit
637 3420 706 3502 spei
724 3440 795 3485 esse
817 3420 1008 3485 residuum?
1040 3418 1135 3486 Adde
1186 3419 1366 3504 siquando
1389 3418 1516 3485 auferat
1539 3419 1632 3485 nobis
1653 3417 1747 3484 Dens
1770 3420 1881 3484 omnia
1909 3421 2029 3485 amoris
2052 3423 2162 3505 signa,

163 3506 251 3590 quad
275 3505 315 3569 ab
339 3523 404 3568 una
426 3503 541 3586 capite,
570 3523 675 3586 aquo
697 3505 807 3570 decem
830 3506 936 3572 tribus
958 3506 1056 3588 impia
1078 3506 1134 3570 de·
1187 3515 1330 3573 statuere
1352 3505 1521 3571 tamenin
1544 3504 1695 3570 cordibus
1710 3505 1833 3570 nostris
1854 3510 2014 3571 manum
2034 3507 2163 3572 macri-

163 3593 328 3670 fecerant,
367 3587 529 3672 pendebat
561 3589 651 3654 salus
683 3591 784 3656 totius
817 3593 970 3674 carparis.
1025 3591 1134 3672 Quam
1186 3594 1313 3660 cordiae
1334 3590 1511 3672 aediliciam
1529 3589 1569 3655 de
1586 3611 1650 3672 quo
1667 3589 1721 3656 hic
1739 3590 1862 3674 agitur:
1886 3613 1950 3675 qna
1967 3592 2165 3675 metaphora

164 3677 321 3744 horribile
350 3695 429 3741 vera
462 3685 649 3758 portentum
682 3675 761 3754 fuit,
795 3676 905 3742 statim
934 3689 1008 3760 past
1038 3678 1135 3743 nnius
1187 3680 1350 3760 significat
1371 3676 1530 3761 propheta
1568 3674 1632 3740 Dei
1655 3676 1912 3741 misericordiam
1941 3690 2165 3760 propagatum

164 3764 308 3830 hominis
330 3770 471 3826 aetatem
492 3781 626 3826 eernere
647 3782 788 3846 regnum
810 3762 901 3843 illud,
925 3764 1010 3846 quad
1033 3783 1135 3847 usqne
1187 3764 1243 3840 iri,
1266 3764 1320 3828 vel
1343 3763 1532 3829 continuam
1559 3761 1645 3841 iore,
1675 3761 1777 3828 donea
1798 3761 1840 3826 ad
1861 3762 1962 3828 finem
1984 3783 2082 3826 suum
2106 3766 2165 3831 val

164 3850 327 3917 adfinem
350 3846 466 3912 mundi
494 3846 662 3931 integrum
690 3849 806 3913 florere
830 3848 982 3926 debebat,
1015 3850 1136 3916 misera
1188 3850 1460 3932 complementum
1483 3848 1663 3932 perveniat.
1707 3847 1747 3912 In
1770 3847 1911 3913 seeundo
1932 3848 2079 3913 membro
2102 3851 2165 3915 ali·

164 3935 361 4002 laceratione
391 3932 557 3998 deforme?
591 3930 676 4012 Quis
705 3953 773 3998 nan
802 3942 949 4016 putasset
976 3934 1135 4001 lusorium
1188 3934 1266 4018 quid
1295 3933 1558 4000 subaudiendum
1600 3944 1665 3998 est:
1699 3934 1775 4016 quia
1803 3932 1869 3998 huo
1907 3954 2035 3999 summa
2065 3935 2163 4016 redit,

165 4030 199 4087 et
215 4022 314 4087 inane
330 4019 433 4085 fnisse
450 4018 620 4083 oraculum
640 4017 733 4095 illud,
755 4020 849 4085 auius
864 4018 945 4086 fides
960 4030 1027 4085 tam
1044 4020 1136 4088 brevi
1188 4041 1254 4086 non
1282 4021 1392 4085 minus
1420 4021 1489 4084 fare
1519 4017 1706 4084 stabilitatis
1732 4019 1766 4082 in
1790 4018 1852 4084 Dei
1883 4018 1964 4102 fide,
1997 4038 2094 4101 quam
2127 4024 2164 4086 in

164 4109 322 4188 temporis
351 4105 456 4188 spatia
485 4102 686 4187 pessundata
718 4104 811 4170 erat?
855 4106 945 4193 Ergo
974 4109 1001 4171 si
1031 4106 1136 4189 planet
1186 4108 1256 4191 ipsa
1278 4105 1448 4172 caelorum
1471 4103 1681 4183 eonietentia,
1715 4124 1800 4185 quae
1821 4114 1953 4169 aeterua
1974 4115 2033 4178 est,
2064 4117 2098 4169 et
2120 4108 2165 4174 ab

164 4192 277 4258 Ethan
310 4189 405 4255 illum
438 4189 563 4255 Psalmi
595 4188 695 4256 fuisse
727 4199 892 4270 autorem,
926 4192 1035 4257 licebit
1066 4194 1136 4257 eius
1188 4193 1278 4259 amni
1311 4192 1490 4256 mutatione
1522 4189 1689 4255 immanis.
1740 4188 1843 4254 Parra
1876 4189 1979 4254 coelas
2012 4190 2167 4276 intelligo

164 4276 384 4362 querimoniae
401 4275 435 4339 in
456 4285 585 4357 tempus
600 4275 684 4341 illud
699 4277 854 4357 canserre,
872 4298 937 4360 qua
954 4298 1021 4342 non
1039 4277 1136 4343 modo
1188 4299 1254 4343 non
1284 4276 1380 4341 moda
1407 4274 1571 4353 visibiles,
1600 4273 1658 4339 sed
1687 4274 1744 4358 qui
1773 4283 1876 4339 totam
1906 4273 2020 4339 mundi
2050 4278 2167 4343 arehi-

167 4362 401 4429 labafaotatum
430 4359 495 4423 fuit
516 4361 657 4427 Davidis
685 4361 814 4442 solium,
843 4364 900 4428 aed
928 4363 1031 4428 maior
1060 4384 1136 4446 pars
1188 4371 1348 4429 tecturam
1388 4370 1561 4445 superant:
1601 4360 1678 4442 quia
1715 4359 1770 4427 hia
1802 4359 1868 4426 Dei
1888 4361 2022 4426 'veritas
2060 4383 2168 4446 supra

165 4449 277 4533 populi
299 4468 335 4513 se
357 4467 376 4511 a
397 4443 471 4509 Deo
492 4444 657 4525 alienavit,
680 4448 861 4531 fratresque
884 4449 1007 4514 mutuis
1029 4458 1063 4515 at
1085 4451 1135 4514 in·
1187 4448 1303 4515 mundi
1336 4447 1498 4512 elementa
1530 4446 1564 4511 in
1593 4444 1725 4512 coelesti
1758 4447 1851 4530 regni
1881 4444 1946 4511 Dei
1977 4446 2082 4530 gloria
2112 4449 2167 4516 la·

165 4536 295 4601 testinis
317 4529 487 4598 discordiis
505 4550 541 4594 se
558 4531 717 4598 conficere
738 4543 924 4616 eoepernnt.
959 4535 1031 4619 Ego
1048 4544 1137 4601 certe
1187 4544 1292 4602 catur.

165 4621 201 4685 in
224 4643 259 4685 ra
281 4618 380 4685 dubia
401 4617 486 4682 nihil
508 4614 604 4680 video
631 4617 841 4698 probabilius.
884 4619 971 4685 Nam
1000 4620 1056 4703 qui
1077 4641 1136 4686 va·
1272 4619 1303 4684 4.
1327 4616 1452 4705 (Pepipi
1475 4614 1611 4702 foedata.)
1654 4615 1728 4697 Quo
1750 4638 1785 4683 ee
1806 4624 1840 4681 et
1860 4637 1974 4683 amnes
1995 4617 2068 4700 pios
2090 4641 2166 4687 me-

166 4707 240 4771 lunt
257 4706 375 4789 spiritu
399 4701 585 4787 prophetiae
606 4704 847 4785 praemonitum
865 4706 963 4770 fuisse
980 4706 1136 4788 populum
1187 4706 1252 4771 lius
1280 4707 1451 4771 confirmet
1479 4703 1514 4766 in
1536 4699 1600 4768 fide
1622 4702 1754 4781 araanli,
1784 4702 1994 4769 autoritatem
2021 4708 2168 4774 accersit

167 4792 207 4857 de
229 4791 349 4856 futuris
371 4789 531 4865 cladibus,
561 4787 656 4853 facile
685 4789 879 4855 refelluntur
905 4792 945 4855 ab
968 4791 1038 4874 ipso
1060 4813 1135 4857 aon·
1187 4814 1229 4858 ex
1248 4790 1311 4857 Dei
1329 4807 1477 4874 persona,
1500 4808 1597 4869 quem
1620 4786 1674 4851 hia
1695 4786 1881 4872 loquentem
1903 4787 2036 4855 inducit.
2073 4791 2165 4859 Nam

166 4886 270 4954 textu,
299 4875 355 4940 ubi
387 4874 508 4940 diserte
536 4876 682 4956 scriptor,
713 4873 857 4957 quiaquia
886 4876 1000 4957 fuerit,
1029 4888 1135 4942 muta·
1188 4877 1266 4960 quia
1287 4896 1331 4940 ex
1352 4894 1408 4940 ore
1427 4871 1493 4938 Dei
1515 4870 1656 4956 pendere
1679 4873 1776 4941 debet
1796 4873 1888 4951 fides,
1911 4874 1984 4957 plus
2005 4876 2167 4957 ponderis

167 4965 289 5028 tionem
320 4960 467 5044 deplorat
499 4980 583 5042 quae
615 4960 722 5042 prima
753 4961 890 5041 contigit
922 4983 964 5026 ex
997 4961 1137 5027 factione
1188 4975 1221 5026 et
1242 4961 1395 5044 energiae
1424 4957 1501 5023 huic
1530 4956 1683 5042 loquendi
1712 4960 1835 5025 formae
1863 4958 1989 5037 subest,
2020 4960 2098 5027 dum
2125 4966 2165 5030 in

167 5047 347 5115 Iarobeam.
1188 5046 1333 5112 medinm
1356 5043 1462 5127 prodit
1482 5044 1554 5126 ipsa
1575 5043 1677 5123 Deus,
1706 5064 1828 5127 nosque
1852 5047 1985 5128 propria
2006 5067 2086 5113 vaae
2108 5048 2164 5114 in·

252 5135 282 5199 2.
315 5132 516 5219 (Glemeratiaa
547 5130 700 5217 Iahooae.)
744 5131 939 5196 Tenendum
971 5140 1022 5198 est
1050 5131 1136 5216 quod
1189 5132 1283 5196 vitat.
1327 5130 1392 5196 Ubi
1414 5137 1523 5195 autem
1545 5129 1607 5194 hoe
1629 5129 1724 5194 moda
1750 5151 1810 5195 noe
1838 5131 2015 5213 praevenit,
2045 5132 2164 5201 nullus

168 5239 272 5301 nuper
294 5218 398 5303 attigi,
429 5216 600 5284 exordium
622 5218 693 5280 fieri
715 5238 735 5281 a
757 5216 820 5283 Dei
843 5217 993 5283 laudibus
1015 5227 1048 5283 et
1069 5219 1135 5284 fae·
1189 5218 1254 5282 iam
1277 5225 1328 5282 est
1349 5215 1526 5281 temeritati
1548 5214 1641 5281 locus
1663 5216 1692 5281 si
1714 5215 1915 5281 familiariter
1937 5215 1978 5282 ad
2000 5238 2075 5283 eum
2105 5240 2165 5286 aa·
