4658 5856
244 342 307 409 467
1052 335 1268 405 PSALMUS
1289 339 1437 406 XLVII.
2179 339 2242 406 468

247 535 324 620 quia
351 534 421 599 eius
448 531 603 597 maiestas
632 550 716 613 quae
745 530 838 613 prius
868 528 980 595 habita
1008 527 1115 594 fuerat
1144 548 1220 594 con·
1272 530 1421 613 gentium
1443 548 1709 609 commemorans,
1732 539 1768 592 ut
1785 530 1886 595 electo
1905 531 2023 613 populo
2042 549 2157 612 parere
2175 549 2243 591 non

248 622 395 703 temptui,
419 617 459 683 ad
478 615 693 701 frangendam
717 616 819 679 totius
841 613 957 681 mundi
979 613 1219 681 contumaciam
1272 627 1434 682 recusent.
1479 614 1592 696 Neque
1621 616 1708 679 enim
1739 614 1779 679 de
1808 636 1926 680 arcana
1956 614 2162 699 providentia
2190 614 2242 678 hio

247 707 397 775 sufficiet.
441 702 629 769 Notandum
659 701 746 766 enim
776 709 826 766 est
853 700 988 784 spiritus
1018 700 1121 765 sancti
1143 720 1220 764 eon·
1272 703 1390 784 agitur,
1413 721 1478 784 qua
1499 699 1591 765 Deus
1613 708 1720 765 tetum
1742 700 1900 766 mundum
1925 703 2095 786 gubernat,
2121 698 2243 764 sedda

247 793 368 870 silium,
395 810 496 872 quum
519 787 575 853 diu
596 786 830 853 contumeliose
861 785 993 852 tractati
1016 796 1049 850 et
1071 782 1220 868 oppressi
1272 787 1405 869 speciali
1426 795 1586 870 potestate
1609 806 1707 868 quam
1732 807 1790 869 per
1813 787 1947 852 verbum
1977 808 2072 852 suum
2102 797 2243 850 exercet.

247 880 386 944 fuissent
408 875 532 953 Iudaei,
562 893 600 937 ae
623 873 722 937 variis
744 869 882 936 subinde
907 871 1148 938 calamitatibus
1171 868 1219 933 af·
1271 872 1387 955 Itaque
1409 885 1448 937 ut
1470 871 1599 954 proprie
1622 893 1680 936 rex
1703 884 1847 951 vocetur,
1875 893 2006 939 necesso
2029 882 2079 938 est
2102 871 2199 937 talem
2224 891 2244 936 a

247 963 344 1030 flicti:
376 972 467 1027 tanto
496 978 584 1024 nuuc
612 957 825 1023 illustriorem
849 978 919 1024 esse
942 957 1005 1021 Dei
1036 956 1220 1022 beneficen·
1272 959 1340 1023 suis
1358 959 1502 1042 agnosci.
1547 955 1725 1036 Quaeritur
1751 967 1869 1037 tamen,
1899 959 1978 1024 dum
2000 960 2069 1025 suis
2091 956 2244 1040 auspiciis

247 1051 328 1114 tiam
351 1068 522 1133 argaeos,
554 1043 632 1126 quia
662 1043 792 1108 domitis
823 1044 1039 1124 undecunque
1068 1042 1220 1126 gentibus
1272 1054 1304 1108 et
1322 1044 1453 1110 coelesti
1475 1043 1622 1127 potentia
1645 1045 1788 1110 restituit
1806 1044 1959 1111 Christus
1977 1043 2157 1127 eeclesiam,
2181 1063 2245 1126 quo

247 1136 380 1215 vicinis,
413 1129 681 1199 florentissimum
710 1139 780 1193 erat
808 1128 949 1194 Davidis
977 1148 1135 1212 regnum:
1168 1127 1220 1190 iu·
1272 1150 1368 1195 sensu
1399 1130 1550 1196 dicantur
1579 1129 1691 1212 populi
1721 1129 1857 1196 subiecti
1885 1152 1956 1197 esse
1986 1129 2133 1195 Iudaeis:
2168 1128 2245 1211 quia

247 1236 338 1286 terea
359 1240 474 1286 verum
504 1236 575 1281 esse
604 1213 691 1298 quod
719 1215 841 1292 monui,
872 1235 989 1297 nempe
1017 1216 1053 1279 in
1081 1232 1218 1297 regnum
1272 1218 1392 1281 seimus
1420 1234 1486 1279 nou
1521 1213 1615 1279 aliter
1646 1217 1707 1281 rite
1735 1216 1952 1300 compositum
1988 1238 2058 1282 esse
2088 1215 2245 1281 ecelesiae

248 1306 375 1374 Christi
397 1305 460 1370 hoe
483 1312 677 1384 competere,
708 1320 750 1365 ex
779 1310 934 1366 contextu
960 1299 1132 1364 verborum
1155 1297 1220 1362 ool·
1272 1301 1437 1381 ordinem,
1475 1299 1538 1363 nisi
1569 1300 1712 1366 emineat
1746 1303 1879 1368 unicum
1913 1312 2026 1385 ceput,
2064 1317 2097 1367 et
2129 1300 2246 1366 fideles

247 1393 349 1476 ligere
371 1398 558 1474 promptum
581 1398 640 1463 est,
667 1383 723 1450 ubi
744 1384 835 1452 Deua
855 1407 914 1451 res
935 1385 1084 1451 terribilis
1105 1389 1133 1449 et
1153 1404 1219 1448 mo·
1272 1407 1385 1452 omnes
1407 1408 1426 1451 a
1448 1406 1576 1452 summo
1605 1407 1706 1470 usque
1735 1387 1777 1452 ad
1802 1390 1952 1453 infimum
1982 1390 2068 1453 inter
2097 1387 2247 1451 membra

245 1497 329 1564 pauo
342 1480 468 1542 cordua
484 1493 580 1554 super
597 1490 715 1537 menen
733 1475 861 1537 terrem.
892 1472 981 1555 Flrgo
1001 1491 1067 1536 non
1084 1469 1220 1535 dubium
1272 1495 1307 1539 se
1334 1475 1540 1538 contineant:
1573 1472 1639 1538 imo
1673 1494 1773 1556 quum
1803 1474 1975 1557 imperium
2009 1494 2104 1540 suum
2138 1474 2247 1538 erexit

248 1576 299 1630 est
320 1563 398 1646 quin
428 1560 481 1625 his
503 1558 616 1642 elogiis
646 1554 809 1624 celebrata
838 1558 937 1623 fuerit
958 1555 1023 1621 Dei
1052 1556 1157 1641 gratia
1179 1553 1221 1619 ad
1272 1557 1425 1625 Christus
1445 1558 1481 1622 in
1499 1566 1566 1622 toto
1584 1557 1673 1635 orbe,
1696 1561 1878 1626 communis
1900 1580 1970 1625 esse
1991 1563 2095 1643 coepit
2118 1560 2247 1625 eunetis

248 1647 488 1714 confirmandos
516 1643 646 1728 piorum
674 1641 802 1707 animos
832 1640 1026 1708 intermedio
1056 1656 1221 1724 tempore:
1272 1643 1424 1728 gentibus
1452 1641 1593 1727 adoptio,
1620 1665 1704 1727 quae
1729 1646 1860 1729 propria
1883 1646 1978 1711 unius
2007 1645 2117 1728 populi
2147 1657 2247 1710 antea

247 1755 310 1819 quo
332 1756 399 1799 uon
421 1741 549 1798 tantum
571 1727 714 1810 collapsa
736 1738 806 1793 erat
833 1729 946 1812 populi
967 1727 1141 1794 Israelitici
1171 1725 1219 1791 di·
1272 1731 1388 1795 fuerat.
1432 1729 1505 1793 Hoc
1536 1741 1644 1794 antem
1679 1730 1774 1797 modo
1805 1731 1936 1797 libertas
1966 1731 2118 1796 omnibus
2147 1731 2246 1796 simul

247 1822 366 1905 gnitas,
395 1817 453 1884 sed
482 1814 638 1903 extremis
667 1813 874 1880 contumeliis
905 1834 1095 1899 oppressus,
1128 1810 1220 1877 nullo
1273 1815 1350 1880 data
1379 1822 1445 1894 est,
1478 1822 1513 1878 ut
1543 1815 1689 1881 fraterno
1718 1817 1790 1881 iure
1820 1817 1906 1881 inter
1935 1838 1969 1883 se
1998 1817 2173 1900 coniuncti,
2204 1816 2247 1881 ad

247 1907 311 1973 Dei
343 1905 468 1990 gratiae
501 1913 599 1986 gustu
629 1899 770 1964 recreari
800 1910 943 1983 poterat,
977 1900 1041 1965 nisi
1070 1900 1105 1964 in
1133 1897 1220 1964 solas
1273 1901 1445 1967 coelestem
1476 1899 1710 1967 haereditatem
1741 1901 1919 1986 adspirent.
1965 1900 2032 1969 Sed
2061 1902 2165 1968 facilis
2195 1913 2248 1969 est

248 1990 479 2076 promissiones
496 1986 711 2053 recumberet.
742 1982 873 2051 Scimus
890 2006 988 2069 quam
1006 1985 1104 2070 longa
1121 1983 1221 2050 fuerit
1272 1986 1404 2052 solutio:
1426 1986 1557 2069 quando
1573 1988 1726 2071 gentibus
1740 1988 1930 2071 impositum
1949 1989 2010 2054 fuit
2024 1989 2106 2072 legis
2120 1989 2247 2072 iugum,

249 2079 348 2144 huius
370 2074 563 2159 magnificae
585 2070 751 2154 potentiae
772 2072 979 2155 interruptio,
1002 2093 1022 2136 a
1040 2079 1146 2136 morte
1161 2069 1221 2135 So·
1274 2070 1455 2137 dominium
1474 2071 1609 2155 adeptos
1624 2094 1694 2139 esse
1709 2073 1861 2139 Iudaeos:
1883 2074 2157 2157 quemadmodum
2175 2094 2248 2158 pas-

247 2161 388 2229 lomonis
411 2180 514 2243 usque
536 2156 577 2222 ad
599 2156 725 2222 Ohristi
748 2155 935 2223 adventum.
980 2157 1063 2221 Erat
1085 2157 1146 2223 hou
1169 2175 1222 2220 ve-
1273 2167 1360 2224 teres
1398 2155 1655 2224 iurisdictionem
1695 2159 1828 2242 spiritus
1857 2160 1956 2225 verbo
1988 2170 2162 2239 exercent,
2199 2162 2247 2226 sio

247 2249 310 2314 luti
330 2247 472 2324 chasma,
494 2242 578 2326 quod
597 2241 771 2308 absorbere
788 2252 897 2326 posset
914 2243 985 2326 pias
1003 2252 1140 2320 mentes,
1157 2239 1221 2305 uisi
1274 2243 1409 2310 eeclesia
1432 2256 1567 2309 vocatur
1588 2245 1711 2328 regina,
1740 2255 1774 2310 et
1796 2245 1923 2328 piorum
1953 2246 2099 2311 omnium
2121 2255 2246 2311 mater:

248 2334 323 2401 Dei.
336 2331 437 2399 verbo
459 2328 613 2397 suffultae
642 2334 761 2393 essent.
805 2328 896 2414 Ergo
924 2349 1025 2411 quum
1055 2327 1221 2412 specimen
1275 2328 1386 2395 Galat.
1404 2329 1435 2406 4,
1458 2328 1510 2409 26,
1532 2331 1607 2414 quia
1629 2330 1715 2414 apud
1735 2351 1806 2396 eam
1833 2332 1978 2414 deposita
2007 2331 2071 2396 fuit
2097 2331 2249 2398 coelestis

247 2419 346 2486 huius
368 2416 471 2502 regni,
501 2413 586 2497 quod
608 2433 696 2478 nuno
717 2413 934 2496 praedicatur,
963 2412 1078 2479 aDco
1106 2413 1222 2479 fuisset
1274 2414 1431 2495 doctrina,
1460 2435 1543 2497 quae
1570 2416 1675 2481 instar
1697 2419 1816 2499 sceptri
1839 2431 1889 2482 est
1911 2416 1950 2481 ad
1974 2438 2036 2482 nos
2057 2437 2169 2483 omnes
2190 2439 2248 2483 su·

247 2504 374 2571 editum
397 2498 618 2579 subDavide,
647 2519 833 2582 quanquam
860 2501 1055 2584 paulopost
1082 2508 1221 2583 sequuta
1275 2500 1442 2584 bigendos.
1489 2500 1649 2581 Quamvis
1678 2523 1756 2584 ergo
1785 2502 1913 2580 Iudaei,
1944 2524 2007 2586 quo
2036 2511 2183 2586 tempore
2211 2505 2247 2569 in

247 2601 299 2659 est
321 2589 425 2655 tristis
447 2601 479 2651 et
500 2586 570 2651 iere
591 2583 744 2667 pudenda
772 2586 969 2662 imminutio,
1001 2583 1118 2651 deinde
1146 2603 1221 2669 gra·
1274 2586 1380 2652 lucem
1403 2589 1537 2652 emersit
1558 2586 1686 2653 Christi
1717 2608 1867 2673 regnum,
1895 2588 2014 2655 misere
2037 2601 2071 2653 et
2091 2588 2248 2672 probrose

247 2676 403 2744 vissimae
432 2670 549 2748 clades,
580 2682 613 2734 et
639 2669 770 2734 taudem
793 2670 955 2749 exsilium,
984 2682 1018 2736 et
1040 2671 1221 2736 miserrima
1273 2671 1421 2754 profanis
1443 2671 1596 2756 gentibus
1618 2673 1801 2750 servierint,
1830 2675 2018 2756 fuerintque
2041 2675 2145 2740 veluti
2173 2674 2246 2740 illa·

248 2762 414 2843 dispersio,
437 2776 521 2839 quae
542 2755 583 2819 ab
605 2754 740 2819 interitu
762 2754 1060 2837 parumdistabat:
1088 2755 1222 2839 spiritus
1274 2778 1347 2821 rum
1370 2758 1543 2841 mancipia,
1565 2779 1642 2823 vere
1664 2768 1776 2823 tamen
1796 2769 1830 2825 ct
1847 2763 1962 2825 merito
1985 2761 2159 2843 imparium
2181 2761 2247 2828 illis

248 2858 383 2913 sanetus
409 2842 523 2908 fideles
545 2839 587 2905 ad
607 2839 862 2906 condnuandum
891 2842 1042 2925 plausum
1072 2842 1221 2907 hortatus
1274 2842 1436 2920 tribuitur,
1467 2844 1543 2926 quia
1564 2843 1657 2909 Deus
1681 2845 1808 2928 virgam
1829 2846 1961 2911 virtutis
1990 2867 2068 2912 suae
2097 2848 2208 2912 emisit
2229 2869 2248 2914 e

249 2942 309 3014 cst,
332 2930 435 2996 donee
458 2926 588 2992 veniret
608 2925 789 3010 promissus
810 2927 1006 3011 redemptor.
1276 2925 1366 3006 Sion,
1389 2948 1491 3010 quum
1508 2928 1572 3011 ipsi
1589 2929 1670 3011 legis
1689 2939 1797 2996 essent
1814 2929 1973 3011 custodes,
1993 2952 2116 3000 munus
2134 2943 2247 2999 eorum

334 3017 364 3081 4.
398 3010 606 3101 (Ordinaoit.)
658 3010 753 3091 Quod
786 3011 842 3077 alii
876 3021 1010 3080 vertunt
1042 3011 1221 3084 subiicere,
1273 3013 1336 3079 fuit
1358 3011 1428 3079 sius
1450 3015 1623 3080 autoritate
1645 3025 1758 3099 gentes
1780 3017 1943 3082 fraenare:
1966 3019 2043 3101 quia
2064 3040 2129 3084 nou
2151 3019 2248 3085 aliter

249 3124 324 3170 eum
353 3101 415 3168 hac
444 3120 518 3165 mea
546 3098 817 3180 interpretatione
846 3099 1014 3178 convenit,
1043 3098 1141 3182 paulo
1169 3116 1221 3162 re·
1274 3099 1334 3164 sub
1349 3099 1413 3163 Dei
1431 3098 1619 3182 obsequium
1642 3101 1795 3167 collectus
1817 3101 1879 3167 fuit
1897 3103 2042 3186 reliquus
2064 3105 2160 3178 orbis,
2184 3105 2248 3171 uisi

248 3189 368 3256 metius
387 3197 438 3253 est
455 3184 540 3269 quod
558 3184 613 3249 alii
632 3182 763 3248 Ducere
780 3195 959 3268 exponunt,
980 3184 1124 3252 alienum
1143 3204 1221 3250 vero
1274 3183 1353 3249 dum
1379 3183 1529 3250 homines
1558 3187 1677 3268 spiritu
1698 3187 1762 3251 Dei
1791 3188 1956 3269 renovati,
1984 3189 2070 3255 ultro
2096 3211 2132 3255 se
2154 3211 2247 3274 pras·

248 3294 383 3359 prorsus
405 3280 552 3337 amente
573 3269 762 3353 prophetae,
784 3269 871 3353 quod
888 3272 1027 3337 verbum
1050 3281 1146 3354 Ἐπ’
1166 3267 1224 3334 alii
1275 3269 1418 3335 buerunt
1440 3269 1572 3337 Iudaeis
1602 3271 1722 3338 dociles
1751 3294 1788 3339 ae
1814 3273 2004 3358 morigeros,
2033 3297 2131 3359 seque
2159 3280 2247 3360 passi

249 3360 414 3445 accipiunt
448 3378 506 3439 pro
538 3355 684 3439 perdere.
736 3355 849 3439 Neque
883 3357 972 3422 enim
1005 3355 1142 3422 dubium
1174 3361 1224 3419 est
1275 3368 1353 3421 sunt
1381 3376 1494 3421 eorum
1524 3357 1712 3442 magisterio
1742 3359 1829 3442 regi,
1863 3360 2136 3443 quemadmodum
2170 3362 2247 3428 alibi

250 3446 330 3529 quin
352 3443 509 3510 subiectio
538 3441 635 3521 utilis,
656 3439 753 3523 laeta,
776 3454 809 3505 et
830 3440 982 3524 optabilis
1003 3451 1144 3508 notetur.
1184 3438 1223 3506 si
1276 3441 1410 3507 dieitur:
1444 3442 1486 3507 In
1507 3443 1564 3507 illa
1585 3442 1638 3508 die
1660 3444 1907 3527 apprehendent
1935 3459 2059 3530 septem
2084 3447 2145 3512 viri
2174 3450 2247 3514 fim-

249 3532 323 3615 quis
345 3531 495 3594 futurum
514 3525 603 3591 verbi
626 3539 754 3609 tempus
772 3527 914 3592 retinere
937 3526 1038 3605 malit,
1055 3525 1139 3592 mihi
1156 3543 1223 3590 non
1277 3525 1380 3592 briam
1404 3527 1502 3592 unius
1525 3527 1648 3611 Iudaei,
1678 3550 1715 3596 ae
1738 3528 1862 3595 dicent:
1892 3531 2144 3600 Ambulabimus
2175 3548 2248 3617 post

249 3616 414 3700 displicet:
437 3613 515 3696 quia
538 3620 648 3676 tamen
670 3623 796 3677 eertum
818 3621 869 3676 ast
885 3613 946 3679 sub
965 3621 1043 3696 typo
1066 3611 1224 3677 celebrari
1275 3611 1384 3676 Deum
1407 3622 1562 3691 vestrum,
1585 3624 1645 3680 etc.
1668 3615 1766 3681 Zach.
1790 3616 1819 3694 8,
1842 3616 1896 3683 23.

249 3704 395 3770 futuram
416 3698 481 3765 Dei
503 3697 653 3782 gratiam,
683 3696 823 3763 libenter
849 3697 1020 3781 amplexus
1042 3717 1115 3764 sum
1138 3695 1223 3780 quod
1361 3695 1392 3761 5.
1414 3697 1543 3784 (delegit
1558 3699 1649 3765 nobis
1669 3699 1910 3788 bennam.)
1954 3702 2083 3771 Clarius
2104 3704 2248 3772 celebrat

249 3789 356 3874 magis
389 3783 570 3871 probarunt
599 3783 655 3848 alii
682 3781 889 3865 interpretes.
941 3783 1044 3849 Porro
1075 3781 1224 3867 quamvis
1275 3782 1436 3866 propheta
1464 3784 1660 3867 peculiarem
1688 3785 1778 3850 illam
1808 3788 1966 3872 gratiam,
1999 3810 2063 3874 qua
2095 3789 2247 3873 dignatus

250 3874 311 3940 hoo
335 3894 432 3940 versu
461 3869 668 3954 peculiariter
697 3868 837 3953 gentiles
866 3889 941 3938 suos
970 3870 1120 3937 hortetur
1148 3887 1224 3952 pro·
1276 3868 1384 3932 fuerat
1412 3869 1503 3934 Deus
1536 3869 1674 3936 electum
1704 3882 1738 3935 et
1766 3882 1918 3940 sanetum
1948 3895 2054 3959 genus
2081 3875 2245 3943 Abrahae.

251 3959 352 4041 pheta
372 3957 414 4023 ad
435 3955 679 4041 gratitudinem,
708 3955 795 4038 quod
815 3976 874 4039 per
896 3954 962 4022 Dei
982 3955 1123 4040 gratiam
1145 3974 1225 4020 cun·
1276 3952 1382 4020 Sicuti
1405 3955 1503 4038 enim,
1526 3953 1709 4038 posthabito
1727 3967 1794 4022 toto
1813 3959 1942 4041 mundo,
1960 3982 2080 4044 paucos
2097 3962 2247 4029 homines

252 4045 315 4111 ctis
336 4043 464 4126 populis
494 4042 758 4109 dominarentur:
788 4051 913 4107 eertum
943 4051 1053 4109 tamen
1079 4050 1139 4117 est,
1168 4058 1225 4104 eos
1277 4049 1310 4104 et
1331 4038 1491 4124 ignobiles
1513 4040 1575 4106 sibi
1598 4039 1829 4124 adoptaverat:
1856 4046 1902 4109 ita
1922 4045 2004 4111 illud
2026 4059 2094 4113 tam
2117 4049 2246 4133 insigne

252 4129 308 4212 qui
330 4128 389 4193 sub
411 4129 526 4211 iugum
553 4127 676 4194 redacti
698 4137 808 4211 erant,
836 4128 872 4192 in
894 4128 1082 4195 societatem
1113 4125 1224 4210 gaudii
1276 4126 1404 4208 paterni
1424 4126 1545 4191 amoris
1561 4125 1681 4211 pignus
1700 4131 1865 4213 segregari
1883 4133 2027 4213 oportuit
2044 4154 2065 4198 a
2081 4135 2246 4201 communi

253 4212 409 4297 coniungi
438 4213 518 4295 ipsis
546 4211 685 4278 Iudaeis.
728 4212 819 4296 Ergo
849 4224 1007 4296 quantum
1038 4211 1078 4279 ab
1107 4210 1225 4277 umbra
1276 4210 1491 4277 beneficentia
1517 4232 1581 4294 qua
1610 4221 1716 4277 totum
1739 4215 1923 4281 humanum
1951 4237 2056 4301 genus
2078 4220 2245 4306 prosequi·

253 4300 363 4366 differt
384 4317 511 4380 eorpus,
539 4307 668 4362 tantum
690 4296 866 4363 discrimen
883 4297 946 4363 fuit
963 4301 1048 4364 inter
1070 4297 1224 4364 fictitium
1277 4306 1340 4362 tur.
1385 4296 1500 4380 Itaque
1526 4297 1746 4380 emphaticam
1769 4310 1819 4367 est
1841 4299 2011 4386 Seligendi
2034 4304 2181 4386 verbum,
2209 4324 2245 4371 ae

253 4386 416 4473 plausum,
438 4403 536 4465 quem
558 4382 637 4447 olim
659 4382 820 4448 dederont
842 4383 997 4466 profanae
1018 4394 1133 4468 gentes
1155 4380 1224 4446 Da·
1276 4383 1304 4446 si
1327 4380 1456 4461 diceret,
1480 4382 1587 4448 Deum
1606 4403 1671 4448 non
1694 4386 1799 4469 egisse
1821 4408 1895 4454 cum
1917 4386 2070 4457 Abrahae
2092 4392 2179 4468 filiis,
2207 4399 2245 4456 ut

254 4471 334 4552 vidi,
359 4482 394 4537 et
415 4488 491 4534 eum
512 4488 577 4550 quo
600 4465 712 4533 fideles
735 4467 904 4536 Christum
934 4469 1118 4553 excipiunt:
1149 4467 1225 4550 quia
1276 4468 1458 4551 promiscue
1480 4468 1563 4534 solet
1586 4489 1660 4534 eum
1683 4470 1756 4536 aliis
1778 4474 1940 4556 gentibus,
1973 4475 2030 4543 sed
2053 4478 2146 4561 quasi
2169 4477 2244 4543 hae·

254 4583 296 4626 ex
320 4553 506 4623 voluntario
535 4550 641 4618 cordis
670 4553 825 4636 obsequie
854 4564 977 4621 manat.
1022 4556 1067 4620 Et
1087 4564 1176 4621 certe
1196 4554 1225 4618 si
1277 4553 1429 4618 rediturio
1461 4555 1533 4619 iure
1565 4553 1759 4640 dignitatem
1796 4558 1972 4626 contulisse
2007 4583 2072 4646 qua
2104 4562 2244 4648 reliquos

254 4652 329 4730 post
349 4662 458 4708 aream
480 4639 516 4705 iu
538 4636 697 4720 templum
718 4638 892 4704 adductam
910 4640 1002 4706 nulla
1020 4639 1225 4724 apparuisset
1278 4659 1391 4705 omnes
1413 4640 1619 4722 praecellant,
1647 4642 1731 4725 quod
1752 4643 1840 4708 idem
1863 4646 2017 4712 continuo
2039 4661 2113 4731 post
2135 4648 2243 4732 expri-

254 4729 426 4799 sublimior
452 4725 584 4801 veritas,
615 4723 707 4805 quasi
736 4724 860 4807 puerile
889 4737 960 4791 erat
988 4726 1160 4804 ludicrum,
1188 4725 1224 4788 iu
1278 4726 1338 4788 mit
1359 4724 1419 4790 sub
1440 4725 1573 4790 nomine
1597 4724 1735 4794 Gloriae.
1779 4731 1869 4814 Ergo
1898 4733 2022 4816 gratias
2050 4732 2168 4801 Deea

255 4826 393 4899 angusto
421 4811 478 4877 illo
507 4808 672 4875 domicilio
701 4807 810 4873 Deum
838 4809 955 4878 locari:
988 4811 1045 4878 sed
1076 4812 1131 4879 ubi
1159 4809 1224 4874 Dei
1276 4808 1365 4875 iubet
1397 4810 1569 4894 propheta,
1603 4811 1689 4895 qued
1721 4813 1757 4878 in
1788 4835 1929 4898 persone
1957 4818 2055 4886 Iacob
2109 4840 2176 4905 opu
2190 4840 2242 4886 um

254 4902 409 4969 maiestas
423 4919 506 4983 quae
520 4898 556 4962 in
571 4894 781 4961 tabernaculo
795 4892 1010 4976 habitaverat,
1027 4898 1087 4963 toti
1103 4895 1225 4964 mundo
1277 4895 1415 4960 electum
1438 4896 1592 4962 extulerit
1612 4900 1645 4963 in
1668 4920 1832 4966 summum
1858 4901 1992 4969 honoris
2021 4842 2179 4990 gradum:
2208 4916 2244 4970 ut

254 4989 418 5073 patefacta
437 4985 508 5062 fuit,
530 4994 563 5049 et
583 4989 720 5049 cunetae
741 4990 855 5064 gentes
876 4982 937 5047 sub
959 4985 1028 5050 sius
1049 4981 1224 5068 imperium
1276 4980 1407 5062 gloriari
1437 4990 1543 5064 posset
1571 4994 1693 5049 sortem
1723 5006 1815 5050 suam
1845 4987 1885 5051 ab
1912 4989 1985 5055 aliis
2014 4990 2168 5058 omnibus
2197 4992 2243 5057 di·

254 5075 389 5139 fuerunt
409 5069 568 5149 redactae,
596 5078 675 5133 tune
697 5066 816 5133 enituit
832 5069 1062 5153 praerogativa
1083 5070 1146 5135 ista
1168 5086 1224 5150 ge·
1275 5066 1428 5131 stinctum
1457 5089 1536 5135 esse.
1581 5067 1689 5135 Simul
1718 5073 1816 5135 etiam
1846 5073 1940 5139 docet
1968 5073 2090 5143 factum
2118 5075 2152 5141 id
2175 5097 2243 5144 esse

256 5161 346 5224 neris
379 5155 541 5222 Abrahae.
592 5152 708 5238 Itaque
743 5152 794 5220 his
827 5150 936 5218 verbis
968 5175 1108 5240 regnum
1142 5149 1223 5219 illud
1275 5150 1417 5235 gratuito
1439 5153 1550 5220 favere
1566 5157 1645 5221 Dei:
1668 5177 1743 5221 uam
1766 5156 1941 5224 relativum
1961 5182 2151 5244 pronomen,
2169 5182 2243 5229 oau-

255 5245 349 5310 euius
382 5241 575 5307 meminerat
607 5240 782 5323 propheta,
818 5236 949 5305 definit:
990 5241 1224 5309 subiectionem
1275 5236 1353 5302 ralis
1375 5239 1552 5322 particulae
1571 5241 1640 5307 vice
1660 5242 1801 5324 ponitur,
1824 5264 1861 5310 ao
1875 5245 1904 5309 si
1921 5266 2051 5315 causam
2075 5248 2245 5335 diguitatis
