4658 5856
127 328 170 392 89
446 350 449 356 ·
962 332 1180 399 PSALMUS
1205 333 1302 399 VIII.
1659 393 1666 404 ,
2088 338 2135 401 90

128 540 205 583 men
229 519 439 603 exstinguere
461 530 628 602 cuperent.
674 520 770 602 Quod
793 520 926 602 quidam
946 534 1015 602 apg)
1035 530 1105 584 tan·
1157 522 1330 603 accipiunt,
1350 522 1435 605 quod
1455 522 1578 588 scilicet
1595 523 1627 587 in
1647 523 1719 606 ipso
1739 523 1833 606 partu
1854 524 1903 591 vel
1920 525 2133 608 generatione

130 603 264 669 tundam
287 626 325 671 ae
347 618 414 687 tp)
438 605 547 670 valere
569 616 698 688 putant,
728 605 907 672 absurdum
930 620 996 672 est:
1031 608 1107 689 quia
1156 606 1296 689 hominis
1319 607 1411 673 Deus
1435 607 1559 691 gloriae
1581 630 1659 674 suae
1677 609 1888 675 fundamenta
1907 611 2013 675 iaciat.
2059 611 2132 693 Ego

131 691 313 772 emphasin,
337 713 400 772 qua
424 711 502 755 usus
525 701 575 756 est
597 691 716 768 David,
747 714 918 775 perperam
943 693 1104 756 diminuit.
1157 694 1246 757 en'im
1276 713 1334 775 pro
1373 694 1518 759 stabilire
1541 695 1682 776 positum
1707 717 1863 761 essenon
1887 696 2010 775 dubito,
2044 716 2081 759 ac
2103 698 2130 759 si

130 774 257 841 Sensus
291 798 368 859 ergo
410 786 470 854 est,
506 779 623 854 Deum,
666 790 703 842 nt
737 779 977 860 providentiam
1012 799 1104 841 suam
1156 778 1294 844 dixisset
1328 780 1498 862 prophete,
1539 801 1599 862 pro
1632 779 1792 845 bellicosis
1823 790 1855 845 et
1884 782 1987 845 firmis
2020 782 2130 862 copiis,

130 862 345 938 commendet,
391 883 456 926 non
501 885 583 945 opus
625 862 744 929 habere
784 884 904 946 magna
936 864 1105 927 rhetorum
1129 906 1132 949 ι,
1156 885 1315 944 pueorum
1352 887 1408 928 ora
1439 865 1511 930 Deo
1541 866 1582 929 ud
1611 865 1793 947 perdendos
1823 869 1940 948 Impius
1971 867 2129 930 sufficere.

129 944 294 1026 facundia,
334 968 372 1012 ae
405 970 447 1013 ne
483 949 623 1013 formato
657 951 786 1032 quidem
818 969 984 1012 sermone:
1029 948 1105 1030 quia
1156 947 1223 1034 (Ad
1240 948 1502 1036 profligandum.)
1546 951 1585 1014 In
1606 953 1707 1017 verbo
1725 965 1859 1035 ntnwfl
1879 953 2013 1017 variant
2030 953 2130 1016 intei-

127 1042 236 1096 mutas
258 1032 432 1097 infantium
456 1034 586 1117 linguas
608 1035 648 1098 ad
672 1057 744 1100 eam
767 1034 995 1099 celebrandam
1025 1034 1107 1098 satis
1157 1043 1273 1116 preter.
1318 1036 1455 1119 Proprie
1476 1045 1525 1103 ost
1548 1037 1652 1102 facere
1675 1059 1810 1112 cessare,
1834 1059 1911 1101 nam
1932 1047 1981 1102 est
1999 1038 2032 1100 in
2053 1059 2130 1103 con·

130 1125 301 1200 promptas
325 1129 358 1181 et
381 1119 517 1184 disertas
541 1121 669 1186 habeat.
715 1121 893 1200 Quaeritur
912 1132 1021 1184 tamen
1041 1139 1106 1200 quo
1157 1121 1322 1202 ingutione
1354 1121 1459 1205 hiphil
1490 1132 1650 1186 aneutro
1672 1138 1773 1205 27:212),
1805 1122 1890 1205 quod
1914 1142 2042 1188 cessare
2064 1124 2130 1206 sig·

129 1223 228 1268 seusu
259 1225 377 1286 pueros
406 1204 527 1283 gloriae
558 1206 621 1269 Dei
646 1207 743 1271 faciat
767 1227 951 1289 praecones.
997 1204 1105 1270 Stulte
1130 1238 1133 1265 ι
1157 1207 1279 1270 nificat.
1333 1206 1398 1272 Sed
1436 1207 1656 1289 metaphorice
1685 1214 1876 1291 plerumque
1904 1209 2046 1272 sumitur
2071 1230 2130 1290 pro

128 1288 371 1374 (meoiudicio)
401 1291 685 1373 philosophantur.
715 1293 769 1374 qui
802 1293 861 1355 hoc
884 1292 953 1356 fieri
978 1299 1104 1373 putant,
1157 1289 1293 1373 perdere
1325 1293 1377 1357 vel
1421 1293 1569 1375 redigere
1602 1294 1635 1356 in
1670 1294 1827 1358 nihilum:
1870 1296 1946 1375 quia
1979 1294 2131 1358 interitus

128 1376 207 1440 dum
244 1377 334 1458 pueri
376 1377 546 1440 articulate
580 1378 740 1459 inalpiunt
773 1378 870 1458 loqui,
915 1379 993 1460 qnia
1026 1387 1106 1440 tune
1157 1378 1255 1440 finem
1287 1378 1393 1444 affert.
1448 1379 1516 1443 Alii
1545 1388 1693 1443 vertunt:
1723 1380 1771 1444 Ut
1799 1399 2001 1461 compescas:
2038 1380 2131 1462 quasi

128 1482 257 1543 qnoque
290 1462 343 1525 vie
379 1462 506 1526 animae
540 1463 740 1526 intellectiva
773 1475 925 1546 apparet:
960 1484 1035 1525 nam
1069 1470 1106 1524 ut
1157 1462 1354 1546 intelligeret
1385 1464 1495 1528 David
1528 1465 1694 1530 silentium
1718 1465 1783 1528 illis
1805 1465 1937 1545 imponi,
1969 1475 2006 1529 ut
2029 1465 2131 1529 male·

131 1545 246 1612 demus
275 1546 428 1628 parvulus
451 1548 491 1610 ad
515 1548 724 1629 septennium
748 1570 850 1632 usque
874 1550 991 1625 vocari,
1029 1568 1106 1628 quo·
1158 1547 1263 1613 dicere
1288 1550 1337 1613 vel
1360 1550 1546 1631 obstrepere
1565 1549 1722 1614 desinant.
1768 1549 1835 1615 Sed
1853 1550 1929 1632 quia
1950 1550 1991 1614 ad
2011 1549 2133 1615 hostile

131 1630 228 1695 modo
250 1653 269 1695 a
294 1654 435 1696 mamma
459 1632 601 1714 pendere
623 1636 757 1715 fingent,
786 1636 840 1715 qui
865 1635 1016 1698 distinete
1040 1635 1104 1696 ium
1157 1635 1316 1716 proellum
1346 1635 1443 1716 plena
1473 1636 1599 1718 gratiae
1630 1635 1744 1700 allusio
1775 1646 1824 1699 est
1847 1636 1879 1698 in
1904 1636 1964 1698 hoe
1988 1636 2057 1700 loco
2080 1634 2132 1721 (nt

130 1716 333 1797 loquuntur?
380 1717 490 1781 Nihilo
520 1720 635 1782 melius
664 1721 816 1784 convenit
837 1719 1010 1802 allegorice
1033 1738 1103 1800 par·
1156 1742 1261 1801 nuper
1289 1720 1437 1805 exposui)
1467 1721 1548 1785 mihi
1578 1721 1716 1785 verbum
1740 1720 1879 1785 militare
1901 1720 2041 1802 placuit:
2077 1722 2129 1786 Ad

131 1803 226 1867 vulos
255 1815 286 1868 et
310 1802 467 1868 lactentes
491 1806 575 1868 sumi
599 1826 657 1885 pro
680 1805 838 1881 fidelibus,
876 1807 931 1888 qui
955 1806 1017 1868 Dei
1040 1804 1104 1885 spi-
1157 1805 1405 1888 profligandum.
1452 1805 1517 1871 Sed
1548 1806 1717 1888 quaeritur
1739 1806 1898 1888 quomodo
1921 1807 2031 1871 hostes
2054 1827 2132 1872 suos

131 1890 196 1952 ritu
229 1890 334 1952 renati
370 1889 452 1952 nihil
486 1904 583 1953 vetus
613 1891 753 1972 sapiunt.
808 1893 851 1955 Et
881 1892 957 1973 quid
989 1890 1105 1953 attinet
1156 1893 1306 1974 profliget
1324 1890 1427 1969 Deus,
1450 1913 1587 1974 quorum
1606 1893 1763 1974 sacrilega
1776 1892 1957 1973 petulantia
1969 1892 2131 1955 violenter

132 1973 272 2038 Doridis
305 1974 402 2038 verba
433 1985 591 2056 torquere,
633 1998 769 2057 quorum
801 1980 962 2060 genuinus
991 1993 1104 2040 sensus
1156 1986 1271 2041 contra
1294 1979 1404 2041 omnia
1427 1977 1556 2041 divinae
1587 1977 1811 2060 providentiae
1834 1978 1984 2058 exempla
2008 1978 2129 2058 impin-

130 2067 200 2122 tam
232 2072 308 2143 apte
336 2059 431 2123 fluit?
478 2061 640 2124 Parvulos
671 2075 703 2125 et
733 2063 889 2127 lactentes
919 2061 997 2125 dicit
1025 2061 1105 2124 satis
1156 2082 1232 2145 gere
1264 2084 1328 2125 nnn
1360 2073 1475 2128 cessat.
1520 2062 1725 2145 Respondeo‚
1760 2083 1824 2126 non
1855 2063 2022 2146 profligari
2046 2063 2130 2145 quod

129 2144 255 2209 validus
274 2167 344 2210 esse
364 2156 517 2226 patronos
536 2148 591 2227 qui
611 2148 673 2211 Dei
694 2146 1103 2228 providentiumasserant.
1156 2149 1196 2211 ad
1229 2147 1419 2212 modestiam
1451 2158 1629 2231 cogantur:
1659 2147 1715 2212 sed
1745 2149 1822 2230 quia
1851 2170 1925 2213 eum
1956 2149 2024 2212 suis
2048 2148 2131 2211 blas·

131 2228 202 2296 Cur
227 2232 304 2295 viris
329 2252 393 2294 non
417 2231 553 2294 mandat
576 2232 654 2295 istas
673 2247 792 2314 partes,
817 2235 881 2297 nisi
901 2244 937 2297 ut
955 2231 1106 2296 ostendat
1156 2233 1296 2314 phemiis
1326 2245 1357 2296 et
1388 2235 1507 2298 canino
1539 2235 1659 2299 latratu
1690 2235 1830 2314 turpiter
1864 2233 1990 2299 confusi
2014 2235 2132 2298 iacent.

130 2315 263 2398 linguas
291 2317 458 2381 infantiles
488 2331 661 2398 antequam
693 2320 825 2383 verbum
857 2318 949 2383 effari
972 2323 1104 2399 queant,
1157 2318 1296 2384 Summa
1318 2326 1377 2392 est,
1399 2338 1418 2381 a
1442 2320 1546 2400 prima
1567 2318 1707 2383 hominis
1726 2320 1936 2400 generatione
1950 2319 2003 2383 vel
2016 2331 2133 2383 exortu

129 2422 246 2466 sonore
277 2412 386 2465 tanton
423 2403 509 2484 loqui
538 2424 635 2482 qttam
667 2404 810 2469 liberalis
842 2407 884 2469 sit
913 2404 1004 2467 Deus
1027 2421 1105 2477 erga
1157 2405 1202 2467 ita
1224 2404 1436 2484 conspicuum
1460 2425 1529 2468 esse
1553 2403 1682 2467 divinae
1708 2403 1935 2485 providentiae
1961 2404 2134 2487 fulgorem,

130 2508 236 2569 genus
278 2487 484 2552 humanum?
531 2489 627 2553 Unde
668 2492 754 2553 enim
790 2491 900 2554 statim
936 2489 976 2552 ab
1010 2499 1105 2552 utero
1130 2520 1133 2545 ι
1157 2499 1194 2552 ut
1223 2490 1366 2553 infantes
1398 2509 1416 2552 a
1447 2498 1587 2553 matrum
1619 2489 1772 2553 uberibus
1795 2490 1985 2571 pendentes,
2019 2510 2133 2553 eornm

128 2575 269 2654 egressIs
306 2574 499 2637 alimentum
535 2584 662 2655 praesto
701 2588 766 2640 est:
809 2577 872 2640 nisi
906 2575 983 2655 quia
1012 2574 1105 2636 Deus
1129 2550 1133 2625 l
1159 2576 1301 2638 furorem
1333 2583 1558 2656 prosternant:
1588 2576 1664 2656 quia
1693 2576 1817 2639 etiamsi
1842 2576 1965 2638 centies
1988 2589 2132 2657 crepent,

82 2670 92 2687 ⁸
128 2658 324 2723 mirabiliter
356 2661 549 2741 sanguinem
587 2662 619 2723 in
651 2661 700 2725 lac
738 2660 971 2725 transformat?
1020 2658 1105 2721 unde
1130 2634 1134 2683 ¹
1159 2662 1281 2725 frustra
1315 2660 1413 2725 robur
1453 2660 1537 2741 quod
1574 2661 1606 2723 in
1640 2659 1698 2723 illa
1731 2658 1898 2724 debilitate
1931 2680 1966 2722 se
1998 2661 2132 2742 profert,

128 2745 225 2808 etiam
244 2744 383 2827 eugendi
402 2745 575 2827 industria,
596 2747 656 2810 nisi
676 2746 855 2827 quiaitlem
875 2746 968 2810 Deus
987 2764 1105 2808 arcano
1159 2747 1351 2811 subvertere
1374 2747 1534 2810 nituntur.
1581 2744 1779 2826 Quanquam
1798 2757 1906 2809 autem
1926 2747 1958 2808 in
1978 2746 2131 2810 omnibus

128 2830 288 2894 instinctu
333 2831 466 2912 linguas
511 2852 621 2894 eorum
671 2833 783 2913 aptat?
848 2834 936 2913 Ergo
983 2831 1105 2911 optima
1159 2832 1336 2898 incredulis
1360 2843 1476 2914 regnat
1495 2830 1669 2895 ulciscendi
1689 2831 1796 2906 libido,
1819 2832 1914 2896 sicuti
1933 2830 2026 2894 Deus
2045 2830 2134 2894 filios

127 2916 256 2979 ratione
271 2917 379 2980 David
393 2916 545 2996 quamvis
558 2927 685 2981 cessent
704 2939 817 2983 omnes
837 2918 947 2982 viriles
963 2917 1104 2997 linguae,
1130 2904 1134 3033 Ι
1159 2940 1235 2982 suos
1266 2917 1526 2981 mansuetudinis
1555 2916 1674 2998 spiritu
1705 2918 1803 3000 regit:
1841 2926 1951 2980 tamen
1982 2936 2040 2998 pro
2069 2915 2131 2981 Ioci

127 3023 164 3065 os
194 3000 325 3084 elingue
357 3002 531 3064 infantium
563 3001 602 3064 ud
637 3002 862 3066 celebrandam
887 3003 950 3067 Dei
974 3001 1103 3065 laudem
1159 3003 1339 3084 praesentis
1376 3003 1621 3068 cIrcumstuntia
1658 3003 1720 3067 hoc
1753 3000 1932 3083 epithetum
1970 3001 2133 3083 propheta

127 3088 209 3150 satis
232 3085 387 3151 idoneum
412 3108 482 3150 esse
503 3089 702 3170 pronuntiat.
731 3089 904 3153 Caeterum
924 3088 1009 3169 quod
1030 3104 1103 3168 par·
1159 3088 1222 3152 Dei
1244 3089 1523 3171 contemptoribus
1546 3089 1705 3164 attribuit,
1733 3089 1787 3169 qui
1811 3109 1875 3150 non
1901 3086 1996 3150 modo
2020 3099 2131 3150 trucu-

128 3171 224 3236 rnlos
254 3195 319 3237 non
350 3172 455 3234 solum
487 3183 586 3237 testes
616 3173 667 3237 vel
698 3195 872 3254 praecones
896 3173 959 3237 Dei
982 3173 1104 3256 gloriae
1158 3174 1237 3237 lenti
1268 3175 1401 3236 suntin
1426 3174 1585 3250 homines,
1614 3174 1670 3236 sed
1701 3193 1822 3236 vesana
1845 3170 1933 3235 rabie
1956 3171 1997 3234 ad
2021 3170 2131 3235 Deum

129 3256 267 3333 inducit,
311 3257 367 3322 sed
408 3278 522 3320 eorum
562 3259 610 3321 ori
644 3261 795 3324 attribuit
829 3262 959 3323 firmum
995 3259 1104 3332 robur,
1128 3234 1133 3341 l
1157 3280 1283 3340 quoque
1313 3256 1568 3339 oppugnandum
1599 3258 1723 3322 ardent.
1770 3254 1866 3335 Quod
1899 3256 1940 3319 ad
1963 3257 2131 3337 explican-

129 3363 251 3426 magna
274 3343 408 3424 energia
434 3364 496 3406 non
525 3353 623 3407 curet.
669 3346 811 3408 Perinde
833 3346 921 3408 enim
945 3355 995 3408 est
1018 3365 1054 3408 uc
1077 3342 1104 3405 si
1129 3354 1132 3393 t
1157 3344 1230 3408 dum
1255 3343 1432 3426 prophetae
1455 3352 1599 3407 mentem
1622 3345 1748 3420 attinet,
1772 3342 1837 3406 iam
1860 3340 2033 3406 defunctus
2057 3363 2128 3405 sum

127 3426 265 3493 dixisset
286 3429 426 3493 invictos
449 3449 519 3492 esse
548 3430 609 3492 Dei
634 3431 762 3507 milites,
787 3432 842 3513 qui
864 3442 968 3494 totum
993 3427 1106 3509 impio·
1155 3429 1211 3494 fidi
1243 3429 1433 3510 interpretis
1463 3428 1577 3494 officio.
1623 3431 1766 3494 Tantum
1797 3436 1898 3493 restat
1927 3449 2012 3490 unns
2041 3449 2132 3491 scru-

126 3535 201 3577 rum
235 3514 424 3589 exereitum,
468 3515 496 3577 si
532 3513 573 3578 ad
607 3516 792 3580 conflictum
827 3530 962 3581 ventum
997 3514 1103 3589 fuerit,
1156 3517 1260 3598 pulus‚
1291 3514 1368 3596 qnia
1395 3514 1527 3578 videtur
1556 3513 1850 3581 OhristusMatth.
1874 3512 2054 3596 capite2l,
2078 3513 2128 3592 16,

128 3600 222 3664 facile
245 3600 405 3681 dissipent
435 3622 471 3664 ae
497 3611 675 3682 proterant.
721 3601 908 3665 Notandum
934 3602 1021 3664 enim
1045 3611 1103 3674 est,
1129 3672 1131 3683 Ι
1155 3602 1379 3667 testimonium
1412 3600 1472 3666 hoe
1502 3600 1565 3664 alio
1594 3601 1732 3677 trahere,
1769 3600 1846 3663 dum
1878 3598 1909 3662 id
1941 3598 1980 3662 ad
2010 3620 2132 3681 pueros

129 3700 244 3749 eontra
285 3705 369 3767 qnos
408 3685 589 3751 infantibus
624 3709 744 3752 munus
778 3688 931 3771 iniungat
965 3684 1104 3749 tuendae
1128 3690 1131 3753 t
1155 3687 1316 3753 decennes
1358 3686 1589 3751 accommodat.
1661 3685 1726 3750 Sed
1769 3685 1871 3749 facilis
1910 3684 2028 3747 solutio
2069 3696 2128 3761 est,

128 3769 254 3852 gloriae
274 3770 357 3835 Dei:
382 3791 499 3853 nempe
511 3784 625 3836 contra
641 3773 762 3837 ferreos
774 3772 838 3837 Dei
855 3781 1103 3853 contemptores,
1128 3758 1131 3869 1
1155 3773 1326 3837 Christum
1351 3795 1369 3834 a
1393 3773 1508 3836 maiori
1532 3770 1571 3834 ad
1596 3772 1704 3834 minus
1727 3771 1929 3834 ratiocinari:
1960 3768 2042 3837 nihil
2067 3772 2129 3833 sci·

128 3858 184 3937 qui
226 3858 395 3941 gigantum
438 3878 528 3920 moro
571 3858 690 3921 bellum
730 3859 827 3924 coelis
860 3858 1004 3922 indicere
1037 3878 1101 3919 non
1128 3874 1131 3911 t
1155 3859 1230 3922 IIeet
1252 3857 1386 3922 absurdi
1409 3877 1480 3921 esse
1498 3856 1525 3920 si
1546 3857 1646 3931 Deus,
1670 3854 2131 3938 quipuerosadhueinfsntes

128 3940 292 4005 dubitant.
337 3942 448 4022 Quum
479 3964 557 4025 ergo
589 3943 739 4027 cyclopes
759 3946 812 4008 isti
835 3945 956 4007 furioso
979 3943 1103 4025 impetu
1128 3962 1130 3991 ¹
1155 3944 1277 4026 gloriae
1296 3962 1374 4006 suae
1393 3943 1538 4006 vindices
1557 3941 1736 4018 constituit,
1759 3948 1931 4021 postquam
1943 3937 1982 4002 ad
2002 3950 2131 4021 septem

128 4027 325 4106 convellant,
359 4047 396 4091 ac
430 4042 618 4109 pervertent
653 4029 810 4111 quidquid
840 4041 887 4092 est
916 4029 1045 4109 pietatis
1068 4029 1102 4089 in
1127 4015 1130 4119 l
1155 4051 1256 4094 annos
1277 4039 1309 4092 ut
1328 4027 1414 4090 ultra
1433 4028 1593 4109 progressi
1616 4040 1703 4107 sunt,
1728 4025 1995 4108 praeconiumex
2015 4046 2129 4089 eornm

129 4112 262 4189 mundo,
301 4133 425 4194 suaque
453 4113 573 4177 duritie
603 4116 729 4179 coelum
761 4116 868 4197 ipsum
900 4113 1103 4195 perfringere
1155 4115 1277 4197 linguis
1300 4113 1415 4177 eliciet.

127 4210 301 4277 cenentur,
330 4197 440 4262 David
464 4219 522 4279 per
545 4199 720 4263 ludibrium
744 4201 776 4264 iu
802 4201 900 4264 aciem
927 4219 1102 4279 puerorum

128 4304 188 4346 ora
210 4283 329 4362 educit,
352 4295 384 4346 et
406 4284 485 4348 satis
510 4285 627 4349 validis
650 4289 748 4350 armis
771 4287 932 4351 instructa
955 4306 1034 4359 esse,
1066 4300 1131 4423 aa!
1239 4285 1269 4348 4.
1304 4284 1436 4364 Quando
1471 4283 1560 4349 video
1588 4282 1685 4348 coelos
1715 4287 1791 4358 taos,
1826 4300 1921 4360 opera
1957 4282 2130 4363 digitorum

128 4368 324 4432 fortitudine
351 4369 474 4451 pollere
504 4370 581 4433 dicit
612 4370 651 4434 ad
684 4369 950 4452 prosternendam
989 4390 1100 4433 eorum
1153 4375 1288 4449 tuorum,
1318 4372 1428 4435 lunum
1451 4373 1479 4433 et
1502 4369 1617 4445 sullae,
1647 4389 1726 4449 quus
1754 4367 1954 4442 concinnasti,
1988 4368 2017 4430 ὁ.
2045 4367 2129 4447 Quid

128 4454 328 4533 superbiam.
373 4454 451 4518 Ideo
474 4476 550 4518 mox
573 4455 712 4531 subiicit,
740 4462 872 4536 propter
893 4456 1101 4519 adversarios.
1127 4426 1131 4529 l
1153 4462 1198 4521 ast
1219 4456 1316 4531 tiemo,
1343 4456 1425 4537 quoa
1446 4473 1562 4519 memor
1583 4474 1616 4518 aa
1638 4457 1715 4532 eins,
1738 4451 1873 4533 etfiliau
1894 4452 2030 4517 tantais
2052 4454 2130 4531 piria

130 4539 245 4621 Neque
275 4541 359 4603 enim
392 4541 465 4605 forti
495 4543 641 4621 potentia
665 4541 784 4605 bellare
808 4562 937 4605 neeesse
960 4555 1009 4603 est
1032 4540 1103 4603 Deo
1127 4534 1130 4593 l
1154 4562 1223 4605 uam
1244 4540 1423 4626 etsttastr)
1830 4558 1840 4571 ¹

129 4623 172 4687 ad
186 4625 365 4690 vincendos
375 4627 496 4702 fideles,
515 4628 570 4707 qui
579 4638 695 4707 sponte
709 4646 818 4690 vocem
828 4627 897 4690 eius
910 4637 1103 4706 sequuntur,

130 4730 393 4792 propensumque
422 4710 613 4793 obsequium
641 4711 798 4775 exhibent
820 4710 914 4776 slmul
941 4733 978 4775 ue
1001 4710 1104 4791 digito
1240 4711 1404 4791 Quoniam
1429 4710 1587 4792 particula
1611 4724 1651 4790 t)
1675 4710 1760 4791 apud
1784 4709 1961 4784 Hebraeos,
1993 4716 2129 4770 tantun-

129 4798 261 4878 signum
292 4797 427 4861 dederit.
472 4798 591 4860 Fateor
625 4796 754 4879 quidem
778 4797 884 4861 lucere
907 4788 969 4858 Dei
993 4797 1101 4876 provi·
1127 4796 1130 4865 l
1154 4797 1228 4862 dem
1263 4818 1359 4881 saepe
1393 4798 1482 4860 valet¹
1515 4818 1552 4861 ao
1597 4796 1707 4859 latinis
1742 4796 1830 4877 quia,
1870 4806 1903 4858 et
1934 4793 2127 4872 simpliciter

130 4882 275 4947 dentiam
298 4883 489 4964 praesertim
514 4883 656 4946 fidelium
680 4903 788 4961 eausa,
810 4883 886 4964 quia
904 4882 963 4945 soli
984 4881 1102 4945 oculati
1128 4868 1131 5011 Ι
1154 4885 1305 4958 affirmat,
1348 4883 1465 4947 Graeci
1504 4884 1571 4946 fero
1605 4891 1637 4944 et
1671 4882 1783 4945 Latini
1819 4891 1944 4945 veteres
1979 4898 2127 4943 seorsum

128 4977 209 5031 eunt
239 4967 279 5030 ad
295 4989 381 5032 ,eam
411 4968 629 5049 spectandum.
675 4968 800 5031 Verum
832 4969 906 5049 quia
928 4967 1046 5031 dociles
1069 4988 1103 5031 se
1128 5020 1130 5037 ,
1153 4969 1303 5051 legerunt
1325 4978 1476 5048 quartum
1502 4989 1645 5044 versum,
1669 4987 1706 5030 ac
1730 4967 1757 5030 si
1781 4966 1922 5048 perfectu
1947 4973 2033 5027 esset
2056 4985 2130 5028 sen-

128 5053 296 5133 praebent,
325 5053 450 5135 placido
478 5055 565 5136 ipsos
588 5052 680 5117 Deus
702 5051 823 5117 erudit:
856 5064 969 5117 contra
994 5052 1103 5116 hostes
1127 5046 1130 5073 '
1154 5054 1273 5118 tentia:
1303 5052 1359 5116 sed
1392 5075 1456 5116 non
1486 5053 1620 5117 dubium
1652 5064 1701 5116 est
1734 5053 1812 5134 quin
1836 5050 1985 5130 sequenti
2009 5070 2127 5115 conve·

128 5158 209 5200 vero
245 5140 374 5220 proprie
408 5160 441 5202 se
475 5149 590 5213 armat,
626 5141 680 5221 qui
716 5158 882 5220 nunquam
914 5139 978 5203 nisi
1001 5141 1102 5202 coacti
1154 5183 1358 5194 --—

128 5223 261 5288 cedunt.
308 5222 450 5303 Quidam
474 5223 649 5289 andnndi
671 5226 808 5290 verbum
832 5224 931 5289 nimis
953 5225 1102 5290 restricte
1223 5240 1251 5306 ⁸)
1270 5255 1321 5308 que
1341 5246 1371 5291 tu
1389 5241 1414 5292 le
1433 5239 1534 5304 visites,
1554 5254 1587 5291 en
1606 5254 1763 5306 marpesso
1781 5252 1810 5289 ss
1828 5252 1997 5291 sonrenance
2016 5236 2128 5305 doluy?
