4658 5856
225 301 265 365 51
1074 292 1291 359 PSALMUS
1314 293 1377 358 III.
2181 283 2225 348 52

225 505 259 554 et
288 486 425 570 angelos
458 487 612 550 emineat.
643 506 709 567 qna
741 484 782 548 de
813 505 913 548 causa
945 483 1046 546 etiam
1075 481 1196 547 dieitur
1217 484 1223 547 l
1246 479 1421 545 admodum
1455 494 1489 544 et
1524 480 1594 545 Ieel
1622 480 1653 556 2,
1689 479 1742 557 32,
1769 486 1942 560 postquam
1971 473 2088 556 impios
2108 471 2227 537 citavit

225 573 376 654 signatus
403 591 476 636 esse
496 592 517 635 a
539 572 620 647 Dee,
646 570 738 635 loan.
766 570 798 637 ti.
826 570 879 645 21,
918 570 996 650 qnia
1023 568 1197 648 peculiaris
1218 558 1224 597 ¹
1247 566 1288 631 ad
1312 566 1468 631 horribile
1490 566 1555 630 Dei
1584 564 1738 639 tribunal,
1771 560 2025 628 consolationem
2045 578 2127 622 mex
2148 555 2227 622 snb·

225 658 260 721 in
282 678 356 722 eum
379 655 524 739 dignitas
545 657 664 721 collata
684 672 744 727 est,
763 675 847 734 quae
868 655 911 719 ab
932 651 1085 716 omuibus
1105 672 1196 717 crea·
1247 652 1332 716 iicit:
1365 651 1525 734 Quisquis
1546 651 1751 716 invocaverit
1778 668 1897 712 nomen
1920 644 2064 721 Domini,
2094 642 2225 707 salvum

225 745 307 807 turis
328 763 403 806 enm
425 743 559 805 eximat.
594 740 690 821 Quod
712 741 839 804 Parnm
863 754 996 802 vertunt
1017 737 1073 800 alii
1093 737 1197 801 inter·
1247 737 1324 801 lere.
1374 736 1532 801 Seorsum
1561 738 1648 800 enim
1677 733 1816 817 legenda
1843 730 1926 795 mihi
1956 728 2087 794 videtur
2115 727 2226 792 excla-

224 844 348 910 pretes,
385 825 500 890 dentis
532 842 582 889 cst
615 848 654 890 ac
685 826 792 907 magis
824 838 989 889 eoactum:
1022 843 1085 905 ego
1120 843 1197 885 vero
1247 823 1346 886 matio
1369 823 1458 897 haec,
1482 822 1580 886 Beati
1595 840 1701 885 omitte
1717 821 1772 901 qai
1791 817 1947 898 confideret
1964 816 2001 879 in
2020 834 2064 879 co.
2098 811 2225 892 Quam-

222 934 343 976 nemen
366 912 444 974 Filii
468 911 609 975 libenter
628 912 763 977 retineo.
784 910 871 991 quod
889 909 1048 991 superiori
1065 920 1197 971 senten·
1248 908 1431 972 visentem
1455 923 1521 972 tam
1544 906 1586 971 ad
1608 906 1716 971 Deum
1739 924 1837 986 quam
1854 902 1896 966 ad
1914 900 2087 967 Christum
2107 899 2225 963 referri

224 999 290 1061 tiae
311 997 496 1077 respondet,
518 996 573 1060 nbi
596 996 719 1060 dictum
736 996 809 1067 fuit,
832 994 938 1059 Filius
956 1014 1048 1057 mens
1069 1015 1115 1073 ee,
1135 1013 1197 1075 ego
1218 1008 1223 1073 ᾗ
1247 995 1349 1074 possit
1401 1013 1569 1071 ronomen,
1598 991 1718 1056 melius
1739 1002 1861 1066 tamen,
1888 1005 1962 1051 meo
1983 983 2117 1062 iudicio,
2147 1004 2225 1049 oon·

224 1082 322 1147 hodie
361 1084 463 1165 genui
501 1098 543 1145 te.
600 1080 698 1161 Quod
731 1081 880 1162 sequitur
911 1081 1068 1145 continuo
1105 1089 1196 1159 pest,
1219 1110 1223 1169 ;
1248 1078 1341 1143 venit
1389 1098 1408 1140 e
1440 1077 1574 1143 Christo
1595 1077 1734 1159 intelligi
1758 1095 1855 1157 quem
1877 1074 1969 1154 prins
1991 1068 2136 1136 oseulari
2157 1069 2225 1132 ins·

225 1166 351 1233 Christi
379 1166 658 1247 contemptoribus
687 1186 751 1229 uon
779 1168 913 1246 impune
934 1185 1103 1230 eameram
1125 1184 1197 1226 esse
1219 1184 1223 1291 p
1247 1177 1344 1227 serat.

223 1274 320 1318 snum
341 1253 476 1317 fastum.
505 1252 677 1316 admonet:
699 1272 737 1314 ac
758 1252 788 1314 si
823 1251 977 1315 dixisset:
1013 1249 1101 1327 Quia
1131 1270 1224 1321 non,

223 1338 394 1420 spernitur
421 1338 574 1402 Christus
602 1337 727 1417 absque
755 1335 866 1400 Patris
894 1334 1110 1410 contumelia,
1139 1335 1195 1413 qni
1219 1340 1223 1377 ³

225 1444 300 1487 eum
321 1441 381 1487 sua
402 1422 507 1504 gloria
525 1422 667 1495 ornavit,
691 1421 757 1484 tale
778 1422 985 1495 saerilegium
1005 1419 1105 1484 Patet
1126 1420 1196 1501 ipse
1219 1420 1223 1459 :

224 1507 365 1572 inultum
405 1529 471 1571 non
504 1508 601 1571 siuet.
651 1506 722 1569 lam
760 1527 840 1570 vere
874 1527 915 1570 ne
948 1526 1006 1587 spe
1040 1504 1222 1586 longioris‘
1749 1575 1762 1591 .

223 1614 334 1657 morae
355 1594 477 1656 frustra
500 1615 535 1657 se
559 1594 689 1657 lactent.
718 1607 817 1672 atque
836 1612 877 1654 er
901 1590 1065 1672 praesenti
1087 1589 1196 1671 quiete
1218 1662 1221 1669 ,
1580 1574 1788 1644 PSAIdle
1810 1574 1884 1641 ffl-

222 1678 282 1741 sibi
313 1680 428 1741 inanes
456 1679 577 1742 iaciant
607 1676 758 1753 delicias,
795 1677 971 1740 denuntiat
1003 1677 1087 1738 iram
1125 1675 1222 1738 eius·

222 1762 314 1826 brevi
342 1782 507 1826 momento
536 1781 738 1826 exarsurum.
784 1761 944 1825 Videmus
972 1762 1061 1824 enim
1094 1761 1123 1823 si
1154 1760 1861 1859 adjasse.1)aridregnopubus,licetultima
1878 1787 1970 1823 rerum
1987 1771 2109 1822 omnum
2127 1767 2223 1837 despe-

223 1862 354 1928 tempus
376 1849 552 1910 connireat
576 1848 677 1920 Deus,
699 1860 733 1909 et
755 1848 871 1928 impios
894 1845 1020 1921 toleret,
1041 1867 1084 1908 ex
1107 1844 1196 1908 illius
1218 1872 1222 1899 =
1349 1842 1421 1893 ‘⁸¹³0
1438 1850 1557 1920 urgeret,
1574 1840 1660 1919 Dtssm
1677 1846 1769 1893 ΝΜ
1786 1840 1896 1892 invocet
1912 1840 2025 1918 eiusque
2043 1836 2224 1916 mmmm

221 1932 356 1996 lenitate
373 1951 519 1996 erescere
534 1933 616 2013 ipsis
636 1930 823 1996 audaciam:
846 1932 924 2010 qnia
945 1932 1016 1994 eins
1038 1930 1195 1994 iudicium
1217 1910 1222 1963 ξ
1349 1909 1479 2030 ΞΞΙΞΞῙᾞ
1491 1916 1729 2029 ξζξῑζξῃζῦξωζ
1746 1906 2013 2029 ffiffisstffiff
2032 1904 2223 2026 lffib‘tssuffi

220 2018 350 2081 nisiex
372 2019 482 2081 carnis
503 2038 602 2081 sensu
626 2028 659 2079 et
681 2018 885 2099 experientia
907 2037 974 2079 nen
996 2015 1221 2096 concipiunt:
1349 1995 1442 2098 omn?
1467 1994 1623 2114 ingerpebaff
1651 1993 1778 2097 plinton
1810 1992 1863 2096 ilbi
1895 2017 2007 2111 totiqne'
2025 1992 2163 2095 {001OEae
2189 2041 2223 2093 de

219 2101 299 2166 Scio
327 2104 522 2183 particulam
544 2116 575 2182 p)
611 2150 614 2155 -
638 2115 666 2182 2
687 2123 781 2166 secus
811 2123 831 2165 a
858 2100 1052 2181 quibusdam
1075 2102 1195 2181 exponi
1347 2115 1419 2166 tebet
1436 2115 1512 2166 exitu
1528 2114 1690 2182 gratulatur.
1985 2120 1991 2133 ·

221 2207 340 2267 nempe
362 2188 498 2251 simulac
519 2189 569 2250 ira
620 2189 650 2250 ei
670 2184 724 2249 vel
748 2185 870 2249 modice
893 2189 1063 2263 exarserit,
1085 2200 1194 2250 aetum
1949 2208 1955 2219 ·

221 2272 291 2336 iore
319 2271 360 2334 de
388 2271 551 2352 reprobis:
580 2273 638 2335 sed
667 2272 774 2354 magis
796 2284 1051 2334 consentaneum
1073 2282 1125 2334 est
1152 2270 1194 2332 ad
1217 2268 1221 2349 ξ
1332 2270 1360 2331 1.
1387 2266 1553 2335 arctoum
1574 2266 1723 2343 Doridis,
1750 2285 1847 2347 φησιν
1865 2265 2028 2348 saperet-a
2049 2265 2135 2343 facie
2155 2262 2222 2327 Ab·

222 2368 350 2437 tempus
371 2358 501 2427 referre,
530 2379 571 2420 ne
592 2355 712 2421 callum
734 2378 776 2419 ex
798 2377 858 2420 suo
880 2368 1009 2437 torpore
1030 2354 1194 2420 obducant
1217 2354 1222 2467 ἰ
1244 2354 1344 2417 salem
1363 2351 1429 2431 filii
1449 2356 1511 2418 eui.

219 2441 362 2523 superbi,
389 2457 488 2522 atque
516 2463 559 2506 ex
588 2441 651 2506 Dei
681 2441 842 2522 patientia
871 2442 1101 2521 impunitatem
1131 2439 1193 2502 sibi

219 2527 422 2607 promittant.
466 2526 572 2589 Porro
599 2526 731 2589 tametsi
761 2525 892 2587 videtur
913 2544 1029 2588 causae
1055 2522 1193 2586 redditio
1333 2525 1361 2586 l.
1396 2522 1505 2600 Quam
1544 2519 1680 2585 acerbus
1721 2520 1820 2585 luerit
1852 2518 1992 2584 Davidis
2023 2540 2153 2584 moeror
2185 2520 2219 2584 in

218 2631 301 2685 esse,
339 2627 374 2675 et
405 2610 596 2673 adverbium
637 2608 726 2691 qnod
759 2610 903 2689 ponitur,
943 2610 1074 2691 saepius
1106 2608 1193 2688 apud
1245 2607 1486 2688 conspiratione
1502 2604 1680 2669 domestica
1696 2626 1780 2686 quae
1797 2628 1839 2669 ex
1857 2605 1980 2686 proprii
2000 2604 2060 2668 filii
2082 2606 2221 2686 perfidia

217 2696 389 2759 Hebraeos
417 2694 546 2756 causale
575 2705 641 2756 est:
674 2692 766 2755 nolui
797 2703 906 2755 tamen
934 2695 976 2756 ab
998 2693 1192 2774 interpreta-
1245 2704 1360 2757 exerta
1381 2706 1462 2768 erat,
1484 2691 1601 2771 cuique
1623 2702 1772 2754 nostrum
1794 2713 1835 2754 ex
1859 2704 1996 2754 naturae
2012 2710 2115 2755 sensu
2133 2691 2220 2755 colli·

219 2782 309 2842 tione
331 2779 437 2858 magis
458 2790 590 2858 recepta
617 2776 791 2840 discedere.
836 2777 965 2841 Placuit
987 2791 1097 2841 tamen
1119 2778 1192 2841 red·
1246 2798 1322 2858 gere
1350 2788 1537 2857 promptum
1562 2786 1621 2838 est.
1666 2774 1736 2839 Iam
1764 2797 1866 2857 quum
1895 2774 1981 2840 hanc
2008 2774 2139 2840 cladem
2160 2796 2220 2840 sua

220 2864 298 2927 dere
331 2883 388 2944 per
421 2861 612 2925 adverbium
647 2860 798 2938 Quando.
838 2861 923 2943 quod
961 2878 1028 2925 tum
1061 2881 1193 2926 causam
1245 2860 1341 2944 eulpa
1362 2861 1521 2924 divinitus
1542 2860 1668 2923 illatam
1689 2861 1751 2925 sibi
1773 2883 1844 2924 esse
1865 2860 1972 2935 senet,
2001 2859 2045 2923 ob
2066 2876 2219 2942 stuprum

220 2969 318 3030 quum
345 2961 475 3026 tempus
497 2958 600 3010 notat.
654 2944 765 3009 Perire
785 2946 823 3009 de
848 2948 903 3010 eta
925 2946 1056 3028 quidam
1092 2967 1192 3029 expo·
1216 2916 1222 3011 l
1245 2948 1371 3011 alienae
1400 2946 1495 3009 nxori
1516 2945 1670 3019 oblatum,
1704 2956 1737 3009 et
1759 2947 1867 3010 lasum
1889 2946 2062 3009 innoxium
2084 2947 2219 3029 sangui·

220 3048 305 3095 nnnt
345 3046 479 3111 prepter
523 3033 611 3093 viaet
654 3050 854 3112 perversam,
905 3031 956 3094 vel
1000 3032 1191 3096 sceleratam
1217 3018 1222 3087 l
1245 3053 1330 3105 nem,
1353 3042 1443 3095 totns
1458 3029 1628 3093 concidere
1647 3032 1752 3111 potnit
1768 3044 1800 3093 et
1819 3031 1977 3094 anxietati
1995 3031 2219 3108 succumbere,

220 3114 356 3180 vivendi
388 3114 559 3178 rationem.
611 3114 678 3178 Alii
709 3115 889 3185 resolvunt.
923 3136 965 3179 ne
997 3118 1052 3181 ria
1080 3130 1193 3181 restra
1216 3090 1221 3179 l
1245 3119 1308 3181 nisi
1338 3115 1401 3180 llei
1430 3116 1642 3196 promissione
1673 3130 1801 3179 erectus
1830 3117 1936 3179 vitam
1957 3117 1992 3177 iu
2015 3130 2124 3199 morte
2145 3137 2219 3198 spe·

220 3216 340 3283 pereat,
362 3197 542 3265 secundnm
565 3198 646 3263 illnd
669 3198 780 3264 Psalm
805 3202 832 3273 1,
856 3201 893 3265 6:
928 3199 993 3266 Vin
1014 3202 1191 3284 impierum
1246 3214 1357 3267 resset.
1401 3201 1506 3266 Porro
1526 3202 1603 3281 qnia
1624 3214 1757 3282 peecata
1777 3221 1839 3264 sua
1860 3221 1927 3264 non
1945 3201 2090 3282 attingit,
2113 3202 2219 3266 scien·

220 3285 347 3368 peribit.
394 3285 479 3349 blibi
501 3286 607 3365 magis
629 3284 751 3349 arridet
780 3285 930 3351 ditemus
953 3306 1077 3365 sensns,
1106 3286 1192 3368 qnod
1245 3285 1322 3350 dum
1342 3300 1393 3351 est
1410 3288 1548 3349 alteram
1566 3283 1672 3349 selum
1690 3286 1916 3366 precationum
1933 3306 2072 3349 suarum
2092 3301 2219 3368 partem

220 3372 330 3434 David
353 3372 422 3434 lore
445 3369 627 3449 denuntiet,
650 3386 686 3432 nt
710 3390 765 3433 eos
782 3371 967 3451 intercipiat
985 3373 1111 3436 subitus
1129 3370 1193 3435 Dei
1245 3372 1307 3436 boc
1335 3370 1467 3437 Psalmo
1498 3370 1706 3453 complexum
1735 3390 1817 3435 esse.
1862 3370 1960 3448 Quod
1982 3370 2023 3433 de
2045 3371 2219 3450 adulterio,

220 3460 320 3528 fnror,
343 3455 421 3517 dum
445 3474 480 3516 se
502 3453 665 3535 putabunt
684 3453 790 3518 adhue
812 3476 884 3518 csse
901 3454 936 3518 in
955 3456 1061 3519 tnedio
1079 3456 1192 3521 stadie.
1216 3412 1222 3523 l
1245 3473 1276 3520 et
1299 3456 1438 3521 scelesta
1460 3455 1561 3520 Uriae
1583 3454 1766 3538 proditione
1789 3475 1926 3538 poenam
1945 3454 2039 3519 Deus
2055 3456 2218 3531 sumebat,

221 3540 353 3606 Scimus
381 3540 469 3601 enirn
499 3550 536 3601 nt
558 3536 623 3602 Dei
646 3550 889 3619 contemptores
911 3539 972 3603 sibi
994 3540 1027 3602 in
1050 3541 1194 3605 secunda
1246 3562 1309 3605 non
1340 3541 1474 3606 dubium
1502 3551 1551 3604 est
1573 3542 1729 3623 gravibus
1749 3538 1894 3621 dirisque
1916 3541 2019 3603 animi
2044 3541 2220 3606 tormentis

220 3626 354 3689 lortnna
377 3622 519 3686 blandiri
541 3623 676 3695 soleant,
708 3638 741 3685 et
763 3623 854 3703 quusi
877 3624 912 3686 in
936 3623 1000 3686 lato
1022 3644 1137 3707 eampo
1159 3647 1195 3689 se
1246 3627 1338 3689 initio
1369 3628 1467 3690 fnisse
1496 3627 1717 3693 constrictum.
1747 3626 1804 3690 sed
1826 3635 1998 3706 postquam
2022 3625 2220 3690 humiliatus

220 3713 350 3774 iactent.
373 3705 450 3770 Non
473 3707 531 3771 abs
550 3727 585 3770 re
607 3707 709 3789 igitur
732 3710 876 3771 ntinutnr
893 3707 1071 3791 Propheta,
1094 3730 1194 3790 qnnnt
1245 3730 1354 3775 coram
1384 3710 1456 3773 Dee
1485 3710 1630 3773 animum
1660 3711 1801 3791 collegit,
1833 3724 1943 3774 certus
1973 3711 2013 3773 de
2042 3713 2220 3793 impetrata

220 3795 380 3858 dixerint:
405 3792 476 3855 Pax
498 3804 531 3855 et
552 3794 721 3863 securitas,
753 3814 789 3855 se
812 3790 925 3873 preenl
948 3793 1068 3857 distare
1090 3813 1109 3855 n
1132 3794 1195 3857 line
1247 3798 1352 3867 venia,
1375 3794 1483 3857 ileum
1507 3816 1527 3856 n
1548 3816 1608 3857 sua
1630 3810 1721 3874 parte
1739 3816 1852 3860 secure
1870 3796 1997 3876 statuit,
2019 3815 2119 3876 quem
2137 3795 2220 3862 scie·

221 3902 279 3943 sun
325 3890 490 3958 putantes,
534 3876 706 3956 repentino
751 3878 884 3939 interitu
928 3876 1101 3957 abreptum
1146 3879 1195 3953 iri,
1247 3878 1303 3941 bat
1339 3881 1432 3960 regni
1472 3879 1522 3943 ani
1561 3898 1690 3959 semper
1723 3881 1791 3942 lore
1826 3881 2019 3960 praesidem.
2065 3879 2120 3944 De
2153 3881 2220 3945 filie

220 3964 246 4028 1.
266 3964 380 4027 Thess.
399 3962 473 4039 b,3.
498 3959 656 4026 Clausala
677 3959 798 4023 Psalmi
817 3970 977 4041 temporat
995 3961 1079 4041 qnttd
1103 3963 1196 4042 prins
1246 3980 1355 4026 ornent
1386 3980 1515 4044 totaque
1551 3963 1622 4025 eius
1643 3963 1782 4027 factione
1810 3980 2006 4045 conquestus
2035 3978 2104 4028 est:
2143 3967 2222 4048 qnia

220 4050 260 4112 de
282 4045 459 4111 severitate
481 4044 605 4108 dictum
628 4045 705 4107 fnit:
736 4046 812 4125 qnia
834 4046 1018 4125 prontisone
1044 4046 1196 4111 omnibns
1219 4060 1223 4113 1
1246 4046 1367 4111 sciebat
1398 4067 1453 4109 eos
1482 4044 1521 4108 ud
1553 4044 1811 4110 labefactandum
1841 4047 1905 4112 Dei
1927 4050 2097 4114 decretum
2119 4051 2222 4133 impie

220 4151 382 4197 terrorem
410 4131 573 4193 incuteret
603 4126 709 4192 ferrent
731 4126 858 4191 Christi
890 4130 993 4211 sirpe,
1022 4143 1056 4193 et
1078 4132 1195 4211 ipttona
1218 4118 1223 4227 i
1247 4130 1427 4213 insurgere.
1472 4130 1525 4193 Itn
1560 4130 1587 4193 si
1621 4132 1750 4211 quando
1780 4134 1871 4196 Deus
1898 4135 2057 4214 improbis
2086 4148 2121 4198 et
2150 4156 2222 4200 soe-

223 4218 285 4283 Dei
306 4218 408 4289 furor,
439 4213 502 4277 nisi
525 4210 637 4275 addita
659 4228 742 4275 esset
768 4211 848 4277 ltnoo
869 4213 1054 4277 ettttsolntio.
1100 4214 1195 4277 Post·
1247 4215 1336 4279 lestis
1364 4208 1552 4278 ltotninibns
1579 4212 1621 4277 ud
1651 4236 1710 4279 nos
1737 4218 1947 4299 castigandos
1979 4232 2140 4302 tanquam
2164 4222 2222 4284 fla·

221 4322 319 4386 quatu
350 4318 429 4381 erge
458 4298 499 4362 de
522 4294 680 4371 horribili,
710 4296 796 4379 qued
820 4296 997 4361 incredulis
1019 4297 1194 4379 itnpetnlet,
1246 4300 1342 4377 puellis
1378 4310 1499 4367 utatur,
1535 4318 1667 4363 eattsttut
1703 4302 1808 4381 primo
1840 4303 2027 4383 expendere
2055 4305 2232 4379 convenit,¹

221 4388 339 4452 iudicio
363 4381 526 4457 disseruit,
549 4399 640 4445 nune
661 4382 827 4463 proposita
849 4380 975 4459 pultine
999 4380 1060 4445 lloi
1084 4382 1194 4446 tlnlce·
1247 4382 1327 4446 niltil
1346 4382 1471 4447 seilicet
1488 4402 1548 4447 nos
1568 4385 1702 4465 perpeti,
1720 4387 1806 4467 qtrttd
1826 4408 1890 4448 non
1911 4390 2081 4468 promeriti
2095 4391 2222 4453 simus:

222 4474 308 4551 dine,
337 4468 450 4534 fideles
480 4482 513 4531 et
535 4467 607 4547 pica
628 4466 698 4529 eins
720 4466 861 4531 cultores
884 4464 924 4529 nd
948 4464 1031 4530 bene
1059 4486 1194 4549 aptoton·
1247 4482 1283 4529 nt
1324 4466 1403 4530 lutee
1443 4466 1610 4531 tneditntio
1644 4488 1703 4531 nos
1736 4472 1778 4534 ad
1810 4472 2046 4552 poenitentiam
2078 4472 2223 4539 erudiat

222 4560 302 4624 dum
338 4556 468 4619 invitat.
528 4550 679 4615 litttttletn
720 4569 850 4631 ‹ptoqne
890 4549 1037 4613 enlinetn
1073 4550 1196 4615 l‘nttlna
1249 4550 1372 4614 l'erntn
1391 4550 1419 4615 ai
1439 4548 1546 4614 llennt
1569 4552 1792 4633 potiusquam
1811 4575 1870 4617 nos
1885 4572 2082 4638 oppuunant
2100 4559 2225 4639 hostes,

222 4656 320 4721 tenet,
341 4639 389 4704 11.
412 4638 486 4703 Cer.
511 4638 562 4715 10,
591 4636 622 4699 e.
666 4634 750 4697 Nntn
782 4634 836 4697 nbi
867 4634 951 4697 dixit
980 4634 1013 4696 in
1043 4648 1195 4717 pertitinet-tt
1247 4637 1401 4699 ortatiano
1428 4650 1497 4715 prin
1528 4634 1676 4699 attrectat
1700 4639 1778 4703 haec
1802 4638 1930 4711 fiducia,
1963 4628 2036 4706 eius
2058 4643 2225 4725 praesidio

222 4733 283 4795 sibi
307 4747 377 4792 esse
396 4720 577 4787 vindictam
601 4728 714 4785 eentrn
736 4716 932 4789 inorodnltn,
954 4718 1107 4782 etttttinne
1125 4728 1198 4800 pen
1249 4740 1307 4781 tren
1329 4720 1398 4783 ten
1419 4718 1536 4787 arilina.
1563 4720 1656 4783 enine
1677 4724 1816 4803 gratiani
1839 4745 1923 4805 qnae
1944 4728 2038 4790 nobis
2056 4731 2225 4810 promissa

222 4815 323 4885 addit,
364 4825 547 4875 sermenem
580 4804 621 4867 ad
663 4801 776 4867 lidolee
810 4800 976 4882 diripena:
1020 4802 1195 4883 l‘oatntnnn
1247 4818 1306 4873 on,
1330 4818 1484 4885 apuirnnnt
1511 4801 1557 4865 illi
1579 4819 1608 4866 et
1632 4808 1832 4872 tattrcnleaut.

223 4897 358 4979 impleta
391 4892 490 4958 luerit
521 4900 632 4953 vestre
667 4884 860 4951 obediontia.
919 4884 1014 4950 Nnno
1047 4898 1197 4951 tenentur

224 4982 402 5067 prophetae
429 4974 610 5043 eettsilium.
663 4972 751 5051 Quin
783 4971 872 5035 enirn
904 4969 1016 5033 titlelea
1047 4972 1198 5051 ripototn.
1333 4968 1363 5033 a.
1391 4968 1530 5039 lantone.
1564 4994 1659 5051 «pam
1692 4976 1892 5057 vualtiplintti
1922 4989 1997 5045 ersa
2021 5003 2225 5063 oppressores

224 5070 265 5133 de
287 5086 352 5147 qne
375 5062 534 5135 meminit,
564 5056 605 5123 ad
627 5076 664 5120 ee
685 5054 863 5119 estendere
886 5066 1046 5135 puerant.
1068 5054 1196 5137 naplnnt
1249 5054 1324 5117 tari:
1358 5054 1448 5115 ratolti
1481 5056 1648 5139 ittenrpant
1678 5070 1784 5124 aratra
1814 5084 1869 5127 ate.
1912 5066 1943 5129 3.
1979 5066 2079 5131 Multi
2110 5070 2225 5136 disant

223 5152 294 5236 spei
316 5149 397 5232 ipsis
417 5147 534 5228 aperit,
555 5164 619 5227 qne
639 5138 829 5223 confugiant
850 5136 892 5201 ab
914 5138 963 5201 ira
988 5136 1065 5203 llei:
1087 5156 1199 5219 qttttnt·
1248 5136 1374 5199 statimne
1397 5156 1492 5201 mette:
1515 5140 1585 5203 Nea
1607 5148 1652 5205 rat
1672 5144 1759 5207 saltat
1783 5148 1845 5225 ipuu'
1867 5151 1901 5213 itt
1924 5151 2005 5216 Deo.
2052 5150 2161 5218 aetna.
