4658 5856
229 353 294 424 575
1045 356 1260 427 PSALMUS
1283 355 1358 423 LX.
2165 352 2229 420 576

232 545 347 613 melius
378 555 487 628 pateat
516 568 655 632 regnum
678 546 789 614 Saulis
818 548 931 613 aDeo
960 543 1061 614 fuisse
1090 566 1200 629 repro·
1252 565 1344 610 suco
1364 544 1491 611 dextera
1511 549 1581 622 tua,
1609 549 1637 610 at
1664 547 1779 611 muudi
1807 567 1864 612 me
1908 547 1938 613 8.
1967 545 2055 612 Deus
2084 545 2229 627 loquutus

233 635 353 699 batum.
399 633 488 717 Ergo
510 632 551 698 de
573 634 693 699 misera
716 634 868 718 tristique
891 633 1103 716 dissipatione
1125 652 1202 697 con·
1253 636 1298 696 eet
1326 630 1361 695 iu
1381 630 1544 695 sanctitate
1571 650 1648 709 suo,
1680 631 1833 700 luctabor:
1864 633 2006 698 dicium
2034 630 2170 709 auem,
2200 633 2228 694 at

233 731 375 803 questus,
404 730 557 801 precatur
578 728 615 785 ut
636 719 735 785 rebus
755 721 791 785 in
814 719 929 786 melius
952 718 1098 795 mutetis,
1129 737 1202 799 pro·
1253 717 1364 782 valum
1387 713 1524 781 Sruhotl
1545 715 1699 783 dimetior.
1740 718 1770 784 9.
1795 717 1890 783 Meae
1909 717 2052 794 Galaod,
2081 724 2111 782 et
2138 735 2226 781 muts

234 804 349 889 pitium
378 826 413 869 so
436 804 528 870 Deus
554 804 709 871 exhibeat
737 807 856 889 populo
886 825 954 871 suo.
1000 805 1086 870 Nam
1116 801 1203 886 quod
1255 801 1425 881 Mauorte,
1446 806 1474 866 et
1495 800 1655 883 Ephraim
1674 803 1770 869 robur
1787 804 1903 885 capitia
1923 804 2002 868 mei:
2037 802 2161 868 Iehuda
2183 802 2226 866 le·

232 902 351 975 putant
373 889 504 972 quidam
522 889 683 957 Davidem
707 891 796 973 loqui
814 891 855 956 de
873 892 943 957 suis
962 888 1203 967 afflictionibus,
1252 888 1386 971 petrau
1394 886 1426 974 1*)
1447 907 1545 952 uuus.
1587 887 1638 953 10.
1660 888 1760 954 Moab
1781 889 1846 955 olla
1867 890 1992 955 lotiouia
2008 909 2111 955 meae:
2132 906 2229 969 super

233 1000 298 1043 non
321 974 400 1040 adeo
419 974 567 1058 quadrat.
596 976 720 1042 Fateor
737 978 880 1059 quidem,
902 985 1077 1061 antequam
1101 995 1203 1058 regno
1255 973 1358 1040 Edem
1382 974 1553 1055 prolluom
1580 973 1715 1040 ωῑοειιιιι
1747 994 1865 1042 meum:
1906 974 2094 1041 Palaestino
2126 971 2227 1038 iubeto

234 1064 278 1128 sit
300 1061 434 1146 potitus,
465 1061 590 1126 duriter
617 1061 720 1128 fuisse
747 1064 937 1146 probatum:
966 1063 1022 1130 sed
1046 1081 1147 1144 quum
1168 1080 1204 1125 se
1255 1079 1352 1142 super
1372 1077 1429 1125 me.

234 1150 294 1213 toti
313 1146 435 1230 populo
453 1145 620 1230 adiungat,
639 1167 676 1212 ac
687 1146 835 1231 deploret
848 1169 1035 1215 communes
1056 1147 1203 1213 omnium

235 1233 392 1308 miserias,
421 1231 501 1296 mihi
530 1254 596 1297 nou
619 1232 753 1299 dubium
777 1244 828 1300 est
850 1235 928 1316 quin
950 1256 1009 1318 per
1036 1253 1203 1316 eompara-
1341 1230 1372 1294 6.
1394 1228 1559 1315 (Dedisti.)
1608 1229 1749 1312 Quidam
1781 1230 1993 1315 praeteritum
2024 1231 2116 1295 verbi
2147 1242 2227 1295 tem·

236 1321 357 1385 donem
386 1318 527 1382 illustret
555 1319 695 1402 gratiam
719 1320 793 1401 Dei,
823 1341 904 1403 quae
933 1322 1046 1386 statim
1078 1319 1118 1384 ab
1145 1338 1203 1382 ex·
1255 1337 1318 1397 pus
1338 1314 1547 1380 transferunt
1568 1315 1602 1380 in
1625 1317 1808 1401 optativum
1829 1316 1978 1396 modum,
2009 1327 2046 1381 ut
2071 1318 2228 1382 continua

234 1405 325 1471 ordio
347 1424 383 1468 re
407 1403 441 1467 ni
463 1403 533 1469 eius
555 1423 640 1469 novo
668 1404 765 1470 modo
794 1406 956 1471 illuxerat.
1000 1405 1074 1471 Hac
1102 1404 1205 1487 igitur
1256 1401 1301 1465 sit
1333 1400 1486 1483 precatio.
1542 1401 1646 1484 Atqui
1680 1402 1789 1467 David
1823 1402 1932 1486 potius
1973 1403 2228 1485 gratulationem

235 1491 360 1556 ratione
383 1424 531 1571 deplorat
552 1510 671 1573 graves
692 1502 725 1556 et
746 1490 862 1592 longae
891 1491 1104 1567 calamitates,
1133 1489 1203 1572 qui·
1257 1487 1340 1553 votis
1362 1487 1571 1569 permiscens,
1592 1486 1762 1566 admonet,
1786 1489 1818 1552 in
1843 1487 2024 1553 mutatione
2046 1507 2130 1570 quae
2152 1507 2228 1552 con·

235 1577 296 1642 bus
318 1593 417 1658 prope
439 1573 561 1640 afflicte
582 1575 689 1641 fuerat
711 1576 845 1642 ecclesia
865 1578 926 1643 sub
950 1576 1059 1644 Saule.
1096 1575 1204 1658 Atque
1256 1573 1385 1657 tigerat,
1404 1573 1593 1655 apparuisse
1610 1574 1735 1639 clarum
1755 1575 1885 1655 signum
1903 1574 2024 1639 favoris
2044 1574 2117 1638 Dei.
2148 1573 2229 1657 Agit

235 1662 297 1727 hoc
319 1669 433 1725 notatu
456 1659 593 1743 dignum
611 1671 669 1741 est,
691 1681 792 1744 quum
811 1662 949 1747 gentiles
971 1683 1048 1728 suos
1069 1660 1206 1728 accerri-
1256 1678 1334 1741 ergo
1344 1657 1417 1723 Deo
1427 1657 1551 1741 gratias
1570 1658 1672 1724 totius
1689 1660 1799 1743 populi
1820 1660 1961 1735 nomine,
1980 1659 2227 1741 quiavexillum

235 1767 306 1812 mos
328 1758 362 1812 et
383 1745 592 1812 saevissimos
613 1747 768 1814 sensisset
791 1747 911 1828 hostes,
939 1747 994 1813 ubi
1017 1768 1105 1814 nuno
1125 1746 1206 1811 solio
1256 1744 1400 1809 erexerit
1421 1742 1462 1808 ad
1484 1744 1677 1810 recreandos
1699 1747 1841 1828 animos,
1863 1759 1898 1810 et
1920 1744 2138 1823 colligendam
2160 1743 2228 1808 dis·

236 1833 359 1916 potitus
385 1841 444 1909 est,
474 1830 622 1897 oblivisci
649 1854 763 1900 omnes
791 1834 922 1900 illorum
952 1833 1101 1913 iniurias,
1128 1832 1206 1914 quia
1256 1828 1450 1911 pereionem.
1496 1829 1696 1896 Particulam
1720 1852 1805 1914 quae
1826 1831 1989 1913 sequitur,
2018 1850 2122 1896 eoram
2148 1829 2229 1894 oeri-

236 1938 314 1984 suae
336 1916 514 1983 vocationis
536 1937 662 1981 memor
679 1930 744 1983 est:
766 1918 904 2002 ideoque
927 1919 1056 2004 prodire
1078 1920 1113 1983 in
1130 1939 1206 1984 cou-
1256 1920 1327 1996 tote,
1350 1914 1485 1999 frigide,
1514 1936 1587 1980 meo
1617 1916 1755 1996 iudicio,
1783 1931 1816 1982 et
1845 1917 1951 1982 ieiune
1980 1916 2142 1999 accipiunt
2172 1917 2229 1998 qui

235 2013 382 2089 spectum
404 2001 467 2067 Dei
490 2003 582 2084 quasi
605 2024 708 2068 unum
731 2026 772 2070 ex
794 2004 922 2088 populo.
952 2004 1206 2086 Dissipotlouem
1256 2009 1375 2082 putant
1404 2001 1513 2065 Deum
1535 1998 1668 2066 Iudaeis
1696 2001 1768 2066 ideo
1798 2004 1973 2086 propitium
2005 2004 2120 2079 fuisse,
2150 2002 2227 2083 quia

236 2110 316 2154 vero
338 2089 432 2170 ponit
453 2088 545 2169 quasi
575 2089 786 2173 praecipuum
818 2091 958 2156 malum:
990 2091 1066 2172 quia
1094 2090 1206 2156 fractis
1257 2106 1390 2151 veraces
1413 2097 1446 2151 et
1467 2086 1589 2171 integri
1611 2086 1803 2170 deprehensi
1831 2103 1935 2154 erant.
1979 2086 2109 2154 Scimus
2139 2088 2225 2151 enim

238 2174 290 2240 vel
309 2173 432 2238 attritis
451 2170 562 2238 Saulis
579 2173 705 2257 opibus,
724 2176 771 2242 sic
785 2176 935 2259 exposita
952 2175 1100 2263 hostibus
1118 2185 1207 2240 terra
1256 2192 1405 2254 proceres
1426 2171 1526 2238 fuisse
1549 2170 1597 2238 bis
1619 2185 1652 2237 et
1675 2184 1724 2238 ter
1742 2174 1890 2255 perfidos,
1913 2186 2016 2239 totum
2035 2172 2136 2237 etiam
2154 2172 2226 2236 vul·

239 2269 312 2326 orat
334 2261 369 2323 in
391 2257 553 2341 praedam,
582 2271 618 2323 ut
640 2282 736 2326 nemo
756 2261 843 2329 domi
869 2282 946 2327 suae
967 2270 1057 2327 tutus
1078 2261 1205 2342 lateret,
1257 2278 1319 2341 gus
1336 2278 1411 2322 cum
1429 2278 1487 2322 suo
1504 2258 1611 2341 eapite
1627 2259 1727 2324 fuisse
1745 2259 1977 2342 foedifragum:
1997 2260 2072 2342 quie
2089 2258 2225 2339 aprima

242 2346 297 2411 sed
331 2364 445 2410 omnes
478 2343 519 2408 ad
552 2343 665 2428 fugam
698 2359 731 2412 et
762 2347 913 2414 exsilium
947 2354 1060 2413 essent
1113 2346 1205 2411 arati.
1257 2343 1298 2407 ad
1321 2342 1473 2407 ultimum
1500 2364 1613 2409 omnes
1642 2344 1682 2408 ad
1706 2345 1977 2428 exstinguendam
2000 2344 2063 2410 Dei
2086 2343 2227 2427 gratiam

237 2432 357 2499 Postea
386 2429 471 2496 hano
492 2431 679 2496 vastitatem
702 2434 821 2499 iterum
843 2432 1063 2516 metaphorice
1085 2368 1205 2498 ‹leseri-
1258 2429 1537 2513 conspiraverant.
1580 2428 1698 2511 Itaque
1720 2452 1786 2495 non
1815 2429 1927 2496 dubito
1955 2430 2034 2513 quin
2063 2429 2226 2514 significet

238 2517 304 2594 bit,
339 2515 451 2582 dicens
480 2536 546 2579 non
576 2516 695 2581 minori
724 2518 927 2584 deformitate
955 2518 1105 2584 affectam
1134 2538 1207 2582 esse
1258 2513 1368 2578 David
1389 2528 1535 2580 exortam
1558 2535 1576 2579 e
1598 2516 1742 2582 tenebris
1764 2517 1862 2582 fuisse
1880 2515 1946 2582 Dei
1968 2516 2150 2592 veritatem,
2172 2512 2234 2587 ubi,

237 2616 368 2680 terram,
391 2600 538 2683 quamsi
561 2601 651 2666 hiatu
670 2603 808 2685 obrupto
825 2604 945 2685 suisset.
982 2603 1097 2686 Neque
1118 2603 1207 2669 enim
1258 2609 1388 2682 praeter
1417 2621 1508 2683 spem
1538 2601 1667 2665 restitui
1693 2600 1801 2667 subito
1831 2603 1936 2685 coepit
1964 2601 2116 2668 eeclesia:
2156 2601 2226 2682 quis

238 2699 362 2753 terram
382 2687 548 2751 chasmate
570 2686 734 2752 divulsam
761 2689 860 2754 fuisse
882 2687 1053 2772 intelligit:
1083 2688 1139 2753 sed
1161 2689 1208 2753 ita
1259 2684 1347 2749 enim
1370 2705 1435 2749 non
1457 2696 1603 2768 putasset
1624 2686 1733 2751 irritas
1756 2708 1827 2754 esse
1855 2688 2084 2770 promissiones
2107 2686 2171 2752 Dei
2193 2687 2226 2749 in

238 2772 417 2854 collapsum
450 2771 550 2836 fuisse
581 2772 632 2837 vel
662 2772 822 2840 deiectum
855 2774 964 2857 populi
997 2784 1136 2850 statum,
1169 2787 1208 2838 ut
1260 2779 1352 2836 tanta
1372 2769 1620 2853 desperatione?
1641 2771 1770 2839 Davide
1791 2773 1891 2858 igitur
1913 2773 1948 2838 in
1969 2772 2085 2839 solium
2104 2785 2226 2845 evecto,

239 2858 410 2923 calamitas
433 2855 551 2939 ubique
573 2857 815 2941 conspiceretur
833 2860 938 2943 qualis
955 2872 1062 2925 terrae
1081 2869 1207 2924 motum
1259 2855 1358 2921 simul
1379 2856 1511 2937 emersit
1528 2856 1591 2921 Dei
1614 2858 1736 2924 veritas
1758 2879 1841 2940 quae
1862 2859 2018 2925 suffocata
2037 2856 2093 2922 diu
2112 2857 2225 2921 fuerat.

240 2954 274 3009 ot
295 2943 422 3007 hiatum
450 2942 542 3024 sequi
570 2943 661 3009 solet.
705 2945 759 3010 Ex
781 2966 845 3028 quo
874 2946 962 3011 enim
990 2944 1103 3010 aDeo
1125 2944 1207 3010 Saul
1260 2940 1457 3024 Quanquam
1478 2952 1588 3006 autem
1612 2943 1671 3006 toti
1693 2944 1815 3028 populo
1837 2945 2028 3010 beneficium
2050 2943 2113 3008 hoc
2135 2963 2224 3025 prse-

241 3028 374 3106 detecit,
403 3039 582 3111 coeperunt
609 3049 663 3094 res
691 3032 762 3095 eius
789 3051 921 3114 pessum
951 3030 1015 3110 ire,
1045 3030 1146 3096 donec
1172 3030 1208 3095 in
1258 3026 1373 3093 stitum
1396 3027 1467 3107 fuit,
1492 3027 1600 3093 David
1619 3043 1727 3094 tamen
1747 3031 1900 3096 admonet
1918 3032 2025 3095 Deum
2045 3029 2226 3112 respexisse

240 3125 346 3181 totum
368 3112 438 3196 ipse
455 3112 560 3197 periit,
583 3127 616 3179 et
632 3115 789 3199 populum
811 3116 943 3199 reliquit
959 3116 1027 3181 fere
1044 3116 1207 3198 perditum
1260 3132 1338 3178 suos
1355 3113 1505 3196 cultores,
1527 3116 1738 3195 quantumvis
1755 3136 1875 3198 paucos
1893 3135 2040 3195 numero,
2060 3125 2228 3179 uteorum

239 3222 277 3267 ac
299 3199 513 3283 deploratum.
550 3198 649 3266 Certe
670 3222 784 3267 omncs
806 3210 885 3268 tuno
907 3215 1001 3267 erant
1022 3201 1057 3265 in
1081 3221 1209 3268 summo
1260 3196 1358 3264 saluti
1390 3198 1582 3264 consuleret.
1627 3200 1747 3266 Postea
1780 3200 1820 3266 nd
1853 3202 2071 3286 precationem
2106 3200 2226 3265 iterum

241 3295 332 3352 metu
355 3304 392 3349 ao
414 3284 644 3368 trepidatione:
672 3285 821 3353 hostibus
843 3297 953 3354 autem
976 3287 1116 3352 ludibrio
1138 3293 1211 3353 crat
1260 3282 1355 3349 redit
1399 3283 1471 3349 Nisi
1493 3284 1579 3350 forte
1599 3286 1731 3351 initium
1755 3308 1884 3363 versus,
1909 3293 1943 3353 ut
1963 3286 2099 3352 amau
2126 3283 2229 3351 tueor·

242 3370 395 3436 Abrahae
417 3391 545 3435 semen:
570 3390 629 3436 neo
650 3371 764 3456 iugum
787 3373 969 3456 refugisset,
990 3374 1018 3437 si
1042 3372 1137 3439 modo
1159 3383 1209 3436 to·
1261 3369 1323 3443 tui,
1353 3390 1427 3435 oum
1451 3369 1618 3454 superiore
1639 3372 1803 3438 sententia
1823 3386 1997 3438 contexere
2026 3372 2132 3454 magis
2162 3369 2228 3452 pla·

242 3455 385 3522 lerabilis
407 3456 515 3520 oblata
536 3468 621 3521 esset
643 3458 811 3524 servitutis
833 3458 983 3524 conditio.
1023 3458 1087 3525 His
1109 3459 1211 3541 signis
1262 3466 1350 3520 neat:
1379 3455 1413 3519 in
1436 3476 1533 3537 quam
1556 3467 1681 3538 partem
1704 3478 1764 3542 ego
1786 3459 1926 3525 libenter
1946 3456 2076 3540 inclino,
2101 3476 2175 3521 nem
2195 3457 2228 3519 in

242 3541 385 3608 ostendit
416 3540 526 3606 David
564 3540 739 3607 alienatum
774 3542 875 3609 fuisse
907 3543 1015 3611 Deum
1049 3563 1069 3608 a
1101 3542 1211 3625 Saule,
1262 3542 1333 3624 ipsa
1351 3540 1508 3608 varietate
1519 3541 1629 3608 David
1648 3543 1906 3628 magnitudinem
1927 3544 2052 3628 gratiae
2066 3562 2228 3607 commen·

243 3628 379 3710 ideoque
410 3626 533 3691 fontem
562 3626 707 3692 omnium
739 3627 899 3694 malornm
932 3629 1069 3712 detegit,
1104 3631 1212 3695 Deum
1264 3625 1335 3702 dat,
1377 3626 1461 3708 quod
1497 3627 1588 3694 Deus
1620 3650 1696 3694 suos
1735 3629 1930 3695 animaverit
1969 3629 2010 3694 ad
2050 3627 2226 3693 tollendum

245 3716 362 3779 iratum
393 3712 492 3778 fuisse
520 3711 640 3777 dicens.
685 3712 861 3786 (laetorum
889 3715 1030 3781 eundem
1058 3716 1113 3797 qui
1138 3735 1211 3797 per·
1265 3710 1440 3787 vexillum,
1471 3713 1533 3794 qui.
1560 3713 1649 3795 prius
1677 3714 1746 3780 sine
1777 3736 1834 3797 spe
1862 3715 1972 3800 effugii
2003 3715 2038 3778 in
2065 3728 2230 3779 extremas

244 3799 347 3865 cussit
375 3797 537 3883 medicum
571 3819 660 3865 nuno
691 3798 862 3881 implorat,
895 3820 1017 3884 rogans
1049 3815 1088 3866 ut
1119 3810 1213 3867 sanet
1265 3798 1433 3880 angustias
1456 3795 1578 3863 redacti
1600 3809 1711 3879 erant,
1744 3813 1779 3865 ut
1808 3814 1898 3867 certa
1919 3801 2060 3866 instaret
2081 3797 2230 3883 perditio,

244 3885 418 3950 fracturas.
1265 3883 1329 3947 nisi
1358 3882 1552 3948 mirabiliter
1581 3886 1684 3968 erepti
1713 3899 1831 3951 essent.
1876 3887 1968 3966 Quos
1994 3898 2106 3950 autem
2139 3885 2230 3967 prius

331 3967 362 4033 5.
392 3967 603 4054 (Ostendists'.)
653 3970 766 4036 Primo
795 3970 873 4036 dicit
906 3972 1062 4056 populum
1100 3990 1213 4054 aspere
1265 3968 1349 4034 dixit
1379 3970 1532 4034 timentes
1564 3971 1641 4048 Dei,
1675 3971 1803 4036 eosdem
1839 3992 1928 4036 nuno
1957 3982 2052 4037 voest
2080 3969 2231 4035 dilectos:

246 4064 423 4121 tractatum
452 4054 568 4120 fuisse:
601 4063 636 4120 et
664 4056 776 4122 statim
812 4056 973 4123 malorum
1003 4058 1214 4124 acerbitatem
1266 4074 1328 4137 qua
1350 4074 1429 4120 voce
1451 4053 1634 4121 subindicat
1656 4078 1720 4121 non
1750 4058 1796 4121 ita
1824 4057 2002 4140 repondere
2024 4056 2135 4121 Deum
2165 4053 2232 4120 suis

248 4138 463 4206 similitudine
486 4150 681 4224 exaggerat,
709 4141 795 4224 quod
817 4142 968 4208 inebriati
989 4144 1113 4209 fuerint
1135 4142 1214 4207 vino
1265 4139 1444 4206 cultoribus
1456 4141 1647 4219 mercedem,
1666 4144 1742 4225 quin
1755 4143 1854 4209 simul
1871 4142 2033 4227 gratuitae
2052 4140 2233 4208 dilectionis

248 4227 373 4308 soporis
406 4235 463 4289 aut
497 4225 676 4310 vertiginis.
732 4228 783 4292 De
822 4229 956 4294 nomine
995 4207 1136 4328 nsum
1173 4248 1215 4292 ne
1267 4236 1449 4308 respectum
1473 4226 1599 4292 habeat.
1634 4226 1731 4307 Quod
1755 4249 1866 4313 preces
1887 4228 2048 4313 adiungit,
2069 4248 2110 4292 eo
2126 4246 2232 4292 mone·

248 4310 394 4377 Hebraei
427 4309 557 4392 quidem
590 4312 786 4395 interpretes
818 4313 905 4378 inter
938 4336 973 4382 se
1005 4315 1215 4389 conveniunt,
1268 4333 1359 4390 mur,
1390 4311 1538 4393 quamvis
1560 4312 1596 4376 in
1617 4313 1756 4379 sublime
1780 4315 1871 4380 Deus
1901 4334 1960 4378 nos
1981 4311 2139 4378 extulerit
2167 4311 2234 4379 suis

249 4397 325 4481 quia
357 4394 452 4461 multi
485 4397 689 4463 transferunt
721 4418 895 4464 venenum.
940 4398 1006 4466 Sed
1039 4399 1133 4465 facile
1166 4409 1216 4463 est
1268 4396 1450 4473 benefieiis,
1480 4396 1627 4464 modeste
1648 4409 1756 4464 tamen
1780 4411 1814 4464 et
1837 4400 2005 4465 humiliter
2030 4418 2162 4482 semper
2184 4417 2234 4463 ro·

249 4482 403 4567 colligere
425 4480 620 4564 prophetem
643 4482 683 4547 de
702 4486 848 4550 venefica
878 4488 1007 4568 potione
1034 4484 1217 4569 specialiter
1267 4481 1413 4566 gendum
1435 4502 1506 4546 esse
1529 4492 1566 4547 ut
1587 4504 1667 4565 opus
1689 4506 1784 4549 suum
1807 4499 2030 4569 prosequatur.

249 4569 348 4652 loqui,
370 4587 451 4651 quae
471 4577 599 4633 mentes
620 4588 718 4634 senen
741 4579 775 4634 et
794 4570 1011 4655 intelligentia
1032 4572 1157 4653 privat:
1179 4591 1217 4636 ac
1353 4568 1383 4633 8.
1406 4566 1508 4654 (Deus
1533 4568 1679 4652 loqurttue
1705 4570 1772 4656 est.)
1815 4570 1983 4639 Hactenus
2012 4571 2237 4652 experimenta

250 4655 278 4720 si
296 4653 435 4719 dixisset
445 4652 586 4719 Iudaeos
600 4653 696 4719 malis
708 4653 809 4721 fuisse
826 4656 1074 4738 obstupefactos.
1104 4655 1218 4721 Voluit
1269 4653 1387 4738 attigit,
1409 4675 1451 4719 ex
1472 4653 1591 4736 quibus
1612 4655 1750 4738 perspici
1773 4668 1900 4741 poterat
1917 4677 2021 4722 novus
2042 4667 2077 4720 et
2094 4655 2160 4719 iam
2178 4655 2234 4720 ali·

251 4741 338 4805 enim
360 4738 424 4802 Dei
448 4738 728 4823 maledictionem,
758 4760 840 4823 quae
862 4742 923 4807 sub
945 4741 1045 4809 Saule
1067 4754 1218 4826 grassata
1268 4739 1465 4823 quotannis
1493 4737 1646 4805 insolitus
1668 4741 1730 4806 Dei
1753 4744 1860 4807 favor:
1892 4742 1970 4825 quia
1986 4741 2113 4807 scilicet
2134 4761 2235 4824 popu·

250 4826 367 4907 fueret,
389 4823 455 4888 illis
477 4832 553 4889 ente
571 4824 683 4891 oculos
704 4846 841 4908 ponere:
873 4838 911 4893 ut
933 4828 1081 4912 deposita
1110 4827 1218 4910 pervi-
1270 4826 1336 4890 lum
1360 4848 1401 4889 ex
1423 4826 1542 4890 afflicto
1565 4828 1731 4892 florentem
1755 4826 1955 4906 reddiderat,
1977 4838 2011 4892 et
2031 4828 2078 4892 ita
2099 4846 2236 4893 oonver·

251 4911 348 4986 cacie,
372 4908 490 4974 solium
512 4911 620 4975 aDeo
642 4910 848 4995 reprobatum
868 4914 936 4979 suis
954 4913 1085 4979 auxiliis
1102 4913 1219 4980 fulcire
1270 4923 1355 4978 terat
1366 4912 1542 4988 fortunam,
1562 4922 1599 4977 ut
1609 4912 1752 4979 secunda
1763 4913 1901 4980 victorie
1912 4915 2051 4996 primam
2063 4913 2236 4995 exciperet,

253 4997 445 5061 desinerent.
614 5022 617 5031 ·
1270 4997 1447 5064 secundem
1470 4997 1575 5062 tertia.
1617 4998 1648 5062 N
1652 5019 1715 5064 unc
1736 4999 1821 5082 quod
1843 5000 2054 5084 praecipuum
2073 5011 2158 5076 erat,
2181 5020 2237 5083 po·

1269 5082 1338 5169 puli
1362 5095 1487 5147 mentes
1509 5103 1666 5150 revooans
1687 5082 1728 5148 ad
1750 5085 2006 5168 promissionem,
2028 5085 2109 5153 dicit
2130 5086 2236 5152 Deum

337 5167 369 5231 6.
391 5164 518 5232 Dedisti
533 5168 710 5235 timentebus
724 5174 753 5235 te
768 5170 928 5249 omittam,
950 5170 992 5235 od
1008 5168 1219 5235 vetillondum

253 5272 357 5320 otram
382 5254 517 5320 outae.
562 5252 666 5320 Salat.
719 5254 748 5321 7.
778 5255 816 5323 Ut
845 5255 1013 5322 liberentur
1041 5255 1145 5322 detecti
1170 5256 1218 5321 fui
1357 5271 1386 5339 ⁸)
1402 5272 1580 5339 hegislataur,
1598 5286 1633 5328 eu
1649 5288 1753 5342 morqe:
1771 5288 1807 5327 ou
1823 5289 2001 5343 gonremeur.
