4658 5856
162 354 225 420 687

159 542 257 609 etiam
280 541 314 605 in
337 540 540 624 gravissimis
562 542 690 625 pugnis,
714 561 780 605 non
803 539 935 605 aliunde
957 549 1008 606 est
1030 561 1128 623 quam

161 649 203 693 ex
239 626 373 708 spiritus
413 627 517 692 sancti
553 626 689 691 auxilio:
730 647 796 691 nou
836 626 920 709 quod
960 625 1129 709 splendide

160 732 288 795 semper
309 714 344 776 in
363 712 456 778 noble
479 723 609 777 exserat
630 733 722 777 suem
745 713 913 789 virtutem,
937 713 1014 795 quia
1033 733 1129 795 saepe

161 820 233 864 eam
267 798 395 881 perficit
426 798 460 862 in
491 806 602 863 nostra
633 799 843 863 infirmitate:
875 797 932 862 sed
966 798 1045 863 satis
1079 804 1130 862 cst

160 882 245 968 quod
268 884 373 949 caecis
395 893 427 948 et
449 884 667 949 nescientibus
690 885 861 962 succurrit,
885 883 1033 948 labantes
1055 903 1126 948 sus·

159 977 278 1040 tentat.
301 970 367 1033 imo
389 969 486 1034 etiam
510 970 617 1051 lapsos
641 970 749 1054 erigit.

246 1056 297 1120 24.
321 1054 471 1140 (Uenutio
492 1054 566 1141 too.)
611 1054 776 1136 Quoniam
800 1054 899 1121 verba
928 1064 1006 1121 sunt
1027 1054 1129 1118 futuri

160 1142 329 1225 temporis,
365 1140 453 1205 hunc
486 1141 668 1224 genuinum
703 1164 773 1207 esse
804 1162 936 1206 sensum
961 1141 1128 1206 existimo:

159 1227 303 1292 Domine
332 1235 502 1308 postquam
531 1248 619 1294 nunc
650 1239 704 1293 tuo
731 1228 831 1292 ductu
853 1227 886 1290 in
910 1228 998 1291 viam
1029 1224 1129 1291 semel

159 1314 313 1378 reductus
347 1333 437 1389 sum,
469 1313 606 1395 posthac
639 1315 738 1379 etiam
772 1333 885 1397 regere
919 1334 971 1377 me
1004 1332 1129 1395 perges,

160 1399 262 1463 donec
291 1396 424 1462 tandem
447 1398 480 1460 in
505 1399 641 1481 gloriam
670 1409 760 1464 tuem
783 1399 950 1482 suscipiar.
997 1398 1129 1463 Scimus

159 1484 256 1560 enim,
278 1483 399 1547 Devidi
422 1484 557 1549 solenne
580 1507 661 1565 esse,
690 1485 745 1550 ubi
767 1486 892 1570 gratias
914 1484 991 1566 egit,
1021 1483 1129 1549 conci·

160 1568 411 1653 percfiduciam
434 1571 639 1635 infuturum
663 1580 799 1655 tempus.
845 1571 1022 1653 Postquam
1052 1588 1130 1652 ergo

160 1655 326 1720 confessus
349 1668 398 1719 cst
420 1656 629 1722 infirmitates
651 1678 735 1735 suas,
758 1657 936 1723 celebravit
959 1675 1056 1738 quam
1076 1676 1131 1718 ex·

160 1748 273 1824 pertus
296 1752 366 1805 erat
389 1740 581 1808 adiutricem
604 1743 667 1806 Dei
690 1745 846 1827 gratiam:
871 1763 958 1807 nnnc
981 1741 1021 1806 de
1043 1741 1129 1805 eius·

160 1827 233 1890 dem
262 1827 507 1908 perseverentia
535 1850 624 1912 spem
655 1829 717 1894 sibi
747 1830 832 1895 facit.
877 1828 1025 1892 Directio
1055 1845 1130 1890 con·

160 1913 225 1977 silii
249 1912 356 1994 priore
379 1912 449 1977 loco
471 1915 624 1995 ponitur:
647 1916 724 1997 quia
746 1916 807 1980 etsi
830 1914 938 1978 stultis
961 1921 994 1977 et
1015 1913 1130 1976 incon·

160 1997 310 2063 sideratis
333 2019 385 2063 res
407 1998 573 2064 interdum
596 2002 678 2065 bene
700 1999 878 2066 succedunt
900 1999 989 2085 (quia
1010 1997 1131 2062 nostris

160 2084 326 2148 erroribus
350 2085 498 2149 medetur
521 2085 622 2164 Dens,
646 2097 679 2151 et
702 2107 784 2170 quae
807 2087 891 2150 male
915 2092 1040 2150 tentata
1061 2086 1130 2147 fue·

161 2178 245 2248 rent,
275 2170 307 2232 in
335 2170 502 2234 laetiorem
532 2173 658 2237 exitum
682 2172 795 2259 vertit)
827 2172 992 2236 ordinaria
1021 2180 1130 2233 tamen

161 2264 194 2319 et
213 2256 338 2337 plenior
360 2256 430 2321 eius
449 2257 630 2323 benedictio
653 2269 702 2324 cst
720 2259 798 2323 dare
816 2259 885 2323 suis
906 2255 1130 2340 prudentiam:

161 2352 195 2405 et
217 2341 277 2405 hoc
299 2342 459 2423 imprimis
481 2344 667 2425 petendum,
698 2353 736 2410 ut
758 2344 876 2428 spiritu
899 2343 1000 2408 cosilii
1024 2351 1057 2406 et
1079 2342 1130 2404 iu·

161 2427 236 2491 dicii
260 2449 319 2492 nos
348 2428 517 2510 gubernet.
563 2429 721 2514 Quisquis
750 2432 838 2496 enim
867 2450 927 2494 sue
956 2427 1130 2511 prudentia

159 2512 263 2577 fretus
285 2514 461 2596 quidquam
484 2516 619 2599 aggredi
642 2516 782 2594 audebit,
817 2517 892 2598 quia
915 2514 976 2578 sibi
999 2523 1130 2597 arrogat

160 2598 245 2681 quud
273 2597 339 2663 Dei
366 2600 534 2682 proprium
563 2612 628 2680 est,
662 2624 738 2668 cum
767 2601 828 2666 hec
858 2620 917 2665 sua
945 2600 1130 2664 temeritato

160 2683 312 2767 pudefiat.
359 2683 396 2750 Si
419 2686 506 2749 enim
529 2685 651 2751 Devidi
676 2690 810 2751 nece'sse
834 2687 894 2750 fnit
917 2694 1129 2769 praeeuntem

160 2769 281 2834 hebere
299 2770 417 2849 Deum,
440 2780 562 2853 quanto
583 2772 687 2856 magis
705 2772 817 2837 eodem
837 2769 917 2837 duce
937 2771 1030 2835 nubis
1048 2791 1129 2853 opus

160 2853 232 2919 est?
268 2852 411 2919 Consilio
442 2856 560 2921 deinde
582 2857 772 2943 adiungitur
793 2858 908 2940 glorio,
938 2876 1029 2939 quae,
1058 2875 1130 2920 mco

159 2938 290 3017 iudicio,
313 2939 353 3004 ed
377 2950 543 3006 aeternam
562 2944 665 3008 vitam
689 2944 845 3028 restringi
867 2963 934 3007 non
958 2943 1062 3021 debet,
1085 2941 1129 3006 si·

159 3026 227 3091 cuti
256 3026 380 3091 faciunt
401 3028 549 3110 quidam:
579 3029 636 3094 sed
664 3038 769 3095 totum
799 3028 967 3095 felicitatis
997 3037 1130 3093 nostrae

159 3131 290 3178 cursum
314 3113 548 3198 complectitur,
579 3137 599 3180 a
621 3116 779 3199 principio
802 3115 889 3198 quod
912 3136 1000 3181 nunc
1023 3113 1129 3181 cerni·

159 3206 215 3262 tur
236 3198 269 3261 in
293 3207 397 3263 torre:
432 3221 535 3283 usque
562 3201 602 3266 ed
630 3203 740 3280 finem,
770 3222 867 3284 quem
898 3220 1067 3285 speramus
1094 3200 1128 3262 in

159 3283 258 3349 coelo.
305 3282 374 3348 Sibi
396 3305 474 3368 ergo
503 3295 671 3352 aeternam
698 3287 835 3372 gloriam
859 3309 878 3351 a
900 3287 1043 3371 gratuito
1065 3285 1129 3350 Dei

158 3369 271 3434 favore
293 3370 455 3452 promittit
476 3371 603 3449 David,
633 3395 701 3438 non
724 3382 834 3438 tamen
856 3372 1002 3438 excludit
1031 3372 1128 3437 bene·

160 3453 319 3520 dictiones
341 3455 459 3537 quibus
480 3457 516 3519 in
541 3466 628 3522 terra
649 3481 727 3524 suos
756 3460 971 3541 prosequitur,
1004 3467 1041 3523 ut
1070 3457 1129 3522 eli-

160 3560 259 3622 quam
281 3539 446 3607 felicitatis
468 3551 596 3624 partem
619 3545 685 3608 iam
708 3544 860 3610 delibent.

245 3713 296 3778 25.
330 3714 409 3794 Quia
435 3712 515 3778 milei
536 3715 571 3779 in
592 3715 698 3780 coelo?
728 3719 756 3780 et
775 3716 910 3802 reama)
939 3735 1002 3781 non
1027 3716 1131 3797 optuoi

159 3801 193 3865 in
215 3805 307 3865 terro.
352 3800 405 3863 26.
438 3799 563 3881 Defecit
583 3821 655 3866 coro
677 3820 746 3865 meo
767 3806 795 3867 et
816 3822 867 3868 cor
887 3822 1005 3868 mcum:
1036 3801 1131 3866 robor

158 3885 264 3951 cordis
281 3885 352 3967 mei,
371 3889 397 3949 ct
408 3888 515 3966 portio
532 3907 600 3951 mea
619 3886 709 3952 Deus
725 3887 761 3950 in
777 3888 944 3953 condam.
974 3888 1026 3953 27.
1048 3887 1131 3967 Quin

159 3990 230 4047 ecce,
253 3971 308 4050 qni
325 3970 488 4036 discedant
507 3973 563 4037 olas
581 3977 617 4050 te,
636 3971 802 4054 peribunt:
819 3973 991 4056 perdidisti
1013 3993 1132 4039 omnem

160 4055 366 4136 fornicantem
388 4056 444 4121 obs
466 4057 559 4208 tait?
603 4057 655 4124 28.
681 4059 838 4140 Qrcontnrn
866 4059 909 4124 od
928 4080 985 4139 me,
1015 4079 1130 4142 oppro-

153 4141 315 4222 pinqaorc
336 4140 414 4221 Deo,
436 4143 516 4208 milii
556 4164 650 4209 onom
671 4149 732 4210 cst:
748 4144 843 4230 posui
864 4146 899 4210 in
923 4144 1058 4211 Domino
1083 4144 1131 4210 Ie-

159 4225 238 4292 lrooo
259 4246 344 4308 apem
365 4246 474 4308 mom,
493 4234 528 4293 nt
549 4249 691 4296 enarrem
713 4233 818 4296 omnio
841 4251 937 4312 opero
957 4235 1021 4296 too.

245 4396 296 4462 25.
327 4395 424 4481 (Quis
451 4397 530 4463 mibi
551 4401 586 4464 in
607 4400 723 4487 coelof)
767 4400 897 4467 Olenius
927 4401 1130 4468 demonstrat

160 4496 318 4567 quantum
352 4482 525 4565 profecerit
557 4485 591 4549 in
620 4489 807 4553 sanctuario
836 4486 916 4552 Dei:
950 4491 1027 4571 quia
1059 4489 1129 4571 ipso

160 4590 226 4634 uno
248 4576 438 4648 contentus,
468 4588 678 4653 quaecunque
708 4594 742 4639 se
764 4580 894 4657 praeter
921 4574 1029 4660 ipsum
1052 4576 1129 4640 offe·

161 4663 249 4737 runt,
278 4655 413 4721 reiiciet.
458 4655 521 4720 Est
548 4655 678 4738 quidem
707 4658 780 4724 eliis
802 4658 923 4742 linguis
946 4681 1060 4744 aspera
1082 4661 1129 4725 lo-

160 4740 282 4824 quendi
308 4742 413 4805 forma
439 4762 503 4823 qua
524 4743 637 4820 utitur,
666 4743 722 4808 sed
745 4744 904 4810 Hebraeis
933 4746 1020 4826 trite,
1051 4745 1129 4812 dum

159 4826 373 4910 interrogatio
391 4837 424 4891 et
442 4828 617 4893 affirmatio
635 4828 732 4894 simul
749 4831 940 4913 iunguntur.
974 4831 1013 4896 Iu
1031 4853 1129 4897 sensu

160 4911 290 4994 quidem
309 4912 401 4976 nulle
414 4924 463 4977 est
478 4915 683 4999 ambiguitas,
702 4914 863 4981 Davidem
879 4925 1010 5002 practer
1021 4917 1129 4983 Deum

161 4996 243 5061 nihil
267 4996 413 5063 incaelo
436 4998 487 5065 vel
510 5001 654 5067 interra
676 5009 838 5084 appetere,
861 5011 894 5067 et
914 5003 970 5069 illo
993 5012 1130 5088 excepto

248 5200 277 5267 ‘l
293 5216 359 5255 avec
376 5207 433 5273 toy,
452 5218 486 5257 en
502 5218 609 5272 maroe:
627 5222 663 5259 ou
680 5210 759 5260 outre
777 5212 833 5276 toy.

231 5267 277 5337 **)
294 5271 396 5324 arriere
415 5272 448 5325 de
466 5280 524 5343 toy,
548 5287 584 5327 en
600 5288 709 5342 maroe:
735 5275 856 5344 espevoir
874 5292 908 5329 en
926 5280 954 5330 te
972 5276 1129 5331 doluissent.

949 351 1165 419 PSALMUS
1188 352 1355 419 LXXIII.

2088 355 2148 420 688

1181 541 1301 607 foetere
1335 562 1547 625 quaecunque
1580 541 1729 606 homines
1763 541 1803 606 ad
1836 563 1871 608 se
1901 541 2063 608 alliciunt.
2108 544 2149 608 Et

1181 637 1269 692 corte
1293 636 1370 694 tunc
1393 627 1524 692 demum
1554 646 1647 692 suam
1669 628 1756 712 apud
1778 649 1838 693 nos
1860 628 2000 712 gloriam
2026 629 2150 694 obtinet

1181 713 1281 789 Deus,
1304 714 1331 778 si
1354 713 1418 780 huc
1440 725 1473 777 et
1493 712 1571 779 illuc
1593 733 1659 777 non
1682 714 1952 789 circumferimur,
1985 713 2042 779 sed
2067 736 2149 780 unns

1181 801 1251 883 ipse
1281 799 1374 865 nobis
1396 798 1526 864 sufficit.
1572 798 1718 879 Quodsi
1742 799 1793 864 vel
1824 800 1993 865 minimam
2025 811 2149 882 partem

1182 885 1318 950 affectus
1341 885 1445 950 nostri
1471 883 1651 950 addicimus
1679 885 1852 960 creaturis,
1883 896 2021 950 eatenus
2043 885 2150 951 Deum

1182 971 1372 1035 fraudemus
1395 969 1504 1035 debito
1526 969 1658 1034 honore.
1697 972 1742 1035 Et
1765 979 1873 1035 temen
1895 970 1957 1036 hoc
1980 972 2150 1057 sacrilegio

1182 1056 1265 1121 nihil
1288 1057 1392 1140 magis
1415 1056 1551 1138 vulgare
1574 1055 1637 1120 fuit
1659 1056 1809 1121 omnibus
1830 1056 1979 1135 saeculis,
2010 1078 2072 1123 nec
2096 1057 2150 1121 ho·

1183 1142 1235 1207 die
1258 1152 1315 1207 est.
1361 1141 1489 1222 Quotus
1511 1143 1598 1205 enim
1622 1142 1759 1224 quisquc
1789 1162 1904 1208 sensus
1927 1163 2004 1207 suos
2025 1143 2063 1207 in
2086 1144 2151 1208 solo

1182 1230 1253 1294 Deo
1273 1227 1415 1293 inclusos
1439 1227 1550 1292 tenet?
1585 1226 1746 1293 Videmus
1775 1248 1874 1310 quem
1899 1227 2023 1293 multos
2046 1229 2078 1293 ei
2100 1250 2151 1294 co·

1182 1316 1278 1380 mites
1301 1312 1458 1396 adiungat
1480 1313 1679 1397 superstitio,
1702 1314 1851 1396 quamvis
1873 1315 1961 1378 enim
1984 1314 2151 1379 fateantur

1182 1401 1330 1483 papistae
1357 1421 1376 1464 a
1399 1400 1470 1463 Deo
1499 1398 1641 1482 pendere
1674 1400 1800 1475 omnia,
1833 1400 2009 1464 innumere
2042 1407 2151 1466 tarum

1183 1487 1245 1552 sibi
1274 1486 1351 1550 hinc
1384 1485 1461 1549 inde
1491 1483 1636 1549 subsidia
1670 1496 1848 1552 accersunt.
1901 1485 1967 1549 Alii
1998 1486 2151 1568 superbia

1184 1572 1299 1654 inflati,
1323 1570 1375 1637 vel
1398 1593 1433 1635 se
1456 1570 1508 1634 vel
1531 1570 1611 1634 elios
1638 1570 1786 1636 hominos
1816 1572 1919 1637 socios
1943 1571 2014 1635 Deo
2045 1573 2151 1637 obtru-

1184 1658 1281 1736 dunt,
1315 1678 1377 1740 quo
1408 1656 1596 1740 diligentius
1630 1658 1771 1721 notanda
1804 1667 1853 1721 est
1881 1656 1961 1722 heec
1992 1656 2151 1733 doctrine,

1184 1743 1276 1808 nubis
1310 1744 1359 1807 fas
1395 1764 1462 1808 non
1497 1762 1568 1807 esse
1604 1763 1797 1825 quemquam
1836 1750 1991 1825 appetere
2025 1753 2152 1825 praeter

1184 1827 1302 1893 Deum.
1347 1828 1545 1910 Quanquam
1568 1839 1676 1892 eutem
1698 1829 1774 1893 coeli
1795 1833 1822 1892 et
1842 1833 1945 1894 terroe
1967 1829 2152 1893 nominibus

1185 1914 1335 1997 designat
1357 1913 1515 1997 quidquid
1537 1913 1711 1996 imaginari
1741 1921 1879 1996 possunt
1907 1914 2073 1992 homines,
2102 1916 2151 1978 vi·
2177 1978 2180 1985 ,

1184 1998 1280 2065 detur
1298 2009 1408 2064 temen
1427 1998 1507 2064 duas
1526 2000 1650 2082 species
1668 1998 1819 2064 distincte
1839 2010 1963 2079 notare,
1988 2002 2151 2065 neminem

1184 2107 1262 2170 ergo
1292 2107 1327 2151 se
1356 2096 1486 2168 praeter
1516 2084 1623 2149 Deum
1656 2087 1690 2149 in
1721 2085 1809 2150 coelo
1843 2105 2000 2168 quaerere
2034 2084 2151 2167 diceas,

1184 2172 1335 2254 repudiet
1364 2192 1478 2235 omnes
1507 2171 1639 2236 fictitios
1662 2171 1738 2235 deos
1761 2171 1879 2253 quibus
1901 2170 2030 2236 coelum
2052 2172 2152 2255 replet

1184 2257 1366 2323 communis
1388 2255 1502 2322 mundi
1525 2277 1616 2320 error
1638 2277 1675 2322 ec
1693 2257 1842 2321 stultitia.
1877 2255 1973 2337 Quod
1998 2271 2099 2340 neget
2119 2278 2151 2321 se

1185 2364 1381 2427 quemquam
1404 2354 1517 2426 optare
1534 2344 1570 2405 in
1589 2352 1691 2407 terra:
1712 2342 1818 2407 refero
1841 2341 1881 2406 ad
1904 2341 2060 2426 fallacias,
2084 2343 2150 2425 qui·

1183 2430 1245 2494 bus
1269 2438 1356 2493 totus
1379 2429 1445 2493 fere
1467 2427 1611 2493 mundus
1630 2450 1665 2493 sc
1682 2427 1832 2493 inebriat.
1868 2427 1952 2492 Nem
1971 2429 2029 2510 qni
2047 2429 2151 2511 priore

1184 2516 1240 2579 illo
1264 2514 1408 2581 Satanae
1438 2514 1575 2578 artificio
1604 2535 1670 2578 nou
1699 2514 1866 2591 falluntur,
1897 2521 1936 2577 ut
1960 2514 2024 2578 sibi
2055 2514 2152 2579 falsos

1184 2600 1260 2664 deos
1290 2599 1465 2665 fabricent:
1496 2599 1550 2664 vel
1582 2600 1772 2684 arrogantia
1801 2622 1836 2665 se
1866 2599 2041 2681 decipiunt,
2077 2599 2150 2664 dum

1183 2708 1242 2752 sue
1271 2685 1449 2767 industria,
1484 2695 1540 2749 aut
1571 2684 1708 2765 virtute,
1742 2694 1797 2749 aut
1826 2683 2001 2769 prudentia
2030 2686 2150 2755 confisi.

1183 2779 1345 2853 usurpant
1373 2770 1458 2853 quod
1481 2769 1545 2833 Dei
1573 2772 1742 2854 proprium
1770 2779 1835 2836 est:
1866 2770 1917 2835 vel
1946 2790 1982 2834 se
2005 2771 2150 2836 inescant

1182 2857 1350 2922 fallacibus
1380 2856 1557 2935 illecebris,
1588 2857 1665 2920 dum
1696 2856 1890 2923 recumbunt
1917 2855 1953 2919 in
1979 2856 2151 2921 hominum

1182 2945 1336 3018 favorem,
1360 2941 1412 3007 vel
1435 2942 1503 3006 suis
1521 2941 1635 3023 opibus
1658 2942 1793 3025 aliisque
1816 2941 1968 3007 subsidiis
1990 2943 2149 3007 nituntur.

1182 3029 1274 3094 Haec
1304 3027 1406 3112 igitur
1428 3049 1494 3092 une
1516 3037 1567 3091 est
1593 3028 1769 3110 quaerendi
1790 3027 1854 3092 Dei
1883 3028 1975 3104 ratio,
2006 3029 2064 3093 ubi
2088 3047 2150 3092 nou

1183 3114 1407 3180 abstrahimur
1439 3133 1497 3196 per
1526 3114 1634 3179 varios
1667 3115 1840 3194 circuitus,
1873 3122 1906 3178 et
1938 3114 2031 3178 exuti
2065 3116 2150 3178 omni

1183 3200 1414 3284 superstitione
1437 3213 1471 3264 et
1488 3200 1649 3281 superbie,
1674 3200 1714 3264 ad
1733 3198 1840 3263 Deum
1863 3220 1965 3264 unum
1986 3220 2046 3264 nos
2065 3212 2150 3264 recta

1182 3287 1389 3353 conferimus.
1440 3285 1525 3349 Nam
1557 3286 1715 3366 particule
1743 3284 1837 3363 haec,
1874 3290 1971 3349 tecam
2000 3286 2151 3350 neminem

1182 3373 1282 3452 volni,
1314 3372 1508 3437 tantundem
1531 3370 1619 3434 velet
1644 3372 1730 3436 acsi
1754 3371 1905 3436 dixisset:
1936 3369 2024 3450 Quia
2045 3379 2080 3435 te
2101 3392 2152 3436 co·

1183 3458 1282 3543 gnovi
1305 3478 1407 3522 unum
1430 3456 1511 3521 mihi
1533 3460 1613 3521 satis
1640 3477 1802 3539 superque
1833 3477 1918 3538 esse,
1948 3474 2014 3519 non
2045 3458 2151 3538 rapior

1183 3552 1258 3629 post
1281 3544 1388 3608 varios
1416 3542 1595 3625 appetitus,
1625 3541 1680 3607 sed
1707 3542 1742 3605 in
1773 3551 1805 3606 te
1826 3542 2005 3625 acquiesco.
2051 3542 2151 3607 Porro

1182 3638 1220 3694 ut
1237 3629 1309 3695 Deo
1328 3626 1399 3693 uno‘
1413 3629 1581 3707 satiemur,
1600 3647 1717 3709 operae
1734 3627 1876 3710 pretium
1894 3638 1944 3691 est
1960 3647 2151 3711 cognoscere

1184 3735 1280 3799 quam
1303 3713 1460 3779 bonorum
1482 3712 1718 3797 plenitudinem
1742 3712 1836 3778 nubis
1858 3712 1982 3778 offerat.

1269 3801 1321 3866 26.
1345 3799 1480 3885 (Defecit
1500 3820 1572 3864 caro
1594 3797 1686 3884 nco.)
1721 3799 1870 3864 Priorem
1892 3810 2023 3882 partem
2041 3817 2151 3863 versus

1184 3888 1230 3952 ita
1259 3886 1391 3969 qnidam
1421 3885 1598 3968 accipiunt,
1632 3883 1719 3967 quud
1747 3905 1826 3968 prae
1855 3882 2010 3949 desiderii
2039 3882 2151 3949 ardore

1184 3972 1337 4038 defecerit
1359 3991 1415 4037 cor
1436 3979 1470 4035 et
1491 3990 1567 4035 caro
1590 3970 1746 4035 Davidis:
1769 3979 1865 4053 atque
1886 3971 1934 4034 ita
1956 3969 2072 4034 testari
2093 3989 2151 4053 pu·

1185 4066 1257 4123 tant
1278 4078 1377 4140 quam
1399 4057 1484 4121 serio
1507 4056 1547 4121 ed
1571 4055 1681 4120 Deum
1704 4076 1820 4121 seusus
1841 4074 1917 4121 suos
1947 4053 2151 4136 applicuerit.

1184 4144 1381 4225 Quanquam
1413 4151 1522 4205 autem
1555 4141 1670 4206 similis
1707 4141 1784 4207 alibi
1815 4140 1962 4223 loquutio
1996 4150 2151 4218 occurret,

1183 4229 1313 4294 videtur
1336 4237 1445 4292 tamen
1468 4226 1568 4290 alium
1591 4247 1724 4292 sensum
1742 4227 1875 4310 exigere
1894 4225 1979 4309 quod
1998 4227 2151 4291 continuo

1182 4326 1258 4399 post
1280 4312 1420 4390 additur,
1444 4312 1608 4377 Fortitudo
1628 4313 1732 4379 cordis
1753 4314 1815 4377 mei
1835 4311 2002 4377 Dominus.
2039 4311 2151 4376 Potina

1183 4400 1361 4466 antithesin
1390 4419 1460 4464 esse
1482 4398 1622 4462 arbitror
1643 4398 1730 4462 inter
1752 4397 1912 4464 defectum
1942 4417 2040 4480 quem
2062 4399 2098 4461 in
2119 4418 2151 4463 se

1181 4485 1293 4552 David
1321 4483 1496 4565 sentiebat,
1526 4492 1559 4548 et
1579 4483 1680 4550 robur
1702 4483 1860 4550 divinitus
1888 4483 1917 4547 ci
1940 4492 2151 4566 suggestum:

1183 4592 1220 4638 ec
1242 4572 1271 4637 si
1292 4570 1430 4636 diceret:
1461 4568 1620 4649 Quemvis
1642 4591 1661 4634 e
1683 4569 1755 4634 Deo
1776 4577 1946 4652 separatus
1971 4566 2059 4633 nihil
2080 4568 2151 4641 sim.

1183 4657 1359 4739 omniaque
1388 4675 1460 4719 mee
1481 4656 1514 4718 in
1538 4653 1677 4719 nihilum
1700 4655 1856 4732 recidant,
1879 4655 2016 4720 veniens
2041 4663 2151 4719 temen

1183 4742 1224 4810 ed
1247 4761 1330 4818 eum,
1362 4740 1487 4822 reperio
1516 4738 1583 4805 illic
1605 4740 1735 4823 plenam
1763 4739 1998 4805 fortitudinem.
2045 4743 2151 4823 Atque

1183 4831 1246 4896 hoc
1268 4825 1416 4910 apprime
1443 4825 1661 4890 necessarium
1686 4836 1744 4906 ost,
1773 4836 1926 4909 reputare
1949 4825 2027 4907 quid
2050 4827 2150 4890 simus

1182 4917 1252 4980 sinc
1271 4911 1360 4975 Deo:
1383 4912 1460 4994 quia
1480 4931 1576 4975 nemo
1599 4932 1634 4976 se
1653 4932 1786 4994 prorsus
1807 4912 1842 4975 in
1861 4913 1970 4975 Deum
1992 4912 2151 4989 coniiciet,

1182 4999 1246 5066 nisi
1275 4997 1330 5080 qui
1358 5018 1393 5061 sc
1416 4994 1551 5061 deficere
1581 4999 1740 5074 sentiens,
1775 4997 1814 5060 de
1842 4997 1909 5062 suis
1939 4997 2151 5063 facultatibus

1182 5087 1342 5167 desperat.
1393 5081 1504 5164 Neque
1536 5083 1622 5146 enim
1653 5104 1673 5146 a
1702 5081 1773 5148 Deo
1803 5085 1943 5165 petimus
1974 5084 2038 5148 nisi
2067 5082 2150 5165 quod

1181 5170 1276 5238 nubis
1294 5167 1384 5232 intus
1400 5166 1500 5233 deest.
1527 5169 1631 5251 Atque
1646 5167 1708 5234 hoc
1723 5167 1854 5251 quidem
1869 5167 2018 5233 fatentur
2029 5189 2150 5247 omncs,

1182 5268 1216 5323 et
1236 5252 1341 5320 maior
1362 5272 1438 5337 pars
1460 5253 1611 5319 sufficere
1638 5261 1741 5337 putat,
1772 5253 1800 5319 si
1821 5254 2047 5319 infirmitatem
2075 5252 2150 5321 sub·
