4658 5856
225 269 270 335 85

228 459 358 526 :huet
384 461 492 525 omnis
519 459 707 540 ostentatio,
735 479 757 524 s
784 456 1035 524 refutationibus
1063 468 1102 524 nt

228 581 407 664 plurimum
428 579 583 659 abstinui,
603 579 660 645 nbi
673 579 806 645 hostiur
824 576 958 662 potebat
979 577 1101 661 plausi-

229 698 305 766 bilis
326 700 499 765 hotnntine
527 719 672 783 onmpns
714 699 829 781 Neque
855 717 1003 781 unqnem
1023 717 1100 762 oon·

230 821 350 886 nerins
380 820 561 886 senwntiss
596 820 701 902 attigi,
734 818 799 883 nisi
831 817 887 882 ubi
919 817 1101 901 periculum

230 954 304 1007 oret
325 962 367 1005 ne
388 938 528 1005 tsoendo
550 937 665 1004 dubios
685 959 724 1004 eo
745 936 920 1022 perplexos
940 937 1098 1020 relinque

231 1082 303 1126 rem
323 1060 477 1124 lectores.
525 1058 596 1124 Neo
617 1079 671 1122 mo
692 1057 773 1123 lutet
792 1066 915 1141 quanto
936 1057 1103 1121 suaviores

231 1179 415 1246 multiaeint
428 1176 610 1256 illooebrne,
625 1199 666 1242 ex
679 1176 852 1260 multiplici
862 1176 1013 1258 oongerie
1023 1196 1102 1260 sug-

232 1320 347 1385 gerere
362 1298 536 1362 meteriem
552 1297 716 1363 ambitiosi
731 1293 932 1381 splendoris:
951 1295 1007 1360 sed
1019 1293 1102 1359 nihil

230 1419 336 1504 pluris
342 1419 417 1493 fnit,
429 1438 529 1501 quum
537 1417 694 1482 eooloeieo
701 1415 920 1482 oedifioetioni
926 1414 1103 1482 consulere.

231 1537 334 1603 Ferit
354 1538 455 1616 Deus,
482 1539 541 1620 qui
561 1536 644 1601 mihi
666 1537 756 1601 huno
776 1536 924 1601 nnimnm
945 1534 1044 1611 dedit,
1066 1542 1105 1599 ut

231 1677 398 1745 suoeessue
419 1656 520 1722 etism
541 1656 747 1740 respondeat.

317 1827 483 1907 Generee,
505 1827 551 1893 K
564 1826 727 1894 edendus
745 1827 899 1912 Augusti.
921 1823 1105 1892 sinum

2184 265 2228 331 36

1256 455 1297 522 de
1318 457 1477 539 pronfiter
1498 477 1566 522 eux
1587 476 1679 542 gens.
1715 457 1761 522 Et
1782 466 1937 540 poortnnt
1958 476 2024 520 non
2043 453 2228 521 seulement

1256 541 1323 626 i'ey
1343 543 1481 610 observe
1492 564 1558 692 gor
1580 550 1653 608 tout
1673 562 1737 607 une
1758 542 1876 626 simplo
1898 541 1989 624 luoon
2011 539 2226 625 d’enseigner,

1256 627 1340 692 mois
1361 628 1491 694 sussin
1518 651 1540 692 n
1562 627 1603 693 do
1631 627 1850 713 m’eslongner
1872 637 1944 693 tunt
1971 627 2044 711 plns
2067 627 2108 692 de
2137 635 2227 692 toute

1257 714 1465 794 ostentation,
1493 714 1525 779 ie
1546 735 1599 779 me
1620 714 1690 780 suis
1710 713 1849 779 ebstenu
1869 713 1901 778 le
1949 712 2002 778 lus
2023 720 2165 778 souvent
2186 712 2228 777 de

1256 799 1381 863 refutet
1402 799 1451 865 les
1472 810 1598 864 autres:
1621 799 1677 882 qui
1698 799 1797 865 estoit
1819 810 1875 864 tou
1937 798 1986 864 ois
2006 797 2162 864 l'endroit
2182 817 2228 863 on

1257 883 1382 969 i'evoye
1412 885 1490 968 plns
1522 884 1606 950 belle
1638 886 1773 951 metiore
1799 885 1839 950 de
1869 905 1923 950 me
1954 894 2117 949 monstror
2147 904 2229 949 eveo

1257 969 1557 1052 opplendissement
1573 969 1614 1037 do
1631 990 1715 1036 ceux
1726 972 1782 1054 qui
1793 979 1953 1054 pourrout
1968 969 2029 1034 lire
2044 989 2122 1034 mon
2134 970 2229 1036 livre.

1257 1055 1354 1120 Etsi
1383 1059 1458 1141 n‘oy
1489 1057 1605 1122 inmeis
1634 1057 1755 1121 touohe
1782 1057 1830 1122 les
1856 1057 2008 1139 opinions
2037 1057 2230 1131 contraires,

1257 1142 1353 1205 sinon
1376 1141 1474 1207 loon
1496 1143 1520 1207 il
1543 1144 1639 1208 estoit
1659 1149 1681 1207 d
1702 1141 1852 1208 oreindre
1873 1146 1970 1225 qn'en
1991 1141 2076 1206 m'en
2107 1142 2233 1207 tonent

1257 1226 1290 1291 ie
1311 1226 1461 1294 laissasee
1483 1228 1531 1294 les
1559 1228 1700 1295 leoteurs
1726 1250 1769 1293 en
1796 1249 1945 1311 suspens.
1984 1227 2179 1311 cependant
2200 1227 2232 1291 ie

1258 1331 1336 1396 sony
1358 1314 1506 1380 oombien
1536 1316 1702 1399 plusieurs
1723 1322 1962 1397 trouveroyont
1982 1314 2094 1380 mieux
2116 1320 2138 1378 d
2159 1313 2233 1378 leur

1258 1411 1369 1546 {omt’
1388 1402 1486 1482 qo’on
1504 1400 1582 1467 leist
1602 1399 1805 1465 nnemnsdo
1827 1399 1994 1483 beauoonp
2006 1398 2046 1465 de
2066 1398 2232 1474 mutieres,

1282 1487 1410 1548 ’entant
1431 1506 1494 1568 quo
1516 1486 1588 1551 cels
1606 1487 1651 1551 ha
1667 1484 1774 1570 grand
1791 1484 1906 1564 lustre,
1927 1494 1961 1550 et
1979 1484 2128 1569 eoqniert
2145 1483 2234 1549 bruit

1259 1575 1388 1634 doenx
1409 1573 1465 1653 qni
1487 1572 1517 1637 le
1545 1574 1631 1640 font:
1654 1571 1738 1637 mnis
1764 1570 1797 1636 ie
1825 1576 1900 1656 n'oy
1928 1571 2000 1636 rien
2028 1592 2070 1638 eu
2093 1593 2135 1636 en
2157 1570 2234 1655 plus

1259 1652 1385 1738 grande
1407 1657 1716 1737 reoommeudetion,
1746 1679 1809 1741 que
1831 1657 1872 1723 de
1893 1657 2049 1741 regurdor
2073 1664 2095 1722 d
2117 1655 2236 1721 l'edifi·

1259 1741 1370 1806 oetion
1392 1739 1433 1806 de
1456 1742 1602 1828 l’Eglise.
1633 1743 1720 1809 Dien
1741 1744 1798 1826 qui
1818 1745 1886 1808 m's
1905 1742 2013 1808 donne
2034 1764 2072 1808 oe
2093 1741 2234 1820 vouloir,

1260 1825 1330 1891 feoe
1350 1846 1413 1908 por
1434 1848 1472 1893 so
1495 1849 1592 1913 grsoe
1613 1849 1677 1912 qne
1697 1827 1809 1894 l’issue
1831 1849 1875 1893 en
1897 1829 1959 1894 soit
1981 1827 2067 1892 telle.

1344 1926 1398 1992 De
1418 1930 1555 1997 Geneve
1575 1952 1613 1997 oe
1635 1931 1705 2015 xxij
1729 1931 1770 1996 de
1791 1930 1912 2010 Inillet,
1931 1928 2138 1996 nomn.
