<?xml version="1.0" encoding="UTF-8"?>
<!DOCTYPE html PUBLIC "-//W3C//DTD XHTML 1.0 Transitional//EN"
    "http://www.w3.org/TR/xhtml1/DTD/xhtml1-transitional.dtd">
<html xmlns="http://www.w3.org/1999/xhtml" xml:lang="en" lang="en">
 <head>
  <title>
</title>
<meta http-equiv="Content-Type" content="text/html;charset=utf-8" />
  <meta name='ocr-system' content='tesseract 3.04.00' />
  <meta name='ocr-capabilities' content='ocr_page ocr_carea ocr_par ocr_line ocrx_word'/>
</head>
<body>
  <div class='ocr_page' id='page_1' title='image "./corpusreformato05melagoog_0211.png"; bbox 0 0 4672 5864; ppageno 0'>
   <div class='ocr_carea' id='block_1_1' title="bbox 171 342 2163 419">
    <p class='ocr_par' dir='ltr' id='par_1_1' title="bbox 171 342 2163 419">
     <span class='ocr_line' id='line_1_1' title="bbox 171 342 2163 419; baseline 0.005 -11"><span class='ocrx_word' id='word_1_1' title='bbox 171 342 233 409; x_wconf 80' lang='lat'><strong>437</strong></span> <span class='ocrx_word' id='word_1_2' title='bbox 978 344 1195 413; x_wconf 81' lang='lat' dir='ltr'><strong>PSALMUS</strong></span> <span class='ocrx_word' id='word_1_3' title='bbox 1220 345 1348 412; x_wconf 86' lang='lat' dir='ltr'>XLIV.</span> <span class='ocrx_word' id='word_1_4' title='bbox 1796 354 1800 363; x_wconf 84' lang='grc'><em>“</em></span> <span class='ocrx_word' id='word_1_5' title='bbox 2100 350 2163 419; x_wconf 82' lang='grc'><strong>438</strong></span> 
     </span>
    </p>
   </div>
   <div class='ocr_carea' id='block_1_2' title="bbox 162 531 2160 2503">
    <p class='ocr_par' dir='ltr' id='par_1_2' title="bbox 162 531 2160 2503">
     <span class='ocr_line' id='line_1_2' title="bbox 167 531 2160 624; baseline 0.005 -27"><span class='ocrx_word' id='word_1_6' title='bbox 167 531 300 597; x_wconf 60' lang='lat' dir='ltr'><strong>cambus</strong></span> <span class='ocrx_word' id='word_1_7' title='bbox 318 532 387 598; x_wconf 91' lang='lat' dir='ltr'><strong>suis</strong></span> <span class='ocrx_word' id='word_1_8' title='bbox 405 531 518 599; x_wconf 90' lang='lat' dir='ltr'><strong>dieunt</strong></span> <span class='ocrx_word' id='word_1_9' title='bbox 535 532 672 616; x_wconf 78' lang='lat' dir='ltr'><strong>audisse,</strong></span> <span class='ocrx_word' id='word_1_10' title='bbox 696 552 760 597; x_wconf 91' lang='lat' dir='ltr'><strong>non</strong></span> <span class='ocrx_word' id='word_1_11' title='bbox 780 541 829 598; x_wconf 91' lang='lat' dir='ltr'><strong>est</strong></span> <span class='ocrx_word' id='word_1_12' title='bbox 846 533 1062 616; x_wconf 75' lang='lat' dir='ltr'><strong>pleonasmos,</strong></span> <span class='ocrx_word' id='word_1_13' title='bbox 1081 532 1137 598; x_wconf 90' lang='lat' dir='ltr'><strong>sed</strong></span> <span class='ocrx_word' id='word_1_14' title='bbox 1188 535 1266 617; x_wconf 92' lang='lat' dir='ltr'><strong>quin</strong></span> <span class='ocrx_word' id='word_1_15' title='bbox 1285 533 1391 617; x_wconf 91' lang='lat' dir='ltr'><strong>potius</strong></span> <span class='ocrx_word' id='word_1_16' title='bbox 1408 533 1579 600; x_wconf 86' lang='lat' dir='ltr'><strong>vinculum</strong></span> <span class='ocrx_word' id='word_1_17' title='bbox 1598 544 1732 602; x_wconf 89' lang='lat' dir='ltr'><strong>sanotae</strong></span> <span class='ocrx_word' id='word_1_18' title='bbox 1749 538 1986 604; x_wconf 90' lang='lat' dir='ltr'><strong>coniunctionis</strong></span> <span class='ocrx_word' id='word_1_19' title='bbox 2004 539 2068 606; x_wconf 90' lang='lat' dir='ltr'><strong>sibi</strong></span> <span class='ocrx_word' id='word_1_20' title='bbox 2085 560 2160 624; x_wconf 91' lang='lat' dir='ltr'><strong>pro-</strong></span> 
     </span>
     <span class='ocr_line' id='line_1_3' title="bbox 168 617 2159 711; baseline 0.004 -28"><span class='ocrx_word' id='word_1_21' title='bbox 168 617 351 701; x_wconf 88' lang='lat' dir='ltr'><strong>emphatioe</strong></span> <span class='ocrx_word' id='word_1_22' title='bbox 372 619 573 703; x_wconf 88' lang='lat' dir='ltr'><strong>exprimunt,</strong></span> <span class='ocrx_word' id='word_1_23' title='bbox 596 627 665 683; x_wconf 91' lang='lat' dir='ltr'><strong>tam</strong></span> <span class='ocrx_word' id='word_1_24' title='bbox 694 618 854 684; x_wconf 78' lang='lat' dir='ltr'><strong>celebrem</strong></span> <span class='ocrx_word' id='word_1_25' title='bbox 882 619 982 684; x_wconf 87' lang='lat' dir='ltr'><strong>luisse</strong></span> <span class='ocrx_word' id='word_1_26' title='bbox 1010 619 1138 703; x_wconf 88' lang='lat' dir='ltr'><strong>gratiae</strong></span> <span class='ocrx_word' id='word_1_27' title='bbox 1189 631 1316 704; x_wconf 85' lang='lat' dir='ltr'><strong>ponunt</strong></span> <span class='ocrx_word' id='word_1_28' title='bbox 1336 621 1371 685; x_wconf 90' lang='lat' dir='ltr'><strong>in</strong></span> <span class='ocrx_word' id='word_1_29' title='bbox 1394 619 1457 684; x_wconf 91' lang='lat' dir='ltr'><strong>Dei</strong></span> <span class='ocrx_word' id='word_1_30' title='bbox 1479 619 1619 700; x_wconf 86' lang='lat' dir='ltr'><strong>foedere,</strong></span> <span class='ocrx_word' id='word_1_31' title='bbox 1637 631 1676 686; x_wconf 94' lang='lat' dir='ltr'><strong>ut</strong></span> <span class='ocrx_word' id='word_1_32' title='bbox 1692 621 1769 688; x_wconf 92' lang='lat' dir='ltr'><strong>inde</strong></span> <span class='ocrx_word' id='word_1_33' title='bbox 1788 622 1953 708; x_wconf 90' lang='lat' dir='ltr'><strong>colligant,</strong></span> <span class='ocrx_word' id='word_1_34' title='bbox 1972 624 2014 690; x_wconf 91' lang='lat' dir='ltr'><strong>ad</strong></span> <span class='ocrx_word' id='word_1_35' title='bbox 2031 646 2068 691; x_wconf 91' lang='grc' dir='ltr'><strong>ιι</strong></span> <span class='ocrx_word' id='word_1_36' title='bbox 2087 647 2159 711; x_wconf 91' lang='lat' dir='ltr'><strong>per·</strong></span> 
     </span>
     <span class='ocr_line' id='line_1_4' title="bbox 168 701 2159 794; baseline 0.004 -25"><span class='ocrx_word' id='word_1_37' title='bbox 168 702 232 769; x_wconf 91' lang='lat' dir='ltr'><strong>Dei</strong></span> <span class='ocrx_word' id='word_1_38' title='bbox 251 702 380 782; x_wconf 83' lang='lat' dir='ltr'><strong>famam,</strong></span> <span class='ocrx_word' id='word_1_39' title='bbox 398 713 437 769; x_wconf 93' lang='grc' dir='ltr'><strong>ιι</strong></span> <span class='ocrx_word' id='word_1_40' title='bbox 454 701 583 768; x_wconf 85' lang='lat' dir='ltr'><strong>sublata</strong></span> <span class='ocrx_word' id='word_1_41' title='bbox 600 703 644 768; x_wconf 90' lang='lat' dir='ltr'><strong>sit</strong></span> <span class='ocrx_word' id='word_1_42' title='bbox 661 703 768 770; x_wconf 89' lang='lat' dir='ltr'><strong>omnis</strong></span> <span class='ocrx_word' id='word_1_43' title='bbox 785 702 954 770; x_wconf 76' lang='lat' dir='ltr'><strong>dubitatio.</strong></span> <span class='ocrx_word' id='word_1_44' title='bbox 987 703 1136 784; x_wconf 84' lang='lat' dir='ltr'><strong>Addunt,</strong></span> <span class='ocrx_word' id='word_1_45' title='bbox 1191 705 1295 772; x_wconf 90' lang='lat' dir='ltr'><strong>tinere</strong></span> <span class='ocrx_word' id='word_1_46' title='bbox 1323 701 1477 789; x_wconf 92' lang='lat' dir='ltr'><strong>quidquid</strong></span> <span class='ocrx_word' id='word_1_47' title='bbox 1501 727 1644 789; x_wconf 91' lang='lat' dir='ltr'><strong>unquam</strong></span> <span class='ocrx_word' id='word_1_48' title='bbox 1671 706 1707 772; x_wconf 90' lang='lat' dir='ltr'><strong>in</strong></span> <span class='ocrx_word' id='word_1_49' title='bbox 1735 707 1808 773; x_wconf 93' lang='lat' dir='ltr'><strong>Deo</strong></span> <span class='ocrx_word' id='word_1_50' title='bbox 1837 708 1993 775; x_wconf 90' lang='lat' dir='ltr'><strong>bonitatis</strong></span> <span class='ocrx_word' id='word_1_51' title='bbox 2023 722 2159 794; x_wconf 91' lang='lat' dir='ltr'><strong>experta</strong></span> 
     </span>
     <span class='ocr_line' id='line_1_5' title="bbox 168 786 2156 878; baseline 0.004 -23"><span class='ocrx_word' id='word_1_52' title='bbox 168 790 318 855; x_wconf 89' lang='lat' dir='ltr'><strong>notitiam</strong></span> <span class='ocrx_word' id='word_1_53' title='bbox 340 789 425 855; x_wconf 92' lang='lat' dir='ltr'><strong>hane</strong></span> <span class='ocrx_word' id='word_1_54' title='bbox 448 786 488 854; x_wconf 93' lang='lat' dir='ltr'><strong>ab</strong></span> <span class='ocrx_word' id='word_1_55' title='bbox 508 789 646 855; x_wconf 87' lang='lat' dir='ltr'><strong>oculatis</strong></span> <span class='ocrx_word' id='word_1_56' title='bbox 664 788 802 856; x_wconf 89' lang='lat' dir='ltr'><strong>testibus</strong></span> <span class='ocrx_word' id='word_1_57' title='bbox 819 809 879 873; x_wconf 91' lang='lat' dir='ltr'><strong>per</strong></span> <span class='ocrx_word' id='word_1_58' title='bbox 901 810 1018 856; x_wconf 87' lang='lat' dir='ltr'><strong>manus</strong></span> <span class='ocrx_word' id='word_1_59' title='bbox 1036 790 1136 856; x_wconf 83' lang='lat' dir='ltr'><strong>luisse</strong></span> <span class='ocrx_word' id='word_1_60' title='bbox 1188 800 1238 858; x_wconf 91' lang='lat' dir='ltr'><strong>est</strong></span> <span class='ocrx_word' id='word_1_61' title='bbox 1268 790 1411 858; x_wconf 88' lang='lat' dir='ltr'><strong>ecelesia.</strong></span> <span class='ocrx_word' id='word_1_62' title='bbox 1466 790 1690 874; x_wconf 81' lang='lat' dir='ltr'><strong>Expostulant</strong></span> <span class='ocrx_word' id='word_1_63' title='bbox 1722 793 1854 877; x_wconf 93' lang='lat' dir='ltr'><strong>quidem</strong></span> <span class='ocrx_word' id='word_1_64' title='bbox 1887 794 2002 878; x_wconf 91' lang='lat' dir='ltr'><strong>primis</strong></span> <span class='ocrx_word' id='word_1_65' title='bbox 2035 797 2156 873; x_wconf 86' lang='lat' dir='ltr'><strong>verbis,</strong></span> 
     </span>
     <span class='ocr_line' id='line_1_6' title="bbox 168 873 2158 962; baseline 0.004 -23"><span class='ocrx_word' id='word_1_66' title='bbox 168 875 338 955; x_wconf 76' lang='lat' dir='ltr'><strong>traditam,</strong></span> <span class='ocrx_word' id='word_1_67' title='bbox 371 894 436 940; x_wconf 92' lang='lat' dir='ltr'><strong>uon</strong></span> <span class='ocrx_word' id='word_1_68' title='bbox 478 873 561 958; x_wconf 90' lang='lat' dir='ltr'><strong>qued</strong></span> <span class='ocrx_word' id='word_1_69' title='bbox 599 881 708 957; x_wconf 87' lang='lat' dir='ltr'><strong>patres</strong></span> <span class='ocrx_word' id='word_1_70' title='bbox 741 875 797 959; x_wconf 92' lang='lat' dir='ltr'><strong>qui</strong></span> <span class='ocrx_word' id='word_1_71' title='bbox 829 897 871 941; x_wconf 87' lang='lat' dir='ltr'><strong>ex</strong></span> <span class='ocrx_word' id='word_1_72' title='bbox 897 875 1050 962; x_wconf 80' lang='lat' dir='ltr'><strong>Aegypto</strong></span> <span class='ocrx_word' id='word_1_73' title='bbox 1084 896 1135 941; x_wconf 91' lang='lat' dir='ltr'><strong>re·</strong></span> <span class='ocrx_word' id='word_1_74' title='bbox 1190 887 1383 960; x_wconf 82' lang='lat' dir='ltr'><strong>quaerentes</strong></span> <span class='ocrx_word' id='word_1_75' title='bbox 1419 876 1496 960; x_wconf 91' lang='lat' dir='ltr'><strong>quid</strong></span> <span class='ocrx_word' id='word_1_76' title='bbox 1528 876 1591 944; x_wconf 90' lang='lat' dir='ltr'><strong>sibi</strong></span> <span class='ocrx_word' id='word_1_77' title='bbox 1624 879 1703 944; x_wconf 90' lang='lat' dir='ltr'><strong>velit</strong></span> <span class='ocrx_word' id='word_1_78' title='bbox 1736 881 1866 962; x_wconf 91' lang='lat' dir='ltr'><strong>paterni</strong></span> <span class='ocrx_word' id='word_1_79' title='bbox 1896 880 2019 947; x_wconf 86' lang='lat' dir='ltr'><strong>favoris</strong></span> <span class='ocrx_word' id='word_1_80' title='bbox 2055 882 2158 948; x_wconf 92' lang='lat' dir='ltr'><strong>inter·</strong></span> 
     </span>
     <span class='ocr_line' id='line_1_7' title="bbox 168 961 2158 1050; baseline 0.003 -23"><span class='ocrx_word' id='word_1_81' title='bbox 168 961 291 1044; x_wconf 77' lang='lat' dir='ltr'><strong>dempti</strong></span> <span class='ocrx_word' id='word_1_82' title='bbox 312 961 454 1038; x_wconf 86' lang='lat' dir='ltr'><strong>fuerant,</strong></span> <span class='ocrx_word' id='word_1_83' title='bbox 476 968 549 1042; x_wconf 90' lang='lat' dir='ltr'><strong>post</strong></span> <span class='ocrx_word' id='word_1_84' title='bbox 570 979 674 1026; x_wconf 88' lang='lat' dir='ltr'><strong>annos</strong></span> <span class='ocrx_word' id='word_1_85' title='bbox 697 961 787 1026; x_wconf 89' lang='lat' dir='ltr'><strong>mille</strong></span> <span class='ocrx_word' id='word_1_86' title='bbox 809 971 842 1024; x_wconf 92' lang='lat' dir='ltr'><strong>et</strong></span> <span class='ocrx_word' id='word_1_87' title='bbox 862 961 1058 1045; x_wconf 89' lang='lat' dir='ltr'><strong>quingentos</strong></span> <span class='ocrx_word' id='word_1_88' title='bbox 1080 982 1137 1027; x_wconf 86' lang='lat' dir='ltr'><strong>ex·</strong></span> <span class='ocrx_word' id='word_1_89' title='bbox 1179 964 1312 1046; x_wconf 90' lang='lat' dir='ltr'><strong>ruptio:</strong></span> <span class='ocrx_word' id='word_1_90' title='bbox 1345 961 1402 1027; x_wconf 90' lang='lat' dir='ltr'><strong>sed</strong></span> <span class='ocrx_word' id='word_1_91' title='bbox 1424 982 1500 1028; x_wconf 87' lang='lat' dir='ltr'><strong>mox</strong></span> <span class='ocrx_word' id='word_1_92' title='bbox 1524 984 1559 1029; x_wconf 90' lang='lat' dir='ltr'><strong>sc</strong></span> <span class='ocrx_word' id='word_1_93' title='bbox 1581 966 1669 1046; x_wconf 90' lang='lat' dir='ltr'><strong>ipsos</strong></span> <span class='ocrx_word' id='word_1_94' title='bbox 1700 964 1870 1050; x_wconf 85' lang='lat' dir='ltr'><strong>eolligunt,</strong></span> <span class='ocrx_word' id='word_1_95' title='bbox 1903 965 1980 1050; x_wconf 87' lang='lat' dir='ltr'><strong>quia</strong></span> <span class='ocrx_word' id='word_1_96' title='bbox 2013 966 2158 1034; x_wconf 90' lang='lat' dir='ltr'><strong>succedit</strong></span> 
     </span>
     <span class='ocr_line' id='line_1_8' title="bbox 167 1044 2155 1137; baseline 0.004 -24"><span class='ocrx_word' id='word_1_97' title='bbox 167 1047 338 1130; x_wconf 80' lang='lat' dir='ltr'><strong>posuerint</strong></span> <span class='ocrx_word' id='word_1_98' title='bbox 362 1046 500 1129; x_wconf 89' lang='lat' dir='ltr'><strong>posteris</strong></span> <span class='ocrx_word' id='word_1_99' title='bbox 524 1044 587 1111; x_wconf 90' lang='lat' dir='ltr'><strong>Dei</strong></span> <span class='ocrx_word' id='word_1_100' title='bbox 609 1046 776 1125; x_wconf 90' lang='lat' dir='ltr'><strong>beneficia,</strong></span> <span class='ocrx_word' id='word_1_101' title='bbox 803 1044 860 1111; x_wconf 90' lang='lat' dir='ltr'><strong>sed</strong></span> <span class='ocrx_word' id='word_1_102' title='bbox 883 1045 959 1130; x_wconf 90' lang='lat' dir='ltr'><strong>quia</strong></span> <span class='ocrx_word' id='word_1_103' title='bbox 981 1046 1137 1113; x_wconf 88' lang='lat' dir='ltr'><strong>continua</strong></span> <span class='ocrx_word' id='word_1_104' title='bbox 1188 1069 1276 1114; x_wconf 90' lang='lat' dir='ltr'><strong>nova</strong></span> <span class='ocrx_word' id='word_1_105' title='bbox 1303 1048 1456 1132; x_wconf 86' lang='lat' dir='ltr'><strong>cogitatio</strong></span> <span class='ocrx_word' id='word_1_106' title='bbox 1484 1045 1524 1114; x_wconf 91' lang='lat' dir='ltr'><strong>de</strong></span> <span class='ocrx_word' id='word_1_107' title='bbox 1554 1046 1617 1114; x_wconf 90' lang='lat' dir='ltr'><strong>fido</strong></span> <span class='ocrx_word' id='word_1_108' title='bbox 1646 1059 1679 1114; x_wconf 93' lang='lat' dir='ltr'><strong>et</strong></span> <span class='ocrx_word' id='word_1_109' title='bbox 1707 1051 1893 1116; x_wconf 86' lang='lat' dir='ltr'><strong>constantia</strong></span> <span class='ocrx_word' id='word_1_110' title='bbox 1921 1051 1996 1129; x_wconf 90' lang='lat' dir='ltr'><strong>Dei,</strong></span> <span class='ocrx_word' id='word_1_111' title='bbox 2024 1053 2080 1137; x_wconf 92' lang='lat' dir='ltr'><strong>qni</strong></span> <span class='ocrx_word' id='word_1_112' title='bbox 2102 1074 2155 1120; x_wconf 89' lang='lat' dir='ltr'><strong>eos</strong></span> 
     </span>
     <span class='ocr_line' id='line_1_9' title="bbox 167 1129 2156 1222; baseline 0.003 -23"><span class='ocrx_word' id='word_1_113' title='bbox 167 1135 251 1200; x_wconf 90' lang='lat' dir='ltr'><strong>serie</strong></span> <span class='ocrx_word' id='word_1_114' title='bbox 273 1153 340 1198; x_wconf 91' lang='lat' dir='ltr'><strong>non</strong></span> <span class='ocrx_word' id='word_1_115' title='bbox 361 1141 490 1197; x_wconf 88' lang='lat' dir='ltr'><strong>tantum</strong></span> <span class='ocrx_word' id='word_1_116' title='bbox 536 1131 620 1195; x_wconf 88' lang='lat' dir='ltr'><strong>rima</strong></span> <span class='ocrx_word' id='word_1_117' title='bbox 636 1131 795 1212; x_wconf 89' lang='lat' dir='ltr'><strong>liberatio,</strong></span> <span class='ocrx_word' id='word_1_118' title='bbox 817 1129 875 1197; x_wconf 90' lang='lat' dir='ltr'><strong>sed</strong></span> <span class='ocrx_word' id='word_1_119' title='bbox 893 1132 984 1197; x_wconf 91' lang='lat' dir='ltr'><strong>varia</strong></span> <span class='ocrx_word' id='word_1_120' title='bbox 1004 1131 1136 1213; x_wconf 89' lang='lat' dir='ltr'><strong>auxilia,</strong></span> <span class='ocrx_word' id='word_1_121' title='bbox 1189 1154 1253 1198; x_wconf 91' lang='lat' dir='ltr'><strong>non</strong></span> <span class='ocrx_word' id='word_1_122' title='bbox 1294 1135 1403 1199; x_wconf 90' lang='lat' dir='ltr'><strong>minus</strong></span> <span class='ocrx_word' id='word_1_123' title='bbox 1440 1154 1538 1217; x_wconf 90' lang='lat' dir='ltr'><strong>quam</strong></span> <span class='ocrx_word' id='word_1_124' title='bbox 1578 1144 1687 1217; x_wconf 89' lang='lat' dir='ltr'><strong>patres</strong></span> <span class='ocrx_word' id='word_1_125' title='bbox 1723 1135 1899 1219; x_wconf 85' lang='lat' dir='ltr'><strong>adoptavit.</strong></span> <span class='ocrx_word' id='word_1_126' title='bbox 1957 1136 2156 1222; x_wconf 78' lang='lat' dir='ltr'><strong>Quanquam</strong></span> 
     </span>
     <span class='ocr_line' id='line_1_10' title="bbox 166 1152 2157 1304; baseline 0.002 -18"><span class='ocrx_word' id='word_1_127' title='bbox 166 1241 249 1304; x_wconf 87' lang='lat' dir='ltr'><strong>quae</strong></span> <span class='ocrx_word' id='word_1_128' title='bbox 276 1216 414 1285; x_wconf 78' lang='lat' dir='ltr'><strong>subinde</strong></span> <span class='ocrx_word' id='word_1_129' title='bbox 441 1152 596 1282; x_wconf 76' lang='lat' dir='ltr'><strong>attulerat</strong></span> <span class='ocrx_word' id='word_1_130' title='bbox 624 1216 715 1282; x_wconf 91' lang='lat' dir='ltr'><strong>Deus</strong></span> <span class='ocrx_word' id='word_1_131' title='bbox 744 1216 863 1300; x_wconf 89' lang='lat' dir='ltr'><strong>populo</strong></span> <span class='ocrx_word' id='word_1_132' title='bbox 892 1237 951 1282; x_wconf 92' lang='lat' dir='ltr'><strong>sue</strong></span> <span class='ocrx_word' id='word_1_133' title='bbox 974 1216 1015 1283; x_wconf 90' lang='lat' dir='ltr'><strong>de</strong></span> <span class='ocrx_word' id='word_1_134' title='bbox 1037 1238 1135 1284; x_wconf 90' lang='lat' dir='ltr'><strong>mauu</strong></span> <span class='ocrx_word' id='word_1_135' title='bbox 1188 1219 1309 1284; x_wconf 89' lang='lat' dir='ltr'><strong>mirum</strong></span> <span class='ocrx_word' id='word_1_136' title='bbox 1331 1240 1397 1285; x_wconf 90' lang='lat' dir='ltr'><strong>non</strong></span> <span class='ocrx_word' id='word_1_137' title='bbox 1420 1226 1477 1300; x_wconf 91' lang='lat' dir='ltr'><strong>est,</strong></span> <span class='ocrx_word' id='word_1_138' title='bbox 1499 1219 1534 1284; x_wconf 92' lang='lat' dir='ltr'><strong>in</strong></span> <span class='ocrx_word' id='word_1_139' title='bbox 1557 1219 1676 1286; x_wconf 88' lang='lat' dir='ltr'><strong>animis</strong></span> <span class='ocrx_word' id='word_1_140' title='bbox 1698 1221 1827 1304; x_wconf 91' lang='lat' dir='ltr'><strong>piorum</strong></span> <span class='ocrx_word' id='word_1_141' title='bbox 1851 1219 1997 1289; x_wconf 79' lang='lat' dir='ltr'><strong>diversos</strong></span> <span class='ocrx_word' id='word_1_142' title='bbox 2014 1223 2104 1289; x_wconf 92' lang='grc' dir='ltr'>ιιιιι</span> <span class='ocrx_word' id='word_1_143' title='bbox 2121 1244 2157 1292; x_wconf 91' lang='grc' dir='ltr'><strong>ιι</strong></span> 
     </span>
     <span class='ocr_line' id='line_1_11' title="bbox 166 1301 2156 1393; baseline 0.003 -23"><span class='ocrx_word' id='word_1_144' title='bbox 166 1305 266 1393; x_wconf 93' lang='lat' dir='ltr'><strong>(qued</strong></span> <span class='ocrx_word' id='word_1_145' title='bbox 289 1302 395 1389; x_wconf 86' lang='lat' dir='ltr'><strong>aiunt)</strong></span> <span class='ocrx_word' id='word_1_146' title='bbox 417 1304 451 1369; x_wconf 94' lang='lat' dir='ltr'><strong>iu</strong></span> <span class='ocrx_word' id='word_1_147' title='bbox 474 1322 608 1367; x_wconf 91' lang='lat' dir='ltr'><strong>manum</strong></span> <span class='ocrx_word' id='word_1_148' title='bbox 633 1323 733 1384; x_wconf 92' lang='lat' dir='ltr'><strong>usque</strong></span> <span class='ocrx_word' id='word_1_149' title='bbox 755 1302 797 1368; x_wconf 89' lang='lat' dir='ltr'><strong>ad</strong></span> <span class='ocrx_word' id='word_1_150' title='bbox 818 1301 969 1368; x_wconf 90' lang='lat' dir='ltr'><strong>ultimam</strong></span> <span class='ocrx_word' id='word_1_151' title='bbox 995 1313 1134 1369; x_wconf 87' lang='lat' dir='ltr'><strong>aetatem</strong></span> <span class='ocrx_word' id='word_1_152' title='bbox 1188 1305 1324 1371; x_wconf 86' lang='lat' dir='ltr'><strong>affectus</strong></span> <span class='ocrx_word' id='word_1_153' title='bbox 1352 1305 1450 1371; x_wconf 89' lang='lat' dir='ltr'><strong>stiam</strong></span> <span class='ocrx_word' id='word_1_154' title='bbox 1481 1302 1644 1388; x_wconf 82' lang='lat' dir='ltr'><strong>precando</strong></span> <span class='ocrx_word' id='word_1_155' title='bbox 1672 1307 1858 1391; x_wconf 84' lang='lat' dir='ltr'><strong>confligere.</strong></span> <span class='ocrx_word' id='word_1_156' title='bbox 1914 1306 1980 1374; x_wconf 88' lang='lat' dir='ltr'><strong>Sed</strong></span> <span class='ocrx_word' id='word_1_157' title='bbox 2010 1307 2156 1392; x_wconf 81' lang='lat' dir='ltr'><strong>Spiritus</strong></span> 
     </span>
     <span class='ocr_line' id='line_1_12' title="bbox 166 1387 2156 1478; baseline 0.002 -20"><span class='ocrx_word' id='word_1_158' title='bbox 166 1390 390 1478; x_wconf 85' lang='lat' dir='ltr'><strong>pervenerint.</strong></span> <span class='ocrx_word' id='word_1_159' title='bbox 434 1388 523 1470; x_wconf 90' lang='lat' dir='ltr'><strong>Quia</strong></span> <span class='ocrx_word' id='word_1_160' title='bbox 539 1407 617 1471; x_wconf 88' lang='lat' dir='ltr'><strong>ergo</strong></span> <span class='ocrx_word' id='word_1_161' title='bbox 635 1408 677 1453; x_wconf 86' lang='lat' dir='ltr'><strong>ex</strong></span> <span class='ocrx_word' id='word_1_162' title='bbox 695 1408 751 1453; x_wconf 90' lang='lat' dir='ltr'><strong>ere</strong></span> <span class='ocrx_word' id='word_1_163' title='bbox 769 1387 893 1471; x_wconf 89' lang='lat' dir='ltr'><strong>primae</strong></span> <span class='ocrx_word' id='word_1_164' title='bbox 914 1389 1135 1473; x_wconf 79' lang='lat' dir='ltr'><strong>generationis</strong></span> <span class='ocrx_word' id='word_1_165' title='bbox 1186 1400 1319 1457; x_wconf 89' lang='lat' dir='ltr'><strong>sanetus</strong></span> <span class='ocrx_word' id='word_1_166' title='bbox 1347 1390 1557 1456; x_wconf 93' lang='lat' dir='ltr'><strong>immodicum</strong></span> <span class='ocrx_word' id='word_1_167' title='bbox 1583 1390 1727 1456; x_wconf 90' lang='lat' dir='ltr'><strong>delerem</strong></span> <span class='ocrx_word' id='word_1_168' title='bbox 1755 1390 1909 1474; x_wconf 89' lang='lat' dir='ltr'><strong>sedando,</strong></span> <span class='ocrx_word' id='word_1_169' title='bbox 1936 1395 2156 1477; x_wconf 89' lang='lat' dir='ltr'><strong>querimonias</strong></span> 
     </span>
     <span class='ocr_line' id='line_1_13' title="bbox 166 1473 2154 1562; baseline 0.002 -19"><span class='ocrx_word' id='word_1_170' title='bbox 166 1478 292 1562; x_wconf 87' lang='lat' dir='ltr'><strong>loquuti</strong></span> <span class='ocrx_word' id='word_1_171' title='bbox 311 1483 390 1543; x_wconf 92' lang='lat' dir='ltr'><strong>sunt</strong></span> <span class='ocrx_word' id='word_1_172' title='bbox 407 1476 462 1558; x_wconf 93' lang='lat' dir='ltr'><strong>qui</strong></span> <span class='ocrx_word' id='word_1_173' title='bbox 481 1482 554 1558; x_wconf 89' lang='lat' dir='ltr'><strong>post</strong></span> <span class='ocrx_word' id='word_1_174' title='bbox 569 1473 673 1538; x_wconf 88' lang='lat' dir='ltr'><strong>multa</strong></span> <span class='ocrx_word' id='word_1_175' title='bbox 690 1474 819 1540; x_wconf 86' lang='lat' dir='ltr'><strong>saecula</strong></span> <span class='ocrx_word' id='word_1_176' title='bbox 836 1480 935 1540; x_wconf 90' lang='lat' dir='ltr'><strong>testes</strong></span> <span class='ocrx_word' id='word_1_177' title='bbox 952 1474 1082 1540; x_wconf 86' lang='lat' dir='ltr'><strong>fuerant</strong></span> <span class='ocrx_word' id='word_1_178' title='bbox 1098 1494 1136 1540; x_wconf 90' lang='lat' dir='ltr'><strong>ao</strong></span> <span class='ocrx_word' id='word_1_179' title='bbox 1187 1497 1302 1542; x_wconf 88' lang='lat' dir='ltr'><strong>omnes</strong></span> <span class='ocrx_word' id='word_1_180' title='bbox 1329 1496 1402 1542; x_wconf 92' lang='lat' dir='ltr'><strong>eum</strong></span> <span class='ocrx_word' id='word_1_181' title='bbox 1431 1476 1589 1559; x_wconf 90' lang='lat' dir='ltr'><strong>patientia</strong></span> <span class='ocrx_word' id='word_1_182' title='bbox 1618 1488 1652 1542; x_wconf 92' lang='grc' dir='ltr'><strong>ιι</strong></span> <span class='ocrx_word' id='word_1_183' title='bbox 1673 1475 1844 1544; x_wconf 88' lang='lat' dir='ltr'><strong>obediendi</strong></span> <span class='ocrx_word' id='word_1_184' title='bbox 1865 1477 1973 1545; x_wconf 92' lang='lat' dir='ltr'><strong>studio</strong></span> <span class='ocrx_word' id='word_1_185' title='bbox 1994 1479 2154 1548; x_wconf 88' lang='lat' dir='ltr'><strong>conciliat.</strong></span> 
     </span>
     <span class='ocr_line' id='line_1_14' title="bbox 166 1558 2155 1648; baseline 0.001 -18"><span class='ocrx_word' id='word_1_186' title='bbox 166 1584 341 1648; x_wconf 89' lang='lat' dir='ltr'><strong>praecones</strong></span> <span class='ocrx_word' id='word_1_187' title='bbox 367 1563 493 1647; x_wconf 89' lang='lat' dir='ltr'><strong>gratiae</strong></span> <span class='ocrx_word' id='word_1_188' title='bbox 515 1560 588 1639; x_wconf 87' lang='lat' dir='ltr'><strong>Dei,</strong></span> <span class='ocrx_word' id='word_1_189' title='bbox 618 1561 735 1643; x_wconf 75' lang='lat' dir='ltr'><strong>merito</strong></span> <span class='ocrx_word' id='word_1_190' title='bbox 762 1559 875 1626; x_wconf 88' lang='lat' dir='ltr'><strong>dicunt</strong></span> <span class='ocrx_word' id='word_1_191' title='bbox 902 1559 1023 1640; x_wconf 85' lang='lat' dir='ltr'><strong>fideles,</strong></span> <span class='ocrx_word' id='word_1_192' title='bbox 1050 1558 1136 1644; x_wconf 92' lang='lat' dir='ltr'><strong>qued</strong></span> <span class='ocrx_word' id='word_1_193' title='bbox 1187 1562 1363 1629; x_wconf 78' lang='lat' dir='ltr'><strong>Caeterum</strong></span> <span class='ocrx_word' id='word_1_194' title='bbox 1385 1561 1470 1646; x_wconf 92' lang='lat' dir='ltr'><strong>qued</strong></span> <span class='ocrx_word' id='word_1_195' title='bbox 1493 1561 1605 1628; x_wconf 92' lang='lat' dir='ltr'><strong>dieunt</strong></span> <span class='ocrx_word' id='word_1_196' title='bbox 1627 1561 1883 1648; x_wconf 89' lang='lat' dir='ltr'><strong>redemptionem</strong></span> <span class='ocrx_word' id='word_1_197' title='bbox 1907 1565 1968 1630; x_wconf 90' lang='lat' dir='ltr'><strong>sibi</strong></span> <span class='ocrx_word' id='word_1_198' title='bbox 1987 1575 2155 1631; x_wconf 87' lang='lat' dir='ltr'><strong>narratam</strong></span> 
     </span>
     <span class='ocr_line' id='line_1_15' title="bbox 165 1645 2155 1734; baseline 0 -18"><span class='ocrx_word' id='word_1_199' title='bbox 165 1650 228 1716; x_wconf 90' lang='lat' dir='ltr'><strong>eibi</strong></span> <span class='ocrx_word' id='word_1_200' title='bbox 260 1658 429 1714; x_wconf 90' lang='lat' dir='ltr'><strong>narratum</strong></span> <span class='ocrx_word' id='word_1_201' title='bbox 463 1645 526 1712; x_wconf 83' lang='lat' dir='ltr'><strong>fuit</strong></span> <span class='ocrx_word' id='word_1_202' title='bbox 557 1667 578 1711; x_wconf 90' lang='lat' dir='ltr'><strong>a</strong></span> <span class='ocrx_word' id='word_1_203' title='bbox 610 1645 774 1728; x_wconf 89' lang='lat' dir='ltr'><strong>patribus,</strong></span> <span class='ocrx_word' id='word_1_204' title='bbox 812 1654 1013 1728; x_wconf 89' lang='lat' dir='ltr'><strong>compertum</strong></span> <span class='ocrx_word' id='word_1_205' title='bbox 1056 1646 1136 1729; x_wconf 89' lang='lat' dir='ltr'><strong>ipsis</strong></span> <span class='ocrx_word' id='word_1_206' title='bbox 1187 1647 1286 1714; x_wconf 87' lang='lat' dir='ltr'><strong>fuisse</strong></span> <span class='ocrx_word' id='word_1_207' title='bbox 1315 1669 1334 1712; x_wconf 93' lang='grc' dir='ltr'><strong>ι</strong></span> <span class='ocrx_word' id='word_1_208' title='bbox 1363 1648 1520 1730; x_wconf 89' lang='lat' dir='ltr'><strong>patribus,</strong></span> <span class='ocrx_word' id='word_1_209' title='bbox 1553 1658 1725 1731; x_wconf 83' lang='lat' dir='ltr'><strong>praecepto</strong></span> <span class='ocrx_word' id='word_1_210' title='bbox 1758 1648 1840 1732; x_wconf 85' lang='lat' dir='ltr'><strong>legis</strong></span> <span class='ocrx_word' id='word_1_211' title='bbox 1872 1650 2059 1734; x_wconf 84' lang='lat' dir='ltr'><strong>respondet,</strong></span> <span class='ocrx_word' id='word_1_212' title='bbox 2092 1672 2155 1733; x_wconf 92' lang='lat' dir='ltr'><strong>que</strong></span> 
     </span>
     <span class='ocr_line' id='line_1_16' title="bbox 165 1730 2155 1818; baseline 0 -17"><span class='ocrx_word' id='word_1_213' title='bbox 165 1737 280 1802; x_wconf 84' lang='lat' dir='ltr'><strong>luisse:</strong></span> <span class='ocrx_word' id='word_1_214' title='bbox 303 1734 380 1817; x_wconf 90' lang='lat' dir='ltr'><strong>quia</strong></span> <span class='ocrx_word' id='word_1_215' title='bbox 400 1732 542 1816; x_wconf 90' lang='lat' dir='ltr'><strong>cognitio</strong></span> <span class='ocrx_word' id='word_1_216' title='bbox 560 1742 725 1797; x_wconf 85' lang='lat' dir='ltr'><strong>vetustate</strong></span> <span class='ocrx_word' id='word_1_217' title='bbox 746 1752 812 1796; x_wconf 92' lang='lat' dir='ltr'><strong>non</strong></span> <span class='ocrx_word' id='word_1_218' title='bbox 834 1731 1054 1808; x_wconf 88' lang='lat' dir='ltr'><strong>interciderat,</strong></span> <span class='ocrx_word' id='word_1_219' title='bbox 1077 1730 1134 1797; x_wconf 89' lang='lat' dir='ltr'><strong>sed</strong></span> <span class='ocrx_word' id='word_1_220' title='bbox 1186 1732 1339 1800; x_wconf 90' lang='lat' dir='ltr'><strong>iubentur</strong></span> <span class='ocrx_word' id='word_1_221' title='bbox 1369 1742 1479 1818; x_wconf 89' lang='lat' dir='ltr'><strong>patros</strong></span> <span class='ocrx_word' id='word_1_222' title='bbox 1512 1733 1628 1799; x_wconf 89' lang='lat' dir='ltr'><strong>dooere</strong></span> <span class='ocrx_word' id='word_1_223' title='bbox 1659 1733 1743 1800; x_wconf 92' lang='lat' dir='ltr'><strong>filios</strong></span> <span class='ocrx_word' id='word_1_224' title='bbox 1777 1754 1862 1801; x_wconf 89' lang='lat' dir='ltr'><strong>sues.</strong></span> <span class='ocrx_word' id='word_1_225' title='bbox 1917 1733 2026 1818; x_wconf 84' lang='lat' dir='ltr'><strong>Atque</strong></span> <span class='ocrx_word' id='word_1_226' title='bbox 2058 1736 2155 1802; x_wconf 91' lang='lat' dir='ltr'><strong>hodie</strong></span> 
     </span>
     <span class='ocr_line' id='line_1_17' title="bbox 165 1815 2154 1906; baseline 0 -19"><span class='ocrx_word' id='word_1_227' title='bbox 165 1821 299 1906; x_wconf 90' lang='lat' dir='ltr'><strong>vigebat</strong></span> <span class='ocrx_word' id='word_1_228' title='bbox 319 1825 454 1903; x_wconf 88' lang='lat' dir='ltr'><strong>propter</strong></span> <span class='ocrx_word' id='word_1_229' title='bbox 474 1815 663 1884; x_wconf 85' lang='lat' dir='ltr'><strong>continuam</strong></span> <span class='ocrx_word' id='word_1_230' title='bbox 686 1817 884 1882; x_wconf 91' lang='lat' dir='ltr'><strong>memoriam.</strong></span> <span class='ocrx_word' id='word_1_231' title='bbox 918 1815 1057 1884; x_wconf 88' lang='lat' dir='ltr'><strong>Summa</strong></span> <span class='ocrx_word' id='word_1_232' title='bbox 1074 1824 1134 1900; x_wconf 90' lang='lat' dir='ltr'><strong>est,</strong></span> <span class='ocrx_word' id='word_1_233' title='bbox 1186 1819 1271 1885; x_wconf 88' lang='lat' dir='ltr'><strong>idem</strong></span> <span class='ocrx_word' id='word_1_234' title='bbox 1311 1840 1394 1886; x_wconf 92' lang='lat' dir='ltr'><strong>onus</strong></span> <span class='ocrx_word' id='word_1_235' title='bbox 1438 1819 1500 1885; x_wconf 91' lang='lat' dir='ltr'><strong>sibi</strong></span> <span class='ocrx_word' id='word_1_236' title='bbox 1542 1839 1562 1882; x_wconf 89' lang='lat' dir='ltr'><strong>a</strong></span> <span class='ocrx_word' id='word_1_237' title='bbox 1598 1817 1669 1884; x_wconf 90' lang='lat' dir='ltr'><strong>Deo</strong></span> <span class='ocrx_word' id='word_1_238' title='bbox 1706 1840 1777 1886; x_wconf 91' lang='lat' dir='ltr'><strong>esse</strong></span> <span class='ocrx_word' id='word_1_239' title='bbox 1812 1819 1996 1887; x_wconf 88' lang='lat' dir='ltr'><strong>iniunctum</strong></span> <span class='ocrx_word' id='word_1_240' title='bbox 2039 1823 2154 1887; x_wconf 93' lang='lat' dir='ltr'><strong>memi-</strong></span> 
     </span>
     <span class='ocr_line' id='line_1_18' title="bbox 164 1901 2155 1991; baseline -0.001 -19"><span class='ocrx_word' id='word_1_241' title='bbox 164 1907 276 1972; x_wconf 91' lang='lat' dir='ltr'><strong>Deum</strong></span> <span class='ocrx_word' id='word_1_242' title='bbox 313 1925 380 1970; x_wconf 92' lang='lat' dir='ltr'><strong>non</strong></span> <span class='ocrx_word' id='word_1_243' title='bbox 417 1902 527 1968; x_wconf 89' lang='lat' dir='ltr'><strong>decem</strong></span> <span class='ocrx_word' id='word_1_244' title='bbox 563 1911 621 1966; x_wconf 86' lang='lat' dir='ltr'><strong>eut</strong></span> <span class='ocrx_word' id='word_1_245' title='bbox 657 1901 774 1987; x_wconf 87' lang='lat' dir='ltr'><strong>viginti</strong></span> <span class='ocrx_word' id='word_1_246' title='bbox 816 1902 912 1968; x_wconf 86' lang='lat' dir='ltr'><strong>annis</strong></span> <span class='ocrx_word' id='word_1_247' title='bbox 953 1901 1133 1968; x_wconf 88' lang='lat' dir='ltr'><strong>beneficum</strong></span> <span class='ocrx_word' id='word_1_248' title='bbox 1186 1907 1295 1971; x_wconf 91' lang='lat' dir='ltr'><strong>nerint</strong></span> <span class='ocrx_word' id='word_1_249' title='bbox 1336 1904 1468 1971; x_wconf 88' lang='lat' dir='ltr'><strong>fideles:</strong></span> <span class='ocrx_word' id='word_1_250' title='bbox 1513 1905 1588 1988; x_wconf 92' lang='lat' dir='ltr'><strong>quia</strong></span> <span class='ocrx_word' id='word_1_251' title='bbox 1632 1904 1814 1971; x_wconf 90' lang='lat' dir='ltr'><strong>doctrinam</strong></span> <span class='ocrx_word' id='word_1_252' title='bbox 1857 1903 1972 1972; x_wconf 88' lang='lat' dir='ltr'><strong>salutis</strong></span> <span class='ocrx_word' id='word_1_253' title='bbox 2023 1905 2155 1991; x_wconf 89' lang='lat' dir='ltr'><strong>deponit</strong></span> 
     </span>
     <span class='ocr_line' id='line_1_19' title="bbox 163 1986 2154 2076; baseline -0.002 -17"><span class='ocrx_word' id='word_1_254' title='bbox 163 1994 264 2060; x_wconf 82' lang='lat' dir='ltr'><strong>luisse</strong></span> <span class='ocrx_word' id='word_1_255' title='bbox 293 2011 372 2076; x_wconf 87' lang='lat' dir='ltr'><strong>erga</strong></span> <span class='ocrx_word' id='word_1_256' title='bbox 397 1987 551 2055; x_wconf 84' lang='lat' dir='ltr'><strong>Abrahae</strong></span> <span class='ocrx_word' id='word_1_257' title='bbox 579 1986 680 2064; x_wconf 90' lang='lat' dir='ltr'><strong>filies,</strong></span> <span class='ocrx_word' id='word_1_258' title='bbox 712 1987 768 2053; x_wconf 90' lang='lat' dir='ltr'><strong>sed</strong></span> <span class='ocrx_word' id='word_1_259' title='bbox 798 2007 840 2052; x_wconf 86' lang='lat' dir='ltr'><strong>ex</strong></span> <span class='ocrx_word' id='word_1_260' title='bbox 867 2008 931 2070; x_wconf 94' lang='lat' dir='ltr'><strong>quo</strong></span> <span class='ocrx_word' id='word_1_261' title='bbox 964 2008 1019 2054; x_wconf 90' lang='lat' dir='ltr'><strong>eos</strong></span> <span class='ocrx_word' id='word_1_262' title='bbox 1046 2008 1133 2054; x_wconf 94' lang='lat' dir='ltr'><strong>eom·</strong></span> <span class='ocrx_word' id='word_1_263' title='bbox 1186 1989 1272 2074; x_wconf 91' lang='lat' dir='ltr'><strong>apud</strong></span> <span class='ocrx_word' id='word_1_264' title='bbox 1295 2011 1350 2056; x_wconf 89' lang='lat' dir='ltr'><strong>eos</strong></span> <span class='ocrx_word' id='word_1_265' title='bbox 1372 1992 1434 2057; x_wconf 89' lang='lat' dir='ltr'><strong>hue</strong></span> <span class='ocrx_word' id='word_1_266' title='bbox 1456 1990 1538 2074; x_wconf 91' lang='lat' dir='ltr'><strong>lege,</strong></span> <span class='ocrx_word' id='word_1_267' title='bbox 1560 2001 1598 2056; x_wconf 89' lang='grc' dir='ltr'><strong>ιι</strong></span> <span class='ocrx_word' id='word_1_268' title='bbox 1620 1989 1660 2055; x_wconf 89' lang='lat' dir='ltr'><strong>ud</strong></span> <span class='ocrx_word' id='word_1_269' title='bbox 1682 1999 1829 2074; x_wconf 88' lang='lat' dir='ltr'><strong>posteros</strong></span> <span class='ocrx_word' id='word_1_270' title='bbox 1852 1993 2092 2057; x_wconf 88' lang='lat' dir='ltr'><strong>transmittant:</strong></span> <span class='ocrx_word' id='word_1_271' title='bbox 2122 2004 2154 2057; x_wconf 92' lang='lat' dir='ltr'><strong>et</strong></span> 
     </span>
     <span class='ocr_line' id='line_1_20' title="bbox 162 2072 2153 2164; baseline -0.001 -21"><span class='ocrx_word' id='word_1_272' title='bbox 162 2080 281 2164; x_wconf 90' lang='lat' dir='ltr'><strong>plexus</strong></span> <span class='ocrx_word' id='word_1_273' title='bbox 302 2077 418 2153; x_wconf 86' lang='lat' dir='ltr'><strong>fuerat,</strong></span> <span class='ocrx_word' id='word_1_274' title='bbox 441 2096 507 2140; x_wconf 92' lang='lat' dir='ltr'><strong>nen</strong></span> <span class='ocrx_word' id='word_1_275' title='bbox 529 2093 671 2140; x_wconf 86' lang='grc' dir='ltr'>ιιιιιιιι</span> <span class='ocrx_word' id='word_1_276' title='bbox 692 2072 891 2138; x_wconf 90' lang='lat' dir='ltr'><strong>acontinuis</strong></span> <span class='ocrx_word' id='word_1_277' title='bbox 908 2074 1033 2158; x_wconf 89' lang='lat' dir='ltr'><strong>gratiae</strong></span> <span class='ocrx_word' id='word_1_278' title='bbox 1055 2092 1134 2139; x_wconf 89' lang='lat' dir='ltr'><strong>suae</strong></span> <span class='ocrx_word' id='word_1_279' title='bbox 1186 2085 1345 2160; x_wconf 92' lang='lat' dir='ltr'><strong>quantum</strong></span> <span class='ocrx_word' id='word_1_280' title='bbox 1372 2077 1406 2141; x_wconf 91' lang='lat' dir='ltr'><strong>in</strong></span> <span class='ocrx_word' id='word_1_281' title='bbox 1435 2097 1471 2142; x_wconf 93' lang='grc' dir='ltr'><strong>ιι</strong></span> <span class='ocrx_word' id='word_1_282' title='bbox 1497 2084 1565 2156; x_wconf 86' lang='grc' dir='ltr'>ιιι,</span> <span class='ocrx_word' id='word_1_283' title='bbox 1597 2074 1750 2142; x_wconf 86' lang='lat' dir='ltr'><strong>studeant</strong></span> <span class='ocrx_word' id='word_1_284' title='bbox 1778 2078 1848 2142; x_wconf 90' lang='lat' dir='ltr'><strong>eius</strong></span> <span class='ocrx_word' id='word_1_285' title='bbox 1878 2077 2051 2163; x_wconf 90' lang='lat' dir='ltr'><strong>imperinm</strong></span> <span class='ocrx_word' id='word_1_286' title='bbox 2079 2098 2153 2161; x_wconf 91' lang='lat' dir='ltr'><strong>pre·</strong></span> 
     </span>
     <span class='ocr_line' id='line_1_21' title="bbox 162 2163 2154 2248; baseline -0.001 -18"><span class='ocrx_word' id='word_1_287' title='bbox 162 2163 374 2231; x_wconf 86' lang='lat' dir='ltr'><strong>documentis.</strong></span> <span class='ocrx_word' id='word_1_288' title='bbox 1186 2184 1222 2226; x_wconf 94' lang='lat' dir='ltr'><strong>ro</strong></span> <span class='ocrx_word' id='word_1_289' title='bbox 1246 2183 1321 2245; x_wconf 90' lang='lat' dir='ltr'><strong>are,</strong></span> <span class='ocrx_word' id='word_1_290' title='bbox 1366 2181 1429 2246; x_wconf 93' lang='lat' dir='ltr'><strong>quo</strong></span> <span class='ocrx_word' id='word_1_291' title='bbox 1464 2182 1522 2246; x_wconf 92' lang='lat' dir='ltr'><strong>per</strong></span> <span class='ocrx_word' id='word_1_292' title='bbox 1558 2163 1730 2227; x_wconf 88' lang='lat' dir='ltr'><strong>continuas</strong></span> <span class='ocrx_word' id='word_1_293' title='bbox 1772 2173 1895 2228; x_wconf 87' lang='lat' dir='ltr'><strong>aetates</strong></span> <span class='ocrx_word' id='word_1_294' title='bbox 1931 2163 2041 2248; x_wconf 90' lang='lat' dir='ltr'><strong>vigeat</strong></span> <span class='ocrx_word' id='word_1_295' title='bbox 2084 2164 2154 2229; x_wconf 91' lang='lat' dir='ltr'><strong>eius</strong></span> 
     </span>
     <span class='ocr_line' id='line_1_22' title="bbox 248 2184 1301 2331; baseline -0.001 -17"><span class='ocrx_word' id='word_1_296' title='bbox 248 2249 279 2315; x_wconf 83' lang='lat'><strong>3.</strong></span> <span class='ocrx_word' id='word_1_297' title='bbox 305 2247 372 2331; x_wconf 82' lang='lat' dir='ltr'><strong>(Tu</strong></span> <span class='ocrx_word' id='word_1_298' title='bbox 392 2265 490 2312; x_wconf 81' lang='lat' dir='ltr'><strong>mauu</strong></span> <span class='ocrx_word' id='word_1_299' title='bbox 510 2243 589 2325; x_wconf 82' lang='lat' dir='ltr'><strong>tue.)</strong></span> <span class='ocrx_word' id='word_1_300' title='bbox 632 2244 804 2327; x_wconf 83' lang='lat' dir='ltr'><strong>Expositio</strong></span> <span class='ocrx_word' id='word_1_301' title='bbox 825 2252 874 2311; x_wconf 90' lang='lat' dir='ltr'><strong>est</strong></span> <span class='ocrx_word' id='word_1_302' title='bbox 896 2244 1037 2327; x_wconf 83' lang='lat' dir='ltr'><strong>proximi</strong></span> <span class='ocrx_word' id='word_1_303' title='bbox 1058 2265 1132 2310; x_wconf 89' lang='lat' dir='ltr'><strong>ver·</strong></span> <span class='ocrx_word' id='word_1_304' title='bbox 1185 2184 1301 2314; x_wconf 77' lang='lat' dir='ltr'><strong>cultus.</strong></span> 
     </span>
     <span class='ocr_line' id='line_1_23' title="bbox 162 2328 2152 2418; baseline -0.001 -17"><span class='ocrx_word' id='word_1_305' title='bbox 162 2355 230 2401; x_wconf 90' lang='lat' dir='ltr'><strong>sus.</strong></span> <span class='ocrx_word' id='word_1_306' title='bbox 274 2333 429 2399; x_wconf 90' lang='lat' dir='ltr'><strong>Nondum</strong></span> <span class='ocrx_word' id='word_1_307' title='bbox 462 2330 550 2396; x_wconf 91' lang='lat' dir='ltr'><strong>enim</strong></span> <span class='ocrx_word' id='word_1_308' title='bbox 578 2329 714 2396; x_wconf 88' lang='lat' dir='ltr'><strong>disserte</strong></span> <span class='ocrx_word' id='word_1_309' title='bbox 746 2339 918 2396; x_wconf 87' lang='lat' dir='ltr'><strong>notaverat</strong></span> <span class='ocrx_word' id='word_1_310' title='bbox 939 2351 1020 2413; x_wconf 96' lang='lat' dir='ltr'><strong>opus</strong></span> <span class='ocrx_word' id='word_1_311' title='bbox 1052 2328 1134 2394; x_wconf 93' lang='lat' dir='ltr'><strong>illud</strong></span> <span class='ocrx_word' id='word_1_312' title='bbox 1269 2332 1300 2398; x_wconf 84' lang='lat'><strong>4.</strong></span> <span class='ocrx_word' id='word_1_313' title='bbox 1322 2330 1494 2417; x_wconf 74' lang='lat' dir='ltr'><strong>(Qrtouiom</strong></span> <span class='ocrx_word' id='word_1_314' title='bbox 1514 2352 1576 2399; x_wconf 83' lang='lat' dir='ltr'><strong>cen</strong></span> <span class='ocrx_word' id='word_1_315' title='bbox 1595 2333 1632 2397; x_wconf 82' lang='lat' dir='ltr'><strong>ic</strong></span> <span class='ocrx_word' id='word_1_316' title='bbox 1650 2331 1779 2418; x_wconf 74' lang='lat' dir='ltr'><strong>gladie)</strong></span> <span class='ocrx_word' id='word_1_317' title='bbox 1823 2331 2004 2398; x_wconf 82' lang='lat' dir='ltr'><strong>Confirmet</strong></span> <span class='ocrx_word' id='word_1_318' title='bbox 2031 2354 2052 2398; x_wconf 90' lang='lat' dir='ltr'><strong>a</strong></span> <span class='ocrx_word' id='word_1_319' title='bbox 2076 2353 2152 2400; x_wconf 89' lang='lat' dir='ltr'><strong>oon·</strong></span> 
     </span>
     <span class='ocr_line' id='line_1_24' title="bbox 162 2414 2152 2503; baseline -0.001 -16"><span class='ocrx_word' id='word_1_320' title='bbox 162 2421 240 2502; x_wconf 92' lang='lat' dir='ltr'><strong>Dei,</strong></span> <span class='ocrx_word' id='word_1_321' title='bbox 263 2433 393 2503; x_wconf 88' lang='lat' dir='ltr'><strong>patrum</strong></span> <span class='ocrx_word' id='word_1_322' title='bbox 415 2437 564 2483; x_wconf 87' lang='lat' dir='ltr'><strong>sermone</strong></span> <span class='ocrx_word' id='word_1_323' title='bbox 585 2416 795 2481; x_wconf 92' lang='lat' dir='ltr'><strong>celebratum.</strong></span> <span class='ocrx_word' id='word_1_324' title='bbox 833 2415 928 2482; x_wconf 91' lang='lat' dir='ltr'><strong>Nune</strong></span> <span class='ocrx_word' id='word_1_325' title='bbox 946 2437 1024 2500; x_wconf 89' lang='lat' dir='ltr'><strong>ergo</strong></span> <span class='ocrx_word' id='word_1_326' title='bbox 1042 2414 1133 2480; x_wconf 86' lang='lat' dir='ltr'><strong>addit</strong></span> <span class='ocrx_word' id='word_1_327' title='bbox 1184 2419 1294 2485; x_wconf 89' lang='lat' dir='ltr'><strong>trariis</strong></span> <span class='ocrx_word' id='word_1_328' title='bbox 1323 2417 1409 2502; x_wconf 90' lang='lat' dir='ltr'><strong>qnod</strong></span> <span class='ocrx_word' id='word_1_329' title='bbox 1439 2438 1544 2501; x_wconf 90' lang='lat' dir='ltr'><strong>nuper</strong></span> <span class='ocrx_word' id='word_1_330' title='bbox 1573 2417 1690 2496; x_wconf 83' lang='lat' dir='ltr'><strong>denuit,</strong></span> <span class='ocrx_word' id='word_1_331' title='bbox 1720 2438 1797 2488; x_wconf 88' lang='lat' dir='ltr'><strong>nam</strong></span> <span class='ocrx_word' id='word_1_332' title='bbox 1828 2419 1857 2484; x_wconf 91' lang='lat' dir='ltr'><strong>si</strong></span> <span class='ocrx_word' id='word_1_333' title='bbox 1886 2419 2015 2502; x_wconf 90' lang='lat' dir='ltr'><strong>proprie</strong></span> <span class='ocrx_word' id='word_1_334' title='bbox 2044 2419 2152 2485; x_wconf 85' lang='lat' dir='ltr'><strong>Marte</strong></span> 
     </span>
    </p>
   </div>
   <div class='ocr_carea' id='block_1_3' title="bbox 163 2501 2274 2586">
    <p class='ocr_par' dir='ltr' id='par_1_3' title="bbox 163 2501 2274 2586">
     <span class='ocr_line' id='line_1_25' title="bbox 163 2501 2274 2586; baseline -0.002 -13"><span class='ocrx_word' id='word_1_335' title='bbox 163 2509 275 2574; x_wconf 90' lang='lat' dir='ltr'><strong>Deum</strong></span> <span class='ocrx_word' id='word_1_336' title='bbox 292 2504 451 2586; x_wconf 75' lang='grc' dir='ltr'>ιιιιιιιιι</span> <span class='ocrx_word' id='word_1_337' title='bbox 468 2523 566 2567; x_wconf 81' lang='lat' dir='ltr'><strong>mana</strong></span> <span class='ocrx_word' id='word_1_338' title='bbox 582 2522 641 2568; x_wconf 91' lang='grc' dir='ltr'><strong>ιιι</strong></span> <span class='ocrx_word' id='word_1_339' title='bbox 655 2507 770 2586; x_wconf 63' lang='lat' dir='ltr'><strong>emes,</strong></span> <span class='ocrx_word' id='word_1_340' title='bbox 788 2511 827 2567; x_wconf 91' lang='lat' dir='ltr'><strong>ut</strong></span> <span class='ocrx_word' id='word_1_341' title='bbox 842 2502 878 2566; x_wconf 92' lang='lat' dir='ltr'><strong>in</strong></span> <span class='ocrx_word' id='word_1_342' title='bbox 895 2523 1008 2567; x_wconf 88' lang='lat' dir='ltr'><strong>earum</strong></span> <span class='ocrx_word' id='word_1_343' title='bbox 1024 2501 1132 2568; x_wconf 89' lang='lat' dir='ltr'><strong>locum</strong></span> <span class='ocrx_word' id='word_1_344' title='bbox 1184 2516 1217 2570; x_wconf 91' lang='lat' dir='ltr'><strong>et</strong></span> <span class='ocrx_word' id='word_1_345' title='bbox 1243 2504 1405 2571; x_wconf 90' lang='lat' dir='ltr'><strong>industria</strong></span> <span class='ocrx_word' id='word_1_346' title='bbox 1432 2513 1539 2570; x_wconf 88' lang='lat' dir='ltr'><strong>terrae</strong></span> <span class='ocrx_word' id='word_1_347' title='bbox 1568 2502 1801 2570; x_wconf 87' lang='lat' dir='ltr'><strong>haereditatem</strong></span> <span class='ocrx_word' id='word_1_348' title='bbox 1831 2503 1940 2586; x_wconf 88' lang='lat' dir='ltr'><strong>adepti</strong></span> <span class='ocrx_word' id='word_1_349' title='bbox 1969 2524 2036 2568; x_wconf 93' lang='lat' dir='ltr'><strong>non</strong></span> <span class='ocrx_word' id='word_1_350' title='bbox 2063 2515 2153 2584; x_wconf 92' lang='lat' dir='ltr'><strong>sunt,</strong></span> <span class='ocrx_word' id='word_1_351' title='bbox 2269 2518 2274 2523; x_wconf 85' lang='grc'><strong>’</strong></span> 
     </span>
    </p>
   </div>
   <div class='ocr_carea' id='block_1_4' title="bbox 162 2587 2155 5332">
    <p class='ocr_par' dir='ltr' id='par_1_4' title="bbox 162 2587 2155 5332">
     <span class='ocr_line' id='line_1_26' title="bbox 163 2587 2150 2673; baseline -0.003 -14"><span class='ocrx_word' id='word_1_352' title='bbox 163 2592 251 2659; x_wconf 90' lang='lat' dir='ltr'><strong>filios</strong></span> <span class='ocrx_word' id='word_1_353' title='bbox 278 2587 431 2656; x_wconf 77' lang='lat' dir='ltr'><strong>Abrahae</strong></span> <span class='ocrx_word' id='word_1_354' title='bbox 463 2587 643 2672; x_wconf 85' lang='lat' dir='ltr'><strong>plantaret:</strong></span> <span class='ocrx_word' id='word_1_355' title='bbox 675 2587 760 2653; x_wconf 89' lang='lat' dir='ltr'><strong>male</strong></span> <span class='ocrx_word' id='word_1_356' title='bbox 791 2587 865 2653; x_wconf 89' lang='lat' dir='ltr'><strong>illas</strong></span> <span class='ocrx_word' id='word_1_357' title='bbox 897 2588 1064 2662; x_wconf 89' lang='lat' dir='ltr'><strong>multasse,</strong></span> <span class='ocrx_word' id='word_1_358' title='bbox 1096 2598 1133 2652; x_wconf 90' lang='grc' dir='ltr'><strong>ιι</strong></span> <span class='ocrx_word' id='word_1_359' title='bbox 1184 2592 1342 2672; x_wconf 83' lang='grc' dir='ltr'>ιιιιιιιι,</span> <span class='ocrx_word' id='word_1_360' title='bbox 1368 2589 1474 2656; x_wconf 85' lang='grc' dir='ltr'>ιιιιιι</span> <span class='ocrx_word' id='word_1_361' title='bbox 1495 2610 1594 2655; x_wconf 92' lang='lat' dir='ltr'><strong>manu</strong></span> <span class='ocrx_word' id='word_1_362' title='bbox 1616 2589 1715 2655; x_wconf 82' lang='lat' dir='ltr'><strong>fuisse</strong></span> <span class='ocrx_word' id='word_1_363' title='bbox 1736 2587 1910 2673; x_wconf 86' lang='lat' dir='ltr'><strong>plantatos.</strong></span> <span class='ocrx_word' id='word_1_364' title='bbox 1954 2587 2150 2673; x_wconf 77' lang='lat' dir='ltr'><strong>Quanquam</strong></span> 
     </span>
     <span class='ocr_line' id='line_1_27' title="bbox 163 2671 2152 2762; baseline -0.001 -19"><span class='ocrx_word' id='word_1_365' title='bbox 163 2683 360 2762; x_wconf 82' lang='lat' dir='ltr'><strong>propagaret</strong></span> <span class='ocrx_word' id='word_1_366' title='bbox 383 2672 512 2740; x_wconf 89' lang='lat' dir='ltr'><strong>eosdem</strong></span> <span class='ocrx_word' id='word_1_367' title='bbox 534 2671 689 2739; x_wconf 80' lang='lat' dir='ltr'><strong>Abrahae</strong></span> <span class='ocrx_word' id='word_1_368' title='bbox 711 2673 805 2738; x_wconf 89' lang='lat' dir='ltr'><strong>filies.</strong></span> <span class='ocrx_word' id='word_1_369' title='bbox 845 2673 984 2739; x_wconf 87' lang='lat' dir='ltr'><strong>Veteres</strong></span> <span class='ocrx_word' id='word_1_370' title='bbox 1009 2673 1133 2741; x_wconf 75' lang='grc' dir='ltr'>ιιιοιιι</span> <span class='ocrx_word' id='word_1_371' title='bbox 1184 2676 1273 2740; x_wconf 87' lang='grc' dir='ltr'>ιιιιι</span> <span class='ocrx_word' id='word_1_372' title='bbox 1296 2695 1426 2760; x_wconf 88' lang='lat' dir='ltr'><strong>egressa</strong></span> <span class='ocrx_word' id='word_1_373' title='bbox 1447 2685 1497 2741; x_wconf 90' lang='lat' dir='ltr'><strong>est</strong></span> <span class='ocrx_word' id='word_1_374' title='bbox 1519 2695 1561 2741; x_wconf 92' lang='lat' dir='ltr'><strong>ex</strong></span> <span class='ocrx_word' id='word_1_375' title='bbox 1582 2674 1633 2740; x_wconf 84' lang='lat' dir='ltr'><strong>Ae</strong></span> <span class='ocrx_word' id='word_1_376' title='bbox 1679 2684 1734 2757; x_wconf 91' lang='lat' dir='ltr'><strong>pto</strong></span> <span class='ocrx_word' id='word_1_377' title='bbox 1757 2693 1878 2758; x_wconf 89' lang='lat' dir='ltr'><strong>magna</strong></span> <span class='ocrx_word' id='word_1_378' title='bbox 1899 2672 2072 2740; x_wconf 90' lang='lat' dir='ltr'><strong>multitude</strong></span> <span class='ocrx_word' id='word_1_379' title='bbox 2093 2675 2152 2741; x_wconf 94' lang='lat' dir='ltr'><strong>ho-</strong></span> 
     </span>
     <span class='ocr_line' id='line_1_28' title="bbox 164 2758 2153 2849; baseline -0.002 -20"><span class='ocrx_word' id='word_1_380' title='bbox 164 2779 272 2829; x_wconf 88' lang='lat' dir='ltr'><strong>terrae</strong></span> <span class='ocrx_word' id='word_1_381' title='bbox 295 2761 430 2828; x_wconf 82' lang='lat' dir='ltr'><strong>Oauaan</strong></span> <span class='ocrx_word' id='word_1_382' title='bbox 453 2771 620 2841; x_wconf 90' lang='lat' dir='ltr'><strong>comparat</strong></span> <span class='ocrx_word' id='word_1_383' title='bbox 642 2758 820 2841; x_wconf 89' lang='lat' dir='ltr'><strong>arboribus,</strong></span> <span class='ocrx_word' id='word_1_384' title='bbox 842 2759 916 2843; x_wconf 91' lang='lat' dir='ltr'><strong>quia</strong></span> <span class='ocrx_word' id='word_1_385' title='bbox 939 2759 1036 2843; x_wconf 86' lang='lat' dir='ltr'><strong>longa</strong></span> <span class='ocrx_word' id='word_1_386' title='bbox 1057 2778 1131 2849; x_wconf 77' lang='lat' dir='ltr'><strong>peq-</strong></span> <span class='ocrx_word' id='word_1_387' title='bbox 1185 2762 1329 2826; x_wconf 87' lang='lat' dir='ltr'><strong>minum:</strong></span> <span class='ocrx_word' id='word_1_388' title='bbox 1352 2769 1462 2826; x_wconf 90' lang='lat' dir='ltr'><strong>tamen</strong></span> <span class='ocrx_word' id='word_1_389' title='bbox 1485 2781 1585 2843; x_wconf 91' lang='lat' dir='ltr'><strong>quum</strong></span> <span class='ocrx_word' id='word_1_390' title='bbox 1607 2761 1654 2825; x_wconf 92' lang='lat' dir='ltr'><strong>im</strong></span> <span class='ocrx_word' id='word_1_391' title='bbox 1676 2760 1755 2826; x_wconf 91' lang='lat' dir='ltr'><strong>elles</strong></span> <span class='ocrx_word' id='word_1_392' title='bbox 1776 2768 1894 2838; x_wconf 89' lang='lat' dir='ltr'><strong>esseut,</strong></span> <span class='ocrx_word' id='word_1_393' title='bbox 1917 2769 1950 2824; x_wconf 91' lang='lat' dir='ltr'><strong>et</strong></span> <span class='ocrx_word' id='word_1_394' title='bbox 1979 2760 2153 2827; x_wconf 89' lang='lat' dir='ltr'><strong>servilibus</strong></span> 
     </span>
     <span class='ocr_line' id='line_1_29' title="bbox 163 2843 2153 2930; baseline -0.004 -13"><span class='ocrx_word' id='word_1_395' title='bbox 163 2849 312 2916; x_wconf 86' lang='lat' dir='ltr'><strong>sessione</strong></span> <span class='ocrx_word' id='word_1_396' title='bbox 340 2846 407 2913; x_wconf 91' lang='lat' dir='ltr'><strong>illic</strong></span> <span class='ocrx_word' id='word_1_397' title='bbox 435 2845 561 2911; x_wconf 88' lang='lat' dir='ltr'><strong>radices</strong></span> <span class='ocrx_word' id='word_1_398' title='bbox 583 2856 728 2929; x_wconf 88' lang='lat' dir='ltr'><strong>egerant.</strong></span> <span class='ocrx_word' id='word_1_399' title='bbox 773 2843 892 2910; x_wconf 85' lang='lat' dir='ltr'><strong>Subita</strong></span> <span class='ocrx_word' id='word_1_400' title='bbox 920 2845 1022 2930; x_wconf 90' lang='lat' dir='ltr'><strong>igitur</strong></span> <span class='ocrx_word' id='word_1_401' title='bbox 1050 2864 1132 2927; x_wconf 88' lang='lat' dir='ltr'><strong>quae</strong></span> <span class='ocrx_word' id='word_1_402' title='bbox 1185 2856 1314 2912; x_wconf 89' lang='lat' dir='ltr'><strong>tantum</strong></span> <span class='ocrx_word' id='word_1_403' title='bbox 1337 2844 1488 2928; x_wconf 91' lang='lat' dir='ltr'><strong>operibns</strong></span> <span class='ocrx_word' id='word_1_404' title='bbox 1510 2847 1641 2923; x_wconf 90' lang='lat' dir='ltr'><strong>assueti,</strong></span> <span class='ocrx_word' id='word_1_405' title='bbox 1674 2847 1786 2910; x_wconf 87' lang='lat' dir='ltr'><strong>statim</strong></span> <span class='ocrx_word' id='word_1_406' title='bbox 1808 2846 1993 2930; x_wconf 81' lang='lat' dir='ltr'><strong>consumpti</strong></span> <span class='ocrx_word' id='word_1_407' title='bbox 2015 2845 2153 2912; x_wconf 86' lang='lat' dir='ltr'><strong>fuissent</strong></span> 
     </span>
     <span class='ocr_line' id='line_1_30' title="bbox 162 2928 2152 3018; baseline -0.003 -15"><span class='ocrx_word' id='word_1_408' title='bbox 162 2935 325 3018; x_wconf 87' lang='lat' dir='ltr'><strong>contingit</strong></span> <span class='ocrx_word' id='word_1_409' title='bbox 352 2930 501 3008; x_wconf 85' lang='lat' dir='ltr'><strong>mutatio,</strong></span> <span class='ocrx_word' id='word_1_410' title='bbox 534 2928 669 3013; x_wconf 89' lang='lat' dir='ltr'><strong>perinde</strong></span> <span class='ocrx_word' id='word_1_411' title='bbox 700 2930 762 2995; x_wconf 90' lang='lat' dir='ltr'><strong>fuit</strong></span> <span class='ocrx_word' id='word_1_412' title='bbox 783 2950 820 2996; x_wconf 88' lang='lat' dir='ltr'><strong>ae</strong></span> <span class='ocrx_word' id='word_1_413' title='bbox 842 2930 871 2995; x_wconf 89' lang='lat' dir='ltr'><strong>si</strong></span> <span class='ocrx_word' id='word_1_414' title='bbox 893 2932 966 3012; x_wconf 94' lang='lat' dir='ltr'><strong>quis</strong></span> <span class='ocrx_word' id='word_1_415' title='bbox 994 2929 1133 2996; x_wconf 83' lang='lat' dir='ltr'><strong>revulsis</strong></span> <span class='ocrx_word' id='word_1_416' title='bbox 1186 2932 1226 2998; x_wconf 88' lang='lat' dir='ltr'><strong>ab</strong></span> <span class='ocrx_word' id='word_1_417' title='bbox 1249 2932 1404 3010; x_wconf 90' lang='lat' dir='ltr'><strong>hostibus,</strong></span> <span class='ocrx_word' id='word_1_418' title='bbox 1427 2931 1483 3014; x_wconf 89' lang='lat' dir='ltr'><strong>qui</strong></span> <span class='ocrx_word' id='word_1_419' title='bbox 1505 2942 1538 2997; x_wconf 91' lang='lat' dir='ltr'><strong>et</strong></span> <span class='ocrx_word' id='word_1_420' title='bbox 1560 2931 1661 3015; x_wconf 85' lang='lat' dir='ltr'><strong>copiis</strong></span> <span class='ocrx_word' id='word_1_421' title='bbox 1689 2940 1722 2995; x_wconf 93' lang='lat' dir='ltr'><strong>et</strong></span> <span class='ocrx_word' id='word_1_422' title='bbox 1744 2931 1866 2996; x_wconf 86' lang='lat' dir='ltr'><strong>virtute</strong></span> <span class='ocrx_word' id='word_1_423' title='bbox 1887 2930 1984 3015; x_wconf 87' lang='lat' dir='ltr'><strong>longe</strong></span> <span class='ocrx_word' id='word_1_424' title='bbox 2008 2940 2152 3014; x_wconf 88' lang='lat' dir='ltr'><strong>praesta·</strong></span> 
     </span>
     <span class='ocr_line' id='line_1_31' title="bbox 164 3012 2154 3100; baseline -0.002 -15"><span class='ocrx_word' id='word_1_425' title='bbox 164 3019 337 3087; x_wconf 86' lang='lat' dir='ltr'><strong>arboribus</strong></span> <span class='ocrx_word' id='word_1_426' title='bbox 362 3021 397 3084; x_wconf 92' lang='lat' dir='ltr'><strong>in</strong></span> <span class='ocrx_word' id='word_1_427' title='bbox 431 3037 545 3083; x_wconf 87' lang='lat' dir='ltr'><strong>earum</strong></span> <span class='ocrx_word' id='word_1_428' title='bbox 577 3015 684 3082; x_wconf 93' lang='lat' dir='ltr'><strong>lecum</strong></span> <span class='ocrx_word' id='word_1_429' title='bbox 718 3015 799 3081; x_wconf 86' lang='lat' dir='ltr'><strong>alias</strong></span> <span class='ocrx_word' id='word_1_430' title='bbox 831 3016 1015 3081; x_wconf 89' lang='lat' dir='ltr'><strong>substituat.</strong></span> <span class='ocrx_word' id='word_1_431' title='bbox 1065 3012 1133 3081; x_wconf 84' lang='lat' dir='ltr'><strong>Sed</strong></span> <span class='ocrx_word' id='word_1_432' title='bbox 1185 3018 1274 3085; x_wconf 88' lang='lat' dir='ltr'><strong>bant.</strong></span> <span class='ocrx_word' id='word_1_433' title='bbox 1320 3018 1467 3099; x_wconf 90' lang='lat' dir='ltr'><strong>Denique</strong></span> <span class='ocrx_word' id='word_1_434' title='bbox 1487 3016 1584 3082; x_wconf 87' lang='lat' dir='ltr'><strong>claris</strong></span> <span class='ocrx_word' id='word_1_435' title='bbox 1605 3015 1708 3100; x_wconf 88' lang='lat' dir='ltr'><strong>signis</strong></span> <span class='ocrx_word' id='word_1_436' title='bbox 1731 3026 1798 3080; x_wconf 89' lang='lat' dir='ltr'><strong>tam</strong></span> <span class='ocrx_word' id='word_1_437' title='bbox 1821 3035 1881 3081; x_wconf 90' lang='grc' dir='ltr'><strong>ιιι</strong></span> <span class='ocrx_word' id='word_1_438' title='bbox 1902 3018 2079 3082; x_wconf 88' lang='lat' dir='ltr'><strong>infirmitas</strong></span> <span class='ocrx_word' id='word_1_439' title='bbox 2098 3038 2154 3100; x_wconf 89' lang='lat' dir='ltr'><strong>po·</strong></span> 
     </span>
     <span class='ocr_line' id='line_1_32' title="bbox 163 3099 2152 3190; baseline -0.002 -19"><span class='ocrx_word' id='word_1_440' title='bbox 163 3106 242 3190; x_wconf 87' lang='lat' dir='ltr'><strong>quia</strong></span> <span class='ocrx_word' id='word_1_441' title='bbox 270 3124 336 3169; x_wconf 92' lang='lat' dir='ltr'><strong>non</strong></span> <span class='ocrx_word' id='word_1_442' title='bbox 363 3104 444 3170; x_wconf 90' lang='lat' dir='ltr'><strong>satis</strong></span> <span class='ocrx_word' id='word_1_443' title='bbox 470 3102 584 3168; x_wconf 82' lang='lat' dir='ltr'><strong>fuisset</strong></span> <span class='ocrx_word' id='word_1_444' title='bbox 612 3100 773 3184; x_wconf 88' lang='lat' dir='ltr'><strong>populum</strong></span> <span class='ocrx_word' id='word_1_445' title='bbox 802 3121 866 3165; x_wconf 91' lang='lat' dir='ltr'><strong>uuo</strong></span> <span class='ocrx_word' id='word_1_446' title='bbox 893 3100 946 3166; x_wconf 91' lang='lat' dir='ltr'><strong>die</strong></span> <span class='ocrx_word' id='word_1_447' title='bbox 976 3099 1132 3183; x_wconf 87' lang='lat' dir='ltr'><strong>plantari:</strong></span> <span class='ocrx_word' id='word_1_448' title='bbox 1186 3104 1271 3186; x_wconf 91' lang='lat' dir='ltr'><strong>pule,</strong></span> <span class='ocrx_word' id='word_1_449' title='bbox 1294 3122 1391 3186; x_wconf 89' lang='lat' dir='ltr'><strong>quam</strong></span> <span class='ocrx_word' id='word_1_450' title='bbox 1415 3102 1477 3166; x_wconf 91' lang='lat' dir='ltr'><strong>Dei</strong></span> <span class='ocrx_word' id='word_1_451' title='bbox 1500 3102 1605 3168; x_wconf 89' lang='lat' dir='ltr'><strong>virtus</strong></span> <span class='ocrx_word' id='word_1_452' title='bbox 1627 3109 1747 3166; x_wconf 87' lang='lat' dir='ltr'><strong>testata</strong></span> <span class='ocrx_word' id='word_1_453' title='bbox 1763 3101 1842 3165; x_wconf 83' lang='lat' dir='ltr'><strong>fuit:</strong></span> <span class='ocrx_word' id='word_1_454' title='bbox 1866 3111 1902 3166; x_wconf 92' lang='lat' dir='ltr'><strong>ut</strong></span> <span class='ocrx_word' id='word_1_455' title='bbox 1921 3104 2036 3167; x_wconf 91' lang='lat' dir='ltr'><strong>merito</strong></span> <span class='ocrx_word' id='word_1_456' title='bbox 2054 3103 2152 3167; x_wconf 85' lang='lat' dir='ltr'><strong>fateri</strong></span> 
     </span>
     <span class='ocr_line' id='line_1_33' title="bbox 164 3184 2153 3271; baseline -0.003 -14"><span class='ocrx_word' id='word_1_457' title='bbox 164 3191 298 3258; x_wconf 89' lang='lat' dir='ltr'><strong>additur</strong></span> <span class='ocrx_word' id='word_1_458' title='bbox 319 3188 462 3255; x_wconf 89' lang='lat' dir='ltr'><strong>secunda</strong></span> <span class='ocrx_word' id='word_1_459' title='bbox 482 3187 683 3269; x_wconf 89' lang='lat' dir='ltr'><strong>metaphora,</strong></span> <span class='ocrx_word' id='word_1_460' title='bbox 706 3206 770 3269; x_wconf 89' lang='grc' dir='ltr'><strong>ιιι</strong></span> <span class='ocrx_word' id='word_1_461' title='bbox 790 3184 904 3251; x_wconf 90' lang='lat' dir='ltr'><strong>fideles</strong></span> <span class='ocrx_word' id='word_1_462' title='bbox 926 3187 1048 3251; x_wconf 86' lang='lat' dir='ltr'><strong>laetum</strong></span> <span class='ocrx_word' id='word_1_463' title='bbox 1069 3184 1132 3250; x_wconf 92' lang='lat' dir='ltr'><strong>Dei</strong></span> <span class='ocrx_word' id='word_1_464' title='bbox 1186 3189 1366 3271; x_wconf 83' lang='lat' dir='ltr'><strong>debuerint,</strong></span> <span class='ocrx_word' id='word_1_465' title='bbox 1390 3200 1511 3252; x_wconf 90' lang='lat' dir='ltr'><strong>terram</strong></span> <span class='ocrx_word' id='word_1_466' title='bbox 1533 3207 1599 3251; x_wconf 92' lang='lat' dir='ltr'><strong>uon</strong></span> <span class='ocrx_word' id='word_1_467' title='bbox 1622 3207 1680 3251; x_wconf 93' lang='lat' dir='ltr'><strong>sue</strong></span> <span class='ocrx_word' id='word_1_468' title='bbox 1702 3185 1811 3270; x_wconf 90' lang='lat' dir='ltr'><strong>gladic</strong></span> <span class='ocrx_word' id='word_1_469' title='bbox 1835 3197 1961 3269; x_wconf 86' lang='lat' dir='ltr'><strong>partam</strong></span> <span class='ocrx_word' id='word_1_470' title='bbox 1984 3187 2093 3267; x_wconf 85' lang='lat' dir='ltr'><strong>fuisse,</strong></span> <span class='ocrx_word' id='word_1_471' title='bbox 2120 3200 2153 3254; x_wconf 89' lang='lat' dir='ltr'><strong>et</strong></span> 
     </span>
     <span class='ocr_line' id='line_1_34' title="bbox 164 3269 2152 3354; baseline -0.004 -10"><span class='ocrx_word' id='word_1_472' title='bbox 164 3274 391 3344; x_wconf 90' lang='lat' dir='ltr'><strong>benedictione</strong></span> <span class='ocrx_word' id='word_1_473' title='bbox 432 3274 532 3338; x_wconf 85' lang='lat' dir='ltr'><strong>luisse</strong></span> <span class='ocrx_word' id='word_1_474' title='bbox 576 3271 708 3350; x_wconf 89' lang='lat' dir='ltr'><strong>decent,</strong></span> <span class='ocrx_word' id='word_1_475' title='bbox 752 3278 788 3335; x_wconf 92' lang='lat' dir='ltr'><strong>ut</strong></span> <span class='ocrx_word' id='word_1_476' title='bbox 831 3271 955 3337; x_wconf 87' lang='lat' dir='ltr'><strong>electus</strong></span> <span class='ocrx_word' id='word_1_477' title='bbox 994 3269 1133 3354; x_wconf 90' lang='lat' dir='ltr'><strong>populus</strong></span> <span class='ocrx_word' id='word_1_478' title='bbox 1185 3273 1324 3339; x_wconf 87' lang='lat' dir='ltr'><strong>salutem</strong></span> <span class='ocrx_word' id='word_1_479' title='bbox 1357 3273 1420 3339; x_wconf 90' lang='lat' dir='ltr'><strong>Dei</strong></span> <span class='ocrx_word' id='word_1_480' title='bbox 1452 3293 1552 3337; x_wconf 89' lang='lat' dir='ltr'><strong>manu</strong></span> <span class='ocrx_word' id='word_1_481' title='bbox 1585 3272 1647 3337; x_wconf 92' lang='lat' dir='ltr'><strong>sibi</strong></span> <span class='ocrx_word' id='word_1_482' title='bbox 1679 3271 1780 3339; x_wconf 80' lang='grc' dir='ltr'>ιιιιιι</span> <span class='ocrx_word' id='word_1_483' title='bbox 1813 3273 1957 3337; x_wconf 84' lang='grc' dir='ltr'>ιιιιιιιι.</span> <span class='ocrx_word' id='word_1_484' title='bbox 2012 3273 2152 3345; x_wconf 74' lang='lat' dir='ltr'><strong>Dextrae</strong></span> 
     </span>
     <span class='ocr_line' id='line_1_35' title="bbox 165 3356 2153 3447; baseline -0.003 -18"><span class='ocrx_word' id='word_1_485' title='bbox 165 3369 373 3447; x_wconf 89' lang='lat' dir='ltr'><strong>augesceret:</strong></span> <span class='ocrx_word' id='word_1_486' title='bbox 404 3359 502 3426; x_wconf 91' lang='lat' dir='ltr'><strong>sicuti</strong></span> <span class='ocrx_word' id='word_1_487' title='bbox 523 3357 619 3423; x_wconf 89' lang='lat' dir='ltr'><strong>arbor</strong></span> <span class='ocrx_word' id='word_1_488' title='bbox 640 3357 795 3439; x_wconf 91' lang='lat' dir='ltr'><strong>temporis</strong></span> <span class='ocrx_word' id='word_1_489' title='bbox 817 3375 966 3423; x_wconf 87' lang='lat' dir='ltr'><strong>successu</strong></span> <span class='ocrx_word' id='word_1_490' title='bbox 990 3369 1056 3420; x_wconf 85' lang='lat' dir='ltr'><strong>tam</strong></span> <span class='ocrx_word' id='word_1_491' title='bbox 1080 3376 1133 3419; x_wconf 89' lang='lat' dir='ltr'><strong>ra·</strong></span> <span class='ocrx_word' id='word_1_492' title='bbox 1185 3370 1295 3424; x_wconf 88' lang='lat' dir='ltr'><strong>autem</strong></span> <span class='ocrx_word' id='word_1_493' title='bbox 1317 3358 1529 3443; x_wconf 88' lang='lat' dir='ltr'><strong>coniungitur</strong></span> <span class='ocrx_word' id='word_1_494' title='bbox 1549 3356 1722 3437; x_wconf 78' lang='grc' dir='ltr'>ινιιιιιιι,</span> <span class='ocrx_word' id='word_1_495' title='bbox 1744 3359 1966 3440; x_wconf 90' lang='lat' dir='ltr'><strong>amplificandi</strong></span> <span class='ocrx_word' id='word_1_496' title='bbox 1984 3379 2096 3426; x_wconf 88' lang='lat' dir='ltr'><strong>causa:</strong></span> <span class='ocrx_word' id='word_1_497' title='bbox 2116 3369 2153 3424; x_wconf 93' lang='lat' dir='ltr'><strong>ut</strong></span> 
     </span>
     <span class='ocr_line' id='line_1_36' title="bbox 165 3440 2153 3530; baseline -0.002 -16"><span class='ocrx_word' id='word_1_498' title='bbox 165 3449 271 3514; x_wconf 88' lang='lat' dir='ltr'><strong>dicem</strong></span> <span class='ocrx_word' id='word_1_499' title='bbox 285 3468 383 3530; x_wconf 92' lang='lat' dir='ltr'><strong>quam</strong></span> <span class='ocrx_word' id='word_1_500' title='bbox 400 3465 507 3510; x_wconf 89' lang='lat' dir='ltr'><strong>remos</strong></span> <span class='ocrx_word' id='word_1_501' title='bbox 521 3443 651 3527; x_wconf 90' lang='lat' dir='ltr'><strong>longius</strong></span> <span class='ocrx_word' id='word_1_502' title='bbox 666 3443 828 3520; x_wconf 85' lang='lat' dir='ltr'><strong>emittens,</strong></span> <span class='ocrx_word' id='word_1_503' title='bbox 845 3443 950 3525; x_wconf 89' lang='lat' dir='ltr'><strong>magis</strong></span> <span class='ocrx_word' id='word_1_504' title='bbox 964 3440 1134 3506; x_wconf 92' lang='lat' dir='ltr'><strong>confirma·</strong></span> <span class='ocrx_word' id='word_1_505' title='bbox 1185 3446 1327 3511; x_wconf 88' lang='lat' dir='ltr'><strong>sciamus</strong></span> <span class='ocrx_word' id='word_1_506' title='bbox 1349 3465 1415 3511; x_wconf 92' lang='lat' dir='ltr'><strong>nou</strong></span> <span class='ocrx_word' id='word_1_507' title='bbox 1440 3443 1566 3529; x_wconf 87' lang='lat' dir='ltr'><strong>vulgari</strong></span> <span class='ocrx_word' id='word_1_508' title='bbox 1589 3444 1683 3509; x_wconf 91' lang='lat' dir='ltr'><strong>modo</strong></span> <span class='ocrx_word' id='word_1_509' title='bbox 1705 3444 1806 3509; x_wconf 87' lang='lat' dir='ltr'><strong>luisse</strong></span> <span class='ocrx_word' id='word_1_510' title='bbox 1833 3454 1986 3511; x_wconf 88' lang='lat' dir='ltr'><strong>servatos.</strong></span> <span class='ocrx_word' id='word_1_511' title='bbox 2032 3444 2153 3511; x_wconf 80' lang='lat' dir='ltr'><strong>Lumen</strong></span> 
     </span>
     <span class='ocr_line' id='line_1_37' title="bbox 166 3524 2152 3617; baseline -0.002 -17"><span class='ocrx_word' id='word_1_512' title='bbox 166 3534 269 3601; x_wconf 90' lang='lat' dir='ltr'><strong>turin</strong></span> <span class='ocrx_word' id='word_1_513' title='bbox 285 3533 354 3599; x_wconf 87' lang='lat' dir='ltr'><strong>loco</strong></span> <span class='ocrx_word' id='word_1_514' title='bbox 369 3551 466 3615; x_wconf 90' lang='lat' dir='ltr'><strong>quem</strong></span> <span class='ocrx_word' id='word_1_515' title='bbox 484 3542 628 3613; x_wconf 88' lang='lat' dir='ltr'><strong>occupat.</strong></span> <span class='ocrx_word' id='word_1_516' title='bbox 659 3527 826 3609; x_wconf 79' lang='lat' dir='ltr'><strong>Quorsum</strong></span> <span class='ocrx_word' id='word_1_517' title='bbox 844 3535 953 3593; x_wconf 90' lang='lat' dir='ltr'><strong>autem</strong></span> <span class='ocrx_word' id='word_1_518' title='bbox 968 3526 1053 3592; x_wconf 90' lang='lat' dir='ltr'><strong>hane</strong></span> <span class='ocrx_word' id='word_1_519' title='bbox 1068 3524 1133 3591; x_wconf 92' lang='lat' dir='ltr'><strong>Dei</strong></span> <span class='ocrx_word' id='word_1_520' title='bbox 1184 3531 1289 3595; x_wconf 76' lang='lat' dir='ltr'><strong>eattae</strong></span> <span class='ocrx_word' id='word_1_521' title='bbox 1317 3531 1378 3596; x_wconf 91' lang='lat' dir='ltr'><strong>hoc</strong></span> <span class='ocrx_word' id='word_1_522' title='bbox 1406 3531 1476 3597; x_wconf 93' lang='lat' dir='ltr'><strong>loeo</strong></span> <span class='ocrx_word' id='word_1_523' title='bbox 1505 3528 1558 3616; x_wconf 90' lang='grc' dir='ltr'><strong>(ιι</strong></span> <span class='ocrx_word' id='word_1_524' title='bbox 1586 3529 1676 3617; x_wconf 86' lang='grc' dir='ltr'>ιιιιι)</span> <span class='ocrx_word' id='word_1_525' title='bbox 1707 3550 1765 3612; x_wconf 82' lang='grc' dir='ltr'><strong>ιιι</strong></span> <span class='ocrx_word' id='word_1_526' title='bbox 1787 3530 1908 3596; x_wconf 86' lang='lat' dir='ltr'><strong>favoris</strong></span> <span class='ocrx_word' id='word_1_527' title='bbox 1930 3529 2152 3596; x_wconf 89' lang='lat' dir='ltr'><strong>deelaratiene</strong></span> 
     </span>
     <span class='ocr_line' id='line_1_38' title="bbox 165 3613 2153 3704; baseline -0.002 -20"><span class='ocrx_word' id='word_1_528' title='bbox 165 3619 310 3704; x_wconf 79' lang='lat' dir='ltr'><strong>gratiam</strong></span> <span class='ocrx_word' id='word_1_529' title='bbox 331 3638 420 3682; x_wconf 92' lang='lat' dir='ltr'><strong>nuno</strong></span> <span class='ocrx_word' id='word_1_530' title='bbox 442 3615 632 3699; x_wconf 90' lang='lat' dir='ltr'><strong>praedicent</strong></span> <span class='ocrx_word' id='word_1_531' title='bbox 649 3613 770 3692; x_wconf 90' lang='lat' dir='ltr'><strong>fideles,</strong></span> <span class='ocrx_word' id='word_1_532' title='bbox 792 3623 906 3678; x_wconf 89' lang='lat' dir='ltr'><strong>notare</strong></span> <span class='ocrx_word' id='word_1_533' title='bbox 923 3633 1040 3696; x_wconf 90' lang='lat' dir='ltr'><strong>operae</strong></span> <span class='ocrx_word' id='word_1_534' title='bbox 1058 3633 1132 3696; x_wconf 89' lang='lat' dir='ltr'><strong>pre·</strong></span> <span class='ocrx_word' id='word_1_535' title='bbox 1176 3617 1327 3699; x_wconf 75' lang='lat' dir='ltr'><strong>‚capiturz</strong></span> <span class='ocrx_word' id='word_1_536' title='bbox 1349 3617 1426 3700; x_wconf 88' lang='lat' dir='ltr'><strong>quia</strong></span> <span class='ocrx_word' id='word_1_537' title='bbox 1444 3616 1540 3684; x_wconf 90' lang='lat' dir='ltr'><strong>sicuti</strong></span> <span class='ocrx_word' id='word_1_538' title='bbox 1563 3616 1655 3681; x_wconf 93' lang='lat' dir='ltr'><strong>Deus</strong></span> <span class='ocrx_word' id='word_1_539' title='bbox 1677 3616 1792 3682; x_wconf 86' lang='lat' dir='ltr'><strong>faeiem</strong></span> <span class='ocrx_word' id='word_1_540' title='bbox 1810 3635 1902 3681; x_wconf 93' lang='lat' dir='ltr'><strong>suam</strong></span> <span class='ocrx_word' id='word_1_541' title='bbox 1921 3617 2076 3699; x_wconf 88' lang='lat' dir='ltr'><strong>oppositis</strong></span> <span class='ocrx_word' id='word_1_542' title='bbox 2094 3617 2153 3680; x_wconf 93' lang='lat' dir='ltr'><strong>mi-</strong></span> 
     </span>
     <span class='ocr_line' id='line_1_39' title="bbox 165 3697 2152 3786; baseline -0.003 -15"><span class='ocrx_word' id='word_1_543' title='bbox 165 3707 251 3771; x_wconf 91' lang='lat' dir='ltr'><strong>tium</strong></span> <span class='ocrx_word' id='word_1_544' title='bbox 278 3712 338 3785; x_wconf 89' lang='lat' dir='ltr'><strong>est,</strong></span> <span class='ocrx_word' id='word_1_545' title='bbox 366 3724 442 3768; x_wconf 92' lang='lat' dir='ltr'><strong>uam</strong></span> <span class='ocrx_word' id='word_1_546' title='bbox 471 3701 548 3766; x_wconf 91' lang='lat' dir='ltr'><strong>iude</strong></span> <span class='ocrx_word' id='word_1_547' title='bbox 576 3721 671 3783; x_wconf 85' lang='lat' dir='ltr'><strong>saepe</strong></span> <span class='ocrx_word' id='word_1_548' title='bbox 693 3698 786 3766; x_wconf 92' lang='lat' dir='ltr'><strong>nobis</strong></span> <span class='ocrx_word' id='word_1_549' title='bbox 809 3699 956 3764; x_wconf 90' lang='lat' dir='ltr'><strong>oboritur</strong></span> <span class='ocrx_word' id='word_1_550' title='bbox 986 3697 1133 3781; x_wconf 87' lang='lat' dir='ltr'><strong>despera·</strong></span> <span class='ocrx_word' id='word_1_551' title='bbox 1185 3702 1278 3768; x_wconf 88' lang='lat' dir='ltr'><strong>seriis</strong></span> <span class='ocrx_word' id='word_1_552' title='bbox 1301 3699 1536 3786; x_wconf 88' lang='lat' dir='ltr'><strong>quodammode</strong></span> <span class='ocrx_word' id='word_1_553' title='bbox 1558 3703 1727 3768; x_wconf 91' lang='lat' dir='ltr'><strong>obnubilat</strong></span> <span class='ocrx_word' id='word_1_554' title='bbox 1749 3715 1782 3768; x_wconf 90' lang='grc' dir='ltr'><strong>ιι</strong></span> <span class='ocrx_word' id='word_1_555' title='bbox 1803 3701 1982 3766; x_wconf 86' lang='lat' dir='ltr'><strong>contrahit:</strong></span> <span class='ocrx_word' id='word_1_556' title='bbox 2011 3702 2057 3766; x_wconf 91' lang='lat' dir='ltr'><strong>sic</strong></span> <span class='ocrx_word' id='word_1_557' title='bbox 2080 3723 2152 3766; x_wconf 93' lang='lat' dir='ltr'><strong>rur·</strong></span> 
     </span>
     <span class='ocr_line' id='line_1_40' title="bbox 165 3785 2152 3871; baseline -0.002 -15"><span class='ocrx_word' id='word_1_558' title='bbox 165 3791 265 3856; x_wconf 87' lang='lat' dir='ltr'><strong>tionis</strong></span> <span class='ocrx_word' id='word_1_559' title='bbox 286 3789 434 3871; x_wconf 89' lang='lat' dir='ltr'><strong>materia,</strong></span> <span class='ocrx_word' id='word_1_560' title='bbox 457 3785 534 3851; x_wconf 92' lang='lat' dir='ltr'><strong>dum</strong></span> <span class='ocrx_word' id='word_1_561' title='bbox 556 3786 748 3870; x_wconf 90' lang='lat' dir='ltr'><strong>colligimus,</strong></span> <span class='ocrx_word' id='word_1_562' title='bbox 771 3806 829 3850; x_wconf 91' lang='lat' dir='ltr'><strong>nos</strong></span> <span class='ocrx_word' id='word_1_563' title='bbox 852 3806 871 3848; x_wconf 93' lang='lat' dir='ltr'><strong>a</strong></span> <span class='ocrx_word' id='word_1_564' title='bbox 892 3785 964 3850; x_wconf 91' lang='lat' dir='ltr'><strong>Deo</strong></span> <span class='ocrx_word' id='word_1_565' title='bbox 990 3805 1059 3851; x_wconf 90' lang='lat' dir='ltr'><strong>esse</strong></span> <span class='ocrx_word' id='word_1_566' title='bbox 1082 3806 1133 3848; x_wconf 89' lang='lat' dir='ltr'><strong>re·</strong></span> <span class='ocrx_word' id='word_1_567' title='bbox 1186 3809 1259 3853; x_wconf 91' lang='lat' dir='ltr'><strong>snm</strong></span> <span class='ocrx_word' id='word_1_568' title='bbox 1281 3787 1458 3867; x_wconf 88' lang='lat' dir='ltr'><strong>Israelitae,</strong></span> <span class='ocrx_word' id='word_1_569' title='bbox 1492 3808 1593 3869; x_wconf 92' lang='lat' dir='ltr'><strong>quum</strong></span> <span class='ocrx_word' id='word_1_570' title='bbox 1615 3789 1687 3853; x_wconf 89' lang='lat' dir='ltr'><strong>eius</strong></span> <span class='ocrx_word' id='word_1_571' title='bbox 1710 3789 1830 3853; x_wconf 91' lang='lat' dir='ltr'><strong>virtute</strong></span> <span class='ocrx_word' id='word_1_572' title='bbox 1853 3787 1929 3851; x_wconf 87' lang='lat' dir='ltr'><strong>freti</strong></span> <span class='ocrx_word' id='word_1_573' title='bbox 1951 3786 2060 3851; x_wconf 89' lang='lat' dir='ltr'><strong>hostes</strong></span> <span class='ocrx_word' id='word_1_574' title='bbox 2082 3787 2152 3853; x_wconf 91' lang='lat' dir='ltr'><strong>sine</strong></span> 
     </span>
     <span class='ocr_line' id='line_1_41' title="bbox 164 3868 2152 3962; baseline -0.002 -20"><span class='ocrx_word' id='word_1_575' title='bbox 164 3875 328 3962; x_wconf 90' lang='lat' dir='ltr'><strong>pudiatos,</strong></span> <span class='ocrx_word' id='word_1_576' title='bbox 343 3875 500 3958; x_wconf 87' lang='lat' dir='ltr'><strong>quianon</strong></span> <span class='ocrx_word' id='word_1_577' title='bbox 515 3872 639 3952; x_wconf 90' lang='lat' dir='ltr'><strong>eadem,</strong></span> <span class='ocrx_word' id='word_1_578' title='bbox 656 3871 774 3956; x_wconf 88' lang='lat' dir='ltr'><strong>quibas</strong></span> <span class='ocrx_word' id='word_1_579' title='bbox 792 3880 901 3953; x_wconf 89' lang='lat' dir='ltr'><strong>patres</strong></span> <span class='ocrx_word' id='word_1_580' title='bbox 919 3879 1047 3937; x_wconf 91' lang='lat' dir='ltr'><strong>nostros</strong></span> <span class='ocrx_word' id='word_1_581' title='bbox 1065 3868 1134 3954; x_wconf 92' lang='lat' dir='ltr'><strong>dig·</strong></span> <span class='ocrx_word' id='word_1_582' title='bbox 1187 3895 1307 3957; x_wconf 89' lang='lat' dir='ltr'><strong>magna</strong></span> <span class='ocrx_word' id='word_1_583' title='bbox 1329 3873 1519 3938; x_wconf 80' lang='lat' dir='ltr'><strong>difficultate</strong></span> <span class='ocrx_word' id='word_1_584' title='bbox 1540 3872 1637 3958; x_wconf 84' lang='lat' dir='ltr'><strong>longe</strong></span> <span class='ocrx_word' id='word_1_585' title='bbox 1658 3873 1789 3955; x_wconf 87' lang='lat' dir='ltr'><strong>lateque</strong></span> <span class='ocrx_word' id='word_1_586' title='bbox 1819 3882 2072 3954; x_wconf 89' lang='lat' dir='ltr'><strong>prosternerent,</strong></span> <span class='ocrx_word' id='word_1_587' title='bbox 2101 3892 2152 3938; x_wconf 89' lang='lat' dir='ltr'><strong>se·</strong></span> 
     </span>
     <span class='ocr_line' id='line_1_42' title="bbox 166 3955 2154 4042; baseline -0.003 -13"><span class='ocrx_word' id='word_1_588' title='bbox 166 3973 265 4029; x_wconf 88' lang='lat' dir='ltr'><strong>natus</strong></span> <span class='ocrx_word' id='word_1_589' title='bbox 294 3973 352 4040; x_wconf 89' lang='lat' dir='ltr'><strong>est,</strong></span> <span class='ocrx_word' id='word_1_590' title='bbox 381 3959 538 4025; x_wconf 90' lang='lat' dir='ltr'><strong>beneficia</strong></span> <span class='ocrx_word' id='word_1_591' title='bbox 566 3979 645 4042; x_wconf 89' lang='lat' dir='ltr'><strong>erga</strong></span> <span class='ocrx_word' id='word_1_592' title='bbox 678 3978 737 4023; x_wconf 92' lang='lat' dir='ltr'><strong>nes</strong></span> <span class='ocrx_word' id='word_1_593' title='bbox 769 3956 985 4040; x_wconf 90' lang='lat' dir='ltr'><strong>prosequitur.</strong></span> <span class='ocrx_word' id='word_1_594' title='bbox 1036 3955 1134 4021; x_wconf 83' lang='lat' dir='ltr'><strong>Esset</strong></span> <span class='ocrx_word' id='word_1_595' title='bbox 1187 3980 1299 4024; x_wconf 91' lang='lat' dir='ltr'><strong>renam</strong></span> <span class='ocrx_word' id='word_1_596' title='bbox 1333 3971 1366 4024; x_wconf 89' lang='lat' dir='ltr'><strong>et</strong></span> <span class='ocrx_word' id='word_1_597' title='bbox 1389 3958 1529 4024; x_wconf 89' lang='lat' dir='ltr'><strong>lucidam</strong></span> <span class='ocrx_word' id='word_1_598' title='bbox 1563 3960 1634 4023; x_wconf 89' lang='lat' dir='ltr'><strong>eius</strong></span> <span class='ocrx_word' id='word_1_599' title='bbox 1655 3959 1769 4025; x_wconf 84' lang='lat' dir='ltr'><strong>faeiem</strong></span> <span class='ocrx_word' id='word_1_600' title='bbox 1801 3958 1914 4022; x_wconf 90' lang='lat' dir='ltr'><strong>intuiti</strong></span> <span class='ocrx_word' id='word_1_601' title='bbox 1945 3965 2031 4034; x_wconf 90' lang='lat' dir='ltr'><strong>eunt,</strong></span> <span class='ocrx_word' id='word_1_602' title='bbox 2064 3979 2101 4026; x_wconf 92' lang='lat' dir='ltr'><strong>ae</strong></span> <span class='ocrx_word' id='word_1_603' title='bbox 2123 3961 2154 4025; x_wconf 92' lang='grc' dir='ltr'><strong>ιι</strong></span> 
     </span>
     <span class='ocr_line' id='line_1_43' title="bbox 165 4041 2154 4127; baseline -0.001 -14"><span class='ocrx_word' id='word_1_604' title='bbox 165 4060 279 4115; x_wconf 87' lang='grc' dir='ltr'>ιιιιιι</span> <span class='ocrx_word' id='word_1_605' title='bbox 300 4043 488 4126; x_wconf 88' lang='lat' dir='ltr'><strong>absurdum,</strong></span> <span class='ocrx_word' id='word_1_606' title='bbox 509 4043 622 4110; x_wconf 90' lang='lat' dir='ltr'><strong>fideles</strong></span> <span class='ocrx_word' id='word_1_607' title='bbox 643 4043 700 4127; x_wconf 90' lang='grc' dir='ltr'><strong>ιιι</strong></span> <span class='ocrx_word' id='word_1_608' title='bbox 721 4063 756 4109; x_wconf 89' lang='grc' dir='ltr'><strong>ιι</strong></span> <span class='ocrx_word' id='word_1_609' title='bbox 774 4042 815 4107; x_wconf 87' lang='lat' dir='ltr'><strong>ad</strong></span> <span class='ocrx_word' id='word_1_610' title='bbox 834 4041 1032 4124; x_wconf 90' lang='lat' dir='ltr'><strong>precandum</strong></span> <span class='ocrx_word' id='word_1_611' title='bbox 1049 4061 1134 4109; x_wconf 90' lang='lat' dir='ltr'><strong>eom·</strong></span> <span class='ocrx_word' id='word_1_612' title='bbox 1187 4044 1295 4126; x_wconf 91' lang='lat' dir='ltr'><strong>palam</strong></span> <span class='ocrx_word' id='word_1_613' title='bbox 1333 4066 1368 4110; x_wconf 92' lang='lat' dir='ltr'><strong>se</strong></span> <span class='ocrx_word' id='word_1_614' title='bbox 1401 4043 1466 4110; x_wconf 90' lang='lat' dir='ltr'><strong>illis</strong></span> <span class='ocrx_word' id='word_1_615' title='bbox 1501 4044 1719 4127; x_wconf 91' lang='lat' dir='ltr'><strong>propinquum</strong></span> <span class='ocrx_word' id='word_1_616' title='bbox 1752 4042 1946 4108; x_wconf 90' lang='lat' dir='ltr'><strong>estenderet.</strong></span> <span class='ocrx_word' id='word_1_617' title='bbox 2001 4043 2154 4111; x_wconf 91' lang='lat' dir='ltr'><strong>Notanda</strong></span> 
     </span>
     <span class='ocr_line' id='line_1_44' title="bbox 164 4126 2153 4219; baseline -0.002 -19"><span class='ocrx_word' id='word_1_618' title='bbox 164 4143 294 4219; x_wconf 88' lang='lat' dir='ltr'><strong>parant,</strong></span> <span class='ocrx_word' id='word_1_619' title='bbox 316 4132 374 4198; x_wconf 89' lang='lat' dir='ltr'><strong>tali</strong></span> <span class='ocrx_word' id='word_1_620' title='bbox 397 4129 562 4197; x_wconf 90' lang='lat' dir='ltr'><strong>obstaculo</strong></span> <span class='ocrx_word' id='word_1_621' title='bbox 579 4128 731 4196; x_wconf 90' lang='lat' dir='ltr'><strong>fiduciam</strong></span> <span class='ocrx_word' id='word_1_622' title='bbox 750 4150 844 4195; x_wconf 87' lang='lat' dir='ltr'><strong>suam</strong></span> <span class='ocrx_word' id='word_1_623' title='bbox 861 4126 1029 4210; x_wconf 90' lang='lat' dir='ltr'><strong>impedire.</strong></span> <span class='ocrx_word' id='word_1_624' title='bbox 1062 4128 1134 4213; x_wconf 83' lang='lat' dir='ltr'><strong>Ege</strong></span> <span class='ocrx_word' id='word_1_625' title='bbox 1187 4141 1297 4195; x_wconf 90' lang='lat' dir='ltr'><strong>autem</strong></span> <span class='ocrx_word' id='word_1_626' title='bbox 1324 4129 1528 4195; x_wconf 89' lang='lat' dir='ltr'><strong>ratiocinatio</strong></span> <span class='ocrx_word' id='word_1_627' title='bbox 1559 4139 1610 4195; x_wconf 91' lang='lat' dir='ltr'><strong>est</strong></span> <span class='ocrx_word' id='word_1_628' title='bbox 1639 4150 1703 4212; x_wconf 94' lang='lat' dir='ltr'><strong>qua</strong></span> <span class='ocrx_word' id='word_1_629' title='bbox 1725 4129 1830 4194; x_wconf 90' lang='lat' dir='ltr'><strong>utitur</strong></span> <span class='ocrx_word' id='word_1_630' title='bbox 1851 4128 2021 4213; x_wconf 90' lang='lat' dir='ltr'><strong>propheta,</strong></span> <span class='ocrx_word' id='word_1_631' title='bbox 2051 4151 2153 4215; x_wconf 94' lang='lat' dir='ltr'><strong>popu·</strong></span> 
     </span>
     <span class='ocr_line' id='line_1_45' title="bbox 165 4214 2153 4301; baseline -0.003 -14"><span class='ocrx_word' id='word_1_632' title='bbox 165 4232 254 4287; x_wconf 89' lang='lat' dir='ltr'><strong>certe</strong></span> <span class='ocrx_word' id='word_1_633' title='bbox 276 4238 389 4284; x_wconf 88' lang='lat' dir='ltr'><strong>verum</strong></span> <span class='ocrx_word' id='word_1_634' title='bbox 414 4237 484 4281; x_wconf 91' lang='lat' dir='ltr'><strong>esse</strong></span> <span class='ocrx_word' id='word_1_635' title='bbox 504 4217 618 4298; x_wconf 78' lang='lat' dir='ltr'><strong>fateor,</strong></span> <span class='ocrx_word' id='word_1_636' title='bbox 640 4235 703 4297; x_wconf 93' lang='lat' dir='ltr'><strong>quo</strong></span> <span class='ocrx_word' id='word_1_637' title='bbox 725 4214 830 4298; x_wconf 91' lang='lat' dir='ltr'><strong>magis</strong></span> <span class='ocrx_word' id='word_1_638' title='bbox 852 4216 887 4278; x_wconf 93' lang='lat' dir='ltr'><strong>in</strong></span> <span class='ocrx_word' id='word_1_639' title='bbox 908 4223 1052 4278; x_wconf 91' lang='lat' dir='ltr'><strong>mentem</strong></span> <span class='ocrx_word' id='word_1_640' title='bbox 1076 4235 1134 4279; x_wconf 94' lang='lat' dir='ltr'><strong>no·</strong></span> <span class='ocrx_word' id='word_1_641' title='bbox 1186 4215 1256 4281; x_wconf 90' lang='lat' dir='ltr'><strong>lum</strong></span> <span class='ocrx_word' id='word_1_642' title='bbox 1286 4216 1428 4301; x_wconf 88' lang='lat' dir='ltr'><strong>gratuito</strong></span> <span class='ocrx_word' id='word_1_643' title='bbox 1450 4214 1515 4280; x_wconf 91' lang='lat' dir='ltr'><strong>Dei</strong></span> <span class='ocrx_word' id='word_1_644' title='bbox 1538 4214 1621 4279; x_wconf 93' lang='lat' dir='ltr'><strong>dono</strong></span> <span class='ocrx_word' id='word_1_645' title='bbox 1644 4227 1749 4280; x_wconf 88' lang='lat' dir='ltr'><strong>terrae</strong></span> <span class='ocrx_word' id='word_1_646' title='bbox 1771 4236 1841 4281; x_wconf 90' lang='lat' dir='ltr'><strong>esse</strong></span> <span class='ocrx_word' id='word_1_647' title='bbox 1866 4215 2050 4294; x_wconf 90' lang='lat' dir='ltr'><strong>haeredem,</strong></span> <span class='ocrx_word' id='word_1_648' title='bbox 2077 4220 2153 4300; x_wconf 88' lang='lat' dir='ltr'><strong>quia</strong></span> 
     </span>
     <span class='ocr_line' id='line_1_46' title="bbox 165 4297 2154 4385; baseline -0.001 -15"><span class='ocrx_word' id='word_1_649' title='bbox 165 4305 216 4371; x_wconf 92' lang='lat' dir='ltr'><strong>bis</strong></span> <span class='ocrx_word' id='word_1_650' title='bbox 245 4305 387 4371; x_wconf 91' lang='lat' dir='ltr'><strong>veniunt</strong></span> <span class='ocrx_word' id='word_1_651' title='bbox 415 4323 497 4385; x_wconf 90' lang='lat' dir='ltr'><strong>quae</strong></span> <span class='ocrx_word' id='word_1_652' title='bbox 524 4302 617 4367; x_wconf 87' lang='lat' dir='ltr'><strong>Deus</strong></span> <span class='ocrx_word' id='word_1_653' title='bbox 645 4302 680 4365; x_wconf 91' lang='lat' dir='ltr'><strong>iu</strong></span> <span class='ocrx_word' id='word_1_654' title='bbox 702 4301 782 4366; x_wconf 90' lang='lat' dir='ltr'><strong>alies</strong></span> <span class='ocrx_word' id='word_1_655' title='bbox 803 4299 943 4365; x_wconf 88' lang='lat' dir='ltr'><strong>eontulit</strong></span> <span class='ocrx_word' id='word_1_656' title='bbox 968 4297 1135 4381; x_wconf 88' lang='lat' dir='ltr'><strong>beneficia,</strong></span> <span class='ocrx_word' id='word_1_657' title='bbox 1188 4303 1308 4366; x_wconf 85' lang='lat' dir='ltr'><strong>virtute</strong></span> <span class='ocrx_word' id='word_1_658' title='bbox 1340 4322 1400 4367; x_wconf 91' lang='lat' dir='ltr'><strong>sua</strong></span> <span class='ocrx_word' id='word_1_659' title='bbox 1427 4321 1498 4365; x_wconf 90' lang='lat' dir='ltr'><strong>eam</strong></span> <span class='ocrx_word' id='word_1_660' title='bbox 1532 4300 1666 4364; x_wconf 93' lang='lat' dir='ltr'><strong>minime</strong></span> <span class='ocrx_word' id='word_1_661' title='bbox 1699 4300 1895 4384; x_wconf 81' lang='lat' dir='ltr'><strong>acquisierit.</strong></span> <span class='ocrx_word' id='word_1_662' title='bbox 1940 4303 2033 4367; x_wconf 74' lang='lat' dir='ltr'><strong>&#39;fiune</strong></span> <span class='ocrx_word' id='word_1_663' title='bbox 2066 4305 2154 4368; x_wconf 92' lang='lat' dir='ltr'><strong>enim</strong></span> 
     </span>
     <span class='ocr_line' id='line_1_47' title="bbox 166 4384 2154 4471; baseline -0.003 -13"><span class='ocrx_word' id='word_1_664' title='bbox 166 4413 206 4458; x_wconf 89' lang='lat' dir='ltr'><strong>oo</strong></span> <span class='ocrx_word' id='word_1_665' title='bbox 227 4390 351 4456; x_wconf 91' lang='lat' dir='ltr'><strong>maiore</strong></span> <span class='ocrx_word' id='word_1_666' title='bbox 373 4388 506 4454; x_wconf 90' lang='lat' dir='ltr'><strong>tristitia</strong></span> <span class='ocrx_word' id='word_1_667' title='bbox 529 4408 588 4451; x_wconf 90' lang='lat' dir='ltr'><strong>nos</strong></span> <span class='ocrx_word' id='word_1_668' title='bbox 611 4386 722 4470; x_wconf 87' lang='lat' dir='ltr'><strong>pungi,</strong></span> <span class='ocrx_word' id='word_1_669' title='bbox 744 4385 799 4452; x_wconf 92' lang='lat' dir='ltr'><strong>ubi</strong></span> <span class='ocrx_word' id='word_1_670' title='bbox 821 4384 917 4449; x_wconf 92' lang='lat' dir='ltr'><strong>rebus</strong></span> <span class='ocrx_word' id='word_1_671' title='bbox 940 4386 1058 4450; x_wconf 89' lang='lat' dir='ltr'><strong>nestris</strong></span> <span class='ocrx_word' id='word_1_672' title='bbox 1080 4385 1136 4450; x_wconf 90' lang='lat' dir='ltr'><strong>ad·</strong></span> <span class='ocrx_word' id='word_1_673' title='bbox 1187 4386 1318 4453; x_wconf 91' lang='lat' dir='ltr'><strong>demum</strong></span> <span class='ocrx_word' id='word_1_674' title='bbox 1340 4386 1484 4453; x_wconf 90' lang='lat' dir='ltr'><strong>tribuere</strong></span> <span class='ocrx_word' id='word_1_675' title='bbox 1504 4385 1576 4451; x_wconf 90' lang='lat' dir='ltr'><strong>Deo</strong></span> <span class='ocrx_word' id='word_1_676' title='bbox 1598 4386 1772 4469; x_wconf 87' lang='lat' dir='ltr'><strong>incipimus</strong></span> <span class='ocrx_word' id='word_1_677' title='bbox 1795 4387 1881 4471; x_wconf 90' lang='lat' dir='ltr'><strong>qued</strong></span> <span class='ocrx_word' id='word_1_678' title='bbox 1903 4408 1999 4454; x_wconf 89' lang='lat' dir='ltr'><strong>suum</strong></span> <span class='ocrx_word' id='word_1_679' title='bbox 2022 4398 2080 4466; x_wconf 89' lang='lat' dir='ltr'><strong>est,</strong></span> <span class='ocrx_word' id='word_1_680' title='bbox 2099 4388 2154 4454; x_wconf 92' lang='lat' dir='ltr'><strong>ubi</strong></span> 
     </span>
     <span class='ocr_line' id='line_1_48' title="bbox 166 4470 2155 4555; baseline -0.002 -14"><span class='ocrx_word' id='word_1_681' title='bbox 166 4477 273 4544; x_wconf 89' lang='lat' dir='ltr'><strong>versis</strong></span> <span class='ocrx_word' id='word_1_682' title='bbox 294 4496 359 4541; x_wconf 90' lang='lat' dir='ltr'><strong>non</strong></span> <span class='ocrx_word' id='word_1_683' title='bbox 381 4474 553 4541; x_wconf 82' lang='lat' dir='ltr'><strong>suocrrrrit.</strong></span> <span class='ocrx_word' id='word_1_684' title='bbox 588 4470 655 4538; x_wconf 85' lang='lat' dir='ltr'><strong>Sed</strong></span> <span class='ocrx_word' id='word_1_685' title='bbox 676 4472 757 4537; x_wconf 92' lang='lat' dir='ltr'><strong>fides</strong></span> <span class='ocrx_word' id='word_1_686' title='bbox 779 4473 814 4535; x_wconf 92' lang='grc' dir='ltr'><strong>ιι</strong></span> <span class='ocrx_word' id='word_1_687' title='bbox 836 4470 937 4536; x_wconf 92' lang='lat' dir='ltr'><strong>alium</strong></span> <span class='ocrx_word' id='word_1_688' title='bbox 956 4471 1056 4536; x_wconf 89' lang='lat' dir='ltr'><strong>finem</strong></span> <span class='ocrx_word' id='word_1_689' title='bbox 1075 4492 1134 4539; x_wconf 88' lang='lat' dir='ltr'><strong>nes</strong></span> <span class='ocrx_word' id='word_1_690' title='bbox 1186 4473 1400 4555; x_wconf 81' lang='lat' dir='ltr'><strong>expendimus</strong></span> <span class='ocrx_word' id='word_1_691' title='bbox 1439 4492 1537 4555; x_wconf 90' lang='lat' dir='ltr'><strong>quam</strong></span> <span class='ocrx_word' id='word_1_692' title='bbox 1574 4472 1657 4536; x_wconf 92' lang='lat' dir='ltr'><strong>nihil</strong></span> <span class='ocrx_word' id='word_1_693' title='bbox 1694 4473 1760 4538; x_wconf 92' lang='lat' dir='ltr'><strong>sint</strong></span> <span class='ocrx_word' id='word_1_694' title='bbox 1795 4475 1883 4540; x_wconf 90' lang='lat' dir='ltr'><strong>vires</strong></span> <span class='ocrx_word' id='word_1_695' title='bbox 1919 4482 2059 4539; x_wconf 89' lang='lat' dir='ltr'><strong>nostrae.</strong></span> <span class='ocrx_word' id='word_1_696' title='bbox 2109 4474 2155 4539; x_wconf 83' lang='lat' dir='ltr'><strong>Et</strong></span> 
     </span>
     <span class='ocr_line' id='line_1_49' title="bbox 166 4556 2154 4647; baseline -0.002 -20"><span class='ocrx_word' id='word_1_697' title='bbox 166 4562 288 4647; x_wconf 82' lang='lat' dir='ltr'><strong>dirigit,</strong></span> <span class='ocrx_word' id='word_1_698' title='bbox 316 4574 354 4627; x_wconf 88' lang='lat' dir='ltr'><strong>ut</strong></span> <span class='ocrx_word' id='word_1_699' title='bbox 385 4567 568 4626; x_wconf 89' lang='lat' dir='ltr'><strong>statuamus</strong></span> <span class='ocrx_word' id='word_1_700' title='bbox 599 4579 658 4622; x_wconf 91' lang='lat' dir='ltr'><strong>nos</strong></span> <span class='ocrx_word' id='word_1_701' title='bbox 691 4578 818 4640; x_wconf 90' lang='lat' dir='ltr'><strong>quoque</strong></span> <span class='ocrx_word' id='word_1_702' title='bbox 848 4556 982 4622; x_wconf 88' lang='lat' dir='ltr'><strong>tandem</strong></span> <span class='ocrx_word' id='word_1_703' title='bbox 1010 4556 1133 4640; x_wconf 89' lang='lat' dir='ltr'><strong>aliquid</strong></span> <span class='ocrx_word' id='word_1_704' title='bbox 1184 4567 1273 4625; x_wconf 84' lang='lat' dir='ltr'><strong>certe</strong></span> <span class='ocrx_word' id='word_1_705' title='bbox 1305 4559 1390 4640; x_wconf 91' lang='lat' dir='ltr'><strong>qued</strong></span> <span class='ocrx_word' id='word_1_706' title='bbox 1427 4557 1570 4642; x_wconf 90' lang='lat' dir='ltr'><strong>maligne</strong></span> <span class='ocrx_word' id='word_1_707' title='bbox 1609 4558 1772 4642; x_wconf 90' lang='lat' dir='ltr'><strong>sepeliunt</strong></span> <span class='ocrx_word' id='word_1_708' title='bbox 1812 4575 1848 4625; x_wconf 92' lang='lat' dir='ltr'><strong>ut</strong></span> <span class='ocrx_word' id='word_1_709' title='bbox 1880 4559 2057 4643; x_wconf 92' lang='lat' dir='ltr'><strong>plurimum</strong></span> <span class='ocrx_word' id='word_1_710' title='bbox 2089 4558 2154 4624; x_wconf 94' lang='lat' dir='ltr'><strong>Dei</strong></span> 
     </span>
     <span class='ocr_line' id='line_1_50' title="bbox 166 4641 2153 4727; baseline -0.002 -14"><span class='ocrx_word' id='word_1_711' title='bbox 166 4667 322 4714; x_wconf 89' lang='lat' dir='ltr'><strong>sensuros</strong></span> <span class='ocrx_word' id='word_1_712' title='bbox 350 4645 533 4723; x_wconf 85' lang='lat' dir='ltr'><strong>levationis,</strong></span> <span class='ocrx_word' id='word_1_713' title='bbox 563 4643 641 4727; x_wconf 89' lang='lat' dir='ltr'><strong>quia</strong></span> <span class='ocrx_word' id='word_1_714' title='bbox 671 4643 763 4707; x_wconf 91' lang='lat' dir='ltr'><strong>Deus</strong></span> <span class='ocrx_word' id='word_1_715' title='bbox 792 4641 844 4707; x_wconf 90' lang='lat' dir='ltr'><strong>sui</strong></span> <span class='ocrx_word' id='word_1_716' title='bbox 873 4642 990 4708; x_wconf 92' lang='lat' dir='ltr'><strong>similis</strong></span> <span class='ocrx_word' id='word_1_717' title='bbox 1012 4653 1132 4707; x_wconf 88' lang='lat' dir='ltr'><strong>manet.</strong></span> <span class='ocrx_word' id='word_1_718' title='bbox 1185 4644 1341 4711; x_wconf 90' lang='lat' dir='ltr'><strong>beneficia</strong></span> <span class='ocrx_word' id='word_1_719' title='bbox 1380 4643 1550 4721; x_wconf 89' lang='lat' dir='ltr'><strong>homines,</strong></span> <span class='ocrx_word' id='word_1_720' title='bbox 1598 4665 1663 4710; x_wconf 92' lang='lat' dir='ltr'><strong>non</strong></span> <span class='ocrx_word' id='word_1_721' title='bbox 1708 4645 1840 4711; x_wconf 89' lang='lat' dir='ltr'><strong>aliunde</strong></span> <span class='ocrx_word' id='word_1_722' title='bbox 1883 4646 1921 4710; x_wconf 92' lang='lat' dir='ltr'><strong>fit</strong></span> <span class='ocrx_word' id='word_1_723' title='bbox 1960 4646 2024 4710; x_wconf 91' lang='lat' dir='ltr'><strong>uisi</strong></span> <span class='ocrx_word' id='word_1_724' title='bbox 2067 4646 2153 4727; x_wconf 91' lang='lat' dir='ltr'><strong>qued</strong></span> 
     </span>
     <span class='ocr_line' id='line_1_51' title="bbox 165 4726 2154 4815; baseline -0.002 -15"><span class='ocrx_word' id='word_1_725' title='bbox 165 4734 235 4800; x_wconf 89' lang='lat' dir='ltr'><strong>Neo</strong></span> <span class='ocrx_word' id='word_1_726' title='bbox 257 4731 393 4798; x_wconf 92' lang='lat' dir='ltr'><strong>dubium</strong></span> <span class='ocrx_word' id='word_1_727' title='bbox 415 4739 466 4796; x_wconf 91' lang='lat' dir='ltr'><strong>est</strong></span> <span class='ocrx_word' id='word_1_728' title='bbox 487 4729 564 4813; x_wconf 92' lang='lat' dir='ltr'><strong>quin</strong></span> <span class='ocrx_word' id='word_1_729' title='bbox 588 4727 648 4794; x_wconf 89' lang='lat' dir='ltr'><strong>hee</strong></span> <span class='ocrx_word' id='word_1_730' title='bbox 669 4727 804 4796; x_wconf 90' lang='lat' dir='ltr'><strong>consilio</strong></span> <span class='ocrx_word' id='word_1_731' title='bbox 826 4726 938 4792; x_wconf 89' lang='lat' dir='ltr'><strong>fidelos</strong></span> <span class='ocrx_word' id='word_1_732' title='bbox 968 4749 1055 4792; x_wconf 91' lang='lat' dir='ltr'><strong>nune</strong></span> <span class='ocrx_word' id='word_1_733' title='bbox 1085 4749 1135 4791; x_wconf 90' lang='lat' dir='ltr'><strong>re·</strong></span> <span class='ocrx_word' id='word_1_734' title='bbox 1185 4730 1268 4795; x_wconf 81' lang='lat' dir='ltr'><strong>falsa</strong></span> <span class='ocrx_word' id='word_1_735' title='bbox 1306 4731 1539 4814; x_wconf 79' lang='lat' dir='ltr'><strong>imaginatione</strong></span> <span class='ocrx_word' id='word_1_736' title='bbox 1583 4730 1704 4813; x_wconf 89' lang='lat' dir='ltr'><strong>aliquid</strong></span> <span class='ocrx_word' id='word_1_737' title='bbox 1751 4732 1813 4797; x_wconf 90' lang='lat' dir='ltr'><strong>sibi</strong></span> <span class='ocrx_word' id='word_1_738' title='bbox 1855 4730 2026 4815; x_wconf 90' lang='lat' dir='ltr'><strong>preprium</strong></span> <span class='ocrx_word' id='word_1_739' title='bbox 2067 4752 2154 4797; x_wconf 90' lang='lat' dir='ltr'><strong>arro·</strong></span> 
     </span>
     <span class='ocr_line' id='line_1_52' title="bbox 166 4813 2152 4901; baseline -0.002 -14"><span class='ocrx_word' id='word_1_740' title='bbox 166 4828 285 4887; x_wconf 87' lang='lat' dir='ltr'><strong>vocent</strong></span> <span class='ocrx_word' id='word_1_741' title='bbox 312 4818 346 4882; x_wconf 93' lang='lat' dir='ltr'><strong>in</strong></span> <span class='ocrx_word' id='word_1_742' title='bbox 374 4818 564 4882; x_wconf 86' lang='lat' dir='ltr'><strong>memoriam</strong></span> <span class='ocrx_word' id='word_1_743' title='bbox 594 4835 676 4898; x_wconf 91' lang='lat' dir='ltr'><strong>quae</strong></span> <span class='ocrx_word' id='word_1_744' title='bbox 697 4814 790 4880; x_wconf 92' lang='lat' dir='ltr'><strong>Deus</strong></span> <span class='ocrx_word' id='word_1_745' title='bbox 816 4814 849 4877; x_wconf 91' lang='lat' dir='ltr'><strong>in</strong></span> <span class='ocrx_word' id='word_1_746' title='bbox 873 4813 1026 4878; x_wconf 88' lang='lat' dir='ltr'><strong>eeclesiae</strong></span> <span class='ocrx_word' id='word_1_747' title='bbox 1055 4833 1133 4879; x_wconf 91' lang='lat' dir='ltr'><strong>suae</strong></span> <span class='ocrx_word' id='word_1_748' title='bbox 1185 4829 1276 4898; x_wconf 88' lang='lat' dir='ltr'><strong>gant.</strong></span> <span class='ocrx_word' id='word_1_749' title='bbox 1320 4816 1433 4897; x_wconf 81' lang='lat' dir='ltr'><strong>Quare</strong></span> <span class='ocrx_word' id='word_1_750' title='bbox 1462 4817 1542 4882; x_wconf 90' lang='lat' dir='ltr'><strong>haee</strong></span> <span class='ocrx_word' id='word_1_751' title='bbox 1575 4818 1698 4901; x_wconf 88' lang='lat' dir='ltr'><strong>optima</strong></span> <span class='ocrx_word' id='word_1_752' title='bbox 1729 4817 1938 4901; x_wconf 82' lang='lat' dir='ltr'><strong>gratitudinis</strong></span> <span class='ocrx_word' id='word_1_753' title='bbox 1971 4818 2062 4890; x_wconf 87' lang='lat' dir='ltr'><strong>ratic.</strong></span> <span class='ocrx_word' id='word_1_754' title='bbox 2098 4818 2152 4883; x_wconf 93' lang='lat' dir='ltr'><strong>ubi</strong></span> 
     </span>
     <span class='ocr_line' id='line_1_53' title="bbox 163 4898 2154 4986; baseline -0.001 -15"><span class='ocrx_word' id='word_1_755' title='bbox 163 4906 305 4972; x_wconf 89' lang='lat' dir='ltr'><strong>salutem</strong></span> <span class='ocrx_word' id='word_1_756' title='bbox 327 4902 404 4968; x_wconf 92' lang='lat' dir='ltr'><strong>olim</strong></span> <span class='ocrx_word' id='word_1_757' title='bbox 427 4910 547 4985; x_wconf 84' lang='lat' dir='ltr'><strong>egerat,</strong></span> <span class='ocrx_word' id='word_1_758' title='bbox 571 4910 608 4965; x_wconf 93' lang='lat' dir='ltr'><strong>ut</strong></span> <span class='ocrx_word' id='word_1_759' title='bbox 630 4922 664 4966; x_wconf 91' lang='lat' dir='ltr'><strong>se</strong></span> <span class='ocrx_word' id='word_1_760' title='bbox 687 4901 721 4965; x_wconf 91' lang='grc' dir='ltr'><strong>ιι</strong></span> <span class='ocrx_word' id='word_1_761' title='bbox 751 4898 919 4964; x_wconf 91' lang='lat' dir='ltr'><strong>meliorem</strong></span> <span class='ocrx_word' id='word_1_762' title='bbox 948 4919 1038 4980; x_wconf 90' lang='lat' dir='ltr'><strong>spem</strong></span> <span class='ocrx_word' id='word_1_763' title='bbox 1068 4898 1130 4963; x_wconf 91' lang='lat' dir='ltr'><strong>eri·</strong></span> <span class='ocrx_word' id='word_1_764' title='bbox 1185 4901 1286 4965; x_wconf 91' lang='lat' dir='ltr'><strong>stulta</strong></span> <span class='ocrx_word' id='word_1_765' title='bbox 1308 4903 1458 4984; x_wconf 90' lang='lat' dir='ltr'><strong>propriae</strong></span> <span class='ocrx_word' id='word_1_766' title='bbox 1479 4904 1612 4969; x_wconf 88' lang='lat' dir='ltr'><strong>virtutis</strong></span> <span class='ocrx_word' id='word_1_767' title='bbox 1634 4903 1743 4986; x_wconf 92' lang='lat' dir='ltr'><strong>opinio</strong></span> <span class='ocrx_word' id='word_1_768' title='bbox 1772 4904 1951 4968; x_wconf 89' lang='lat' dir='ltr'><strong>evanuerit.</strong></span> <span class='ocrx_word' id='word_1_769' title='bbox 1997 4901 2154 4985; x_wconf 90' lang='lat' dir='ltr'><strong>Sequitur</strong></span> 
     </span>
     <span class='ocr_line' id='line_1_54' title="bbox 165 4983 2154 5075; baseline 0 -19"><span class='ocrx_word' id='word_1_770' title='bbox 165 4999 256 5075; x_wconf 87' lang='lat' dir='ltr'><strong>gant,</strong></span> <span class='ocrx_word' id='word_1_771' title='bbox 285 4990 383 5056; x_wconf 88' lang='lat' dir='ltr'><strong>sicuti</strong></span> <span class='ocrx_word' id='word_1_772' title='bbox 414 4988 521 5052; x_wconf 89' lang='lat' dir='ltr'><strong>visum</strong></span> <span class='ocrx_word' id='word_1_773' title='bbox 552 4988 613 5052; x_wconf 83' lang='lat' dir='ltr'><strong>luit</strong></span> <span class='ocrx_word' id='word_1_774' title='bbox 642 4987 737 5051; x_wconf 88' lang='lat' dir='ltr'><strong>initio</strong></span> <span class='ocrx_word' id='word_1_775' title='bbox 763 4983 886 5049; x_wconf 91' lang='lat' dir='ltr'><strong>Psalmi</strong></span> <span class='ocrx_word' id='word_1_776' title='bbox 915 4984 967 5049; x_wconf 77' lang='lat'><strong>22.</strong></span> <span class='ocrx_word' id='word_1_777' title='bbox 1018 4984 1132 5067; x_wconf 89' lang='lat' dir='ltr'><strong>Neque</strong></span> <span class='ocrx_word' id='word_1_778' title='bbox 1186 4984 1303 5051; x_wconf 92' lang='lat' dir='ltr'><strong>deindo</strong></span> <span class='ocrx_word' id='word_1_779' title='bbox 1314 4986 1474 5052; x_wconf 88' lang='lat' dir='ltr'><strong>illustrius</strong></span> <span class='ocrx_word' id='word_1_780' title='bbox 1491 4989 1616 5071; x_wconf 88' lang='lat' dir='ltr'><strong>gratiae</strong></span> <span class='ocrx_word' id='word_1_781' title='bbox 1634 4987 1697 5053; x_wconf 90' lang='lat' dir='ltr'><strong>Dei</strong></span> <span class='ocrx_word' id='word_1_782' title='bbox 1714 4987 1872 5072; x_wconf 90' lang='lat' dir='ltr'><strong>elogium:</strong></span> <span class='ocrx_word' id='word_1_783' title='bbox 1896 4989 1952 5053; x_wconf 92' lang='lat' dir='ltr'><strong>ubi</strong></span> <span class='ocrx_word' id='word_1_784' title='bbox 1971 4998 2038 5053; x_wconf 90' lang='lat' dir='ltr'><strong>teta</strong></span> <span class='ocrx_word' id='word_1_785' title='bbox 2056 5009 2154 5056; x_wconf 89' lang='lat' dir='ltr'><strong>eausa</strong></span> 
     </span>
     <span class='ocr_line' id='line_1_55' title="bbox 165 5070 2153 5157; baseline 0 -16"><span class='ocrx_word' id='word_1_786' title='bbox 165 5078 253 5141; x_wconf 91' lang='lat' dir='ltr'><strong>enim</strong></span> <span class='ocrx_word' id='word_1_787' title='bbox 276 5076 460 5142; x_wconf 91' lang='lat' dir='ltr'><strong>subsistunt</strong></span> <span class='ocrx_word' id='word_1_788' title='bbox 482 5074 515 5137; x_wconf 93' lang='lat' dir='ltr'><strong>in</strong></span> <span class='ocrx_word' id='word_1_789' title='bbox 539 5073 627 5137; x_wconf 91' lang='lat' dir='ltr'><strong>nuda</strong></span> <span class='ocrx_word' id='word_1_790' title='bbox 649 5072 899 5154; x_wconf 88' lang='lat' dir='ltr'><strong>comparatione,</strong></span> <span class='ocrx_word' id='word_1_791' title='bbox 922 5091 1005 5152; x_wconf 87' lang='lat' dir='ltr'><strong>quae</strong></span> <span class='ocrx_word' id='word_1_792' title='bbox 1027 5070 1132 5136; x_wconf 90' lang='lat' dir='ltr'><strong>divor·</strong></span> <span class='ocrx_word' id='word_1_793' title='bbox 1184 5071 1219 5137; x_wconf 94' lang='lat' dir='ltr'><strong>in</strong></span> <span class='ocrx_word' id='word_1_794' title='bbox 1252 5070 1317 5137; x_wconf 90' lang='lat' dir='ltr'><strong>Dei</strong></span> <span class='ocrx_word' id='word_1_795' title='bbox 1346 5074 1585 5157; x_wconf 89' lang='lat' dir='ltr'><strong>beneplacitum</strong></span> <span class='ocrx_word' id='word_1_796' title='bbox 1614 5075 1790 5140; x_wconf 86' lang='lat' dir='ltr'><strong>confertur.</strong></span> <span class='ocrx_word' id='word_1_797' title='bbox 1834 5073 1948 5156; x_wconf 88' lang='lat' dir='ltr'><strong>Neque</strong></span> <span class='ocrx_word' id='word_1_798' title='bbox 1978 5075 2065 5140; x_wconf 93' lang='lat' dir='ltr'><strong>enim</strong></span> <span class='ocrx_word' id='word_1_799' title='bbox 2095 5075 2153 5141; x_wconf 89' lang='lat' dir='ltr'><strong>ali·</strong></span> 
     </span>
     <span class='ocr_line' id='line_1_56' title="bbox 166 5157 2153 5243; baseline 0.001 -17"><span class='ocrx_word' id='word_1_800' title='bbox 166 5163 248 5228; x_wconf 91' lang='lat' dir='ltr'><strong>tium</strong></span> <span class='ocrx_word' id='word_1_801' title='bbox 269 5162 391 5228; x_wconf 87' lang='lat' dir='ltr'><strong>iaceret</strong></span> <span class='ocrx_word' id='word_1_802' title='bbox 412 5160 573 5224; x_wconf 88' lang='lat' dir='ltr'><strong>intereos</strong></span> <span class='ocrx_word' id='word_1_803' title='bbox 596 5160 651 5241; x_wconf 92' lang='lat' dir='ltr'><strong>qui</strong></span> <span class='ocrx_word' id='word_1_804' title='bbox 673 5157 830 5224; x_wconf 91' lang='lat' dir='ltr'><strong>divinitus</strong></span> <span class='ocrx_word' id='word_1_805' title='bbox 851 5157 984 5220; x_wconf 87' lang='lat' dir='ltr'><strong>fuerunt</strong></span> <span class='ocrx_word' id='word_1_806' title='bbox 1002 5157 1131 5234; x_wconf 90' lang='lat' dir='ltr'><strong>servati,</strong></span> <span class='ocrx_word' id='word_1_807' title='bbox 1185 5179 1283 5242; x_wconf 93' lang='lat' dir='ltr'><strong>quam</strong></span> <span class='ocrx_word' id='word_1_808' title='bbox 1306 5160 1340 5225; x_wconf 93' lang='lat' dir='ltr'><strong>in</strong></span> <span class='ocrx_word' id='word_1_809' title='bbox 1362 5158 1517 5224; x_wconf 88' lang='lat' dir='ltr'><strong>Abrahae</strong></span> <span class='ocrx_word' id='word_1_810' title='bbox 1539 5178 1676 5242; x_wconf 90' lang='lat' dir='ltr'><strong>persona</strong></span> <span class='ocrx_word' id='word_1_811' title='bbox 1699 5158 1891 5242; x_wconf 88' lang='lat' dir='ltr'><strong>dignitatem</strong></span> <span class='ocrx_word' id='word_1_812' title='bbox 1915 5161 2076 5243; x_wconf 91' lang='lat' dir='ltr'><strong>propheta</strong></span> <span class='ocrx_word' id='word_1_813' title='bbox 2094 5163 2153 5228; x_wconf 92' lang='lat' dir='ltr'><strong>fin·</strong></span> 
     </span>
     <span class='ocr_line' id='line_1_57' title="bbox 164 5240 2153 5332; baseline -0.001 -18"><span class='ocrx_word' id='word_1_814' title='bbox 164 5260 197 5314; x_wconf 90' lang='lat' dir='ltr'><strong>et</strong></span> <span class='ocrx_word' id='word_1_815' title='bbox 219 5247 274 5332; x_wconf 90' lang='lat' dir='ltr'><strong>qui</strong></span> <span class='ocrx_word' id='word_1_816' title='bbox 299 5266 386 5312; x_wconf 91' lang='lat' dir='ltr'><strong>nune</strong></span> <span class='ocrx_word' id='word_1_817' title='bbox 407 5245 467 5312; x_wconf 90' lang='lat' dir='ltr'><strong>sub</strong></span> <span class='ocrx_word' id='word_1_818' title='bbox 490 5242 720 5311; x_wconf 85' lang='lat' dir='ltr'><strong>afflictionibus</strong></span> <span class='ocrx_word' id='word_1_819' title='bbox 748 5240 898 5307; x_wconf 90' lang='lat' dir='ltr'><strong>laborant</strong></span> <span class='ocrx_word' id='word_1_820' title='bbox 919 5250 953 5306; x_wconf 92' lang='lat' dir='ltr'><strong>et</strong></span> <span class='ocrx_word' id='word_1_821' title='bbox 981 5252 1132 5326; x_wconf 90' lang='lat' dir='ltr'><strong>gemunt:</strong></span> <span class='ocrx_word' id='word_1_822' title='bbox 1186 5245 1242 5329; x_wconf 89' lang='lat' dir='ltr'><strong>git,</strong></span> <span class='ocrx_word' id='word_1_823' title='bbox 1266 5244 1317 5309; x_wconf 88' lang='lat' dir='ltr'><strong>vel</strong></span> <span class='ocrx_word' id='word_1_824' title='bbox 1340 5245 1375 5309; x_wconf 92' lang='lat' dir='ltr'><strong>in</strong></span> <span class='ocrx_word' id='word_1_825' title='bbox 1396 5246 1467 5310; x_wconf 92' lang='lat' dir='ltr'><strong>eius</strong></span> <span class='ocrx_word' id='word_1_826' title='bbox 1490 5246 1626 5327; x_wconf 91' lang='lat' dir='ltr'><strong>pesteris</strong></span> <span class='ocrx_word' id='word_1_827' title='bbox 1649 5245 1758 5328; x_wconf 88' lang='lat' dir='ltr'><strong>eliqua</strong></span> <span class='ocrx_word' id='word_1_828' title='bbox 1780 5245 1896 5311; x_wconf 88' lang='lat' dir='ltr'><strong>merita</strong></span> <span class='ocrx_word' id='word_1_829' title='bbox 1917 5246 2065 5327; x_wconf 86' lang='lat' dir='ltr'><strong>fabricat,</strong></span> <span class='ocrx_word' id='word_1_830' title='bbox 2095 5269 2153 5315; x_wconf 89' lang='lat' dir='ltr'><strong>eur</strong></span> 
     </span>
    </p>
   </div>
   <div class='ocr_carea' id='block_1_5' title="bbox 1898 5347 1948 5402">
    <p class='ocr_par' dir='ltr' id='par_1_5' title="bbox 1898 5347 1948 5402">
     <span class='ocr_line' id='line_1_58' title="bbox 1898 5347 1948 5402; baseline 0 -23"><span class='ocrx_word' id='word_1_831' title='bbox 1898 5347 1948 5402; x_wconf 58' lang='lat'><strong>282</strong></span> 
     </span>
    </p>
   </div>
   <div class='ocr_carea' id='block_1_6' title="bbox 0 0 2340 5862">
    <p class='ocr_par' dir='ltr' id='par_1_6' title="bbox 0 0 2340 5862">
     <span class='ocr_line' id='line_1_59' title="bbox 0 0 2340 5862; baseline 0 0"><span class='ocrx_word' id='word_1_832' title='bbox 0 0 2340 5862; x_wconf 95' lang='lat' dir='ltr'><strong> </strong></span> 
     </span>
    </p>
   </div>
  </div>
 </body>
</html>
