4658 5856
230 340 292 406 159
1045 336 1263 405 PSALMUS
1286 335 1402 402 XVII.
2159 333 2222 400 160

229 550 264 594 se
294 534 326 593 et
353 525 465 591 hostes
487 524 595 590 Deum
626 526 742 592 statuit
762 527 854 610 qnasi
887 527 1055 602 arbitrum,
1089 536 1127 592 ut
1159 525 1200 591 de
1336 527 1366 591 3.
1388 525 1538 592 Probasti
1554 544 1606 591 cor
1621 543 1734 603 meam,
1753 524 1890 590 visitasti
1904 528 2003 590 node.-
2018 523 2220 600 examinasti,

228 633 325 680 causa
346 622 529 694 eognoscat
562 610 652 677 Atibi
674 612 760 676 enim
782 613 935 694 vidimus,
956 615 1012 681 ubi
1033 635 1106 680 eum
1131 634 1200 695 per·
1249 632 1314 678 aon
1341 613 1497 678 invenies:
1523 611 1668 694 copitetio
1696 631 1765 675 mea
1783 630 1851 677 non
1878 609 2025 675 tenebit
2051 628 2087 674 os
2106 628 2219 673 mmm.

228 702 331 765 versis
353 697 540 763 hominibus
561 697 657 762 nobis
680 699 846 782 negotium
874 707 933 779 est,
962 700 1060 768 licere
1090 720 1197 765 eorem
1250 697 1280 764 4.
1303 697 1358 765 Aa
1376 701 1461 780 sacta
1482 697 1651 772 hominum
1673 698 1708 761 in
1729 696 1822 763 uerbo
1843 696 2144 763 acimaetensem
2165 715 2221 778 epo

226 786 299 851 Deo
327 782 547 848 innocentiam
577 795 723 848 nostram
750 788 872 851 testari.
926 785 991 852 Sed
1022 787 1097 870 quia
1130 806 1196 848 non
1248 785 1401 851 mstodivi
1421 785 1492 850 vias
1512 783 1722 865 disserueris.

227 870 393 937 sufficeret
415 866 575 947 fidelibus,
606 869 667 933 sibi
696 891 768 934 esso
790 883 876 937 reete
898 873 1054 949 conscios,
1086 891 1196 954 preca-

227 957 348 1021 tionem
367 954 510 1020 secundo
527 955 597 1020 loco
615 955 774 1040 adiungit.
798 955 903 1042 Saepe
920 959 1008 1023 enim
1026 957 1197 1041 contingit,
1335 958 1365 1022 3.
1388 953 1553 1041 (Probcsti
1573 952 1648 1039 cor.)
1691 952 1833 1034 Quidam
1856 952 2070 1035 praeteritum
2088 962 2221 1034 tempus

226 1041 381 1125 profanos
422 1061 547 1123 quoque
587 1040 736 1106 homines
768 1043 839 1108 iure
876 1044 1009 1127 gloriari
1043 1044 1082 1108 de
1114 1042 1199 1107 bona
1250 1043 1284 1107 in
1314 1044 1428 1125 primis
1458 1039 1561 1105 tribus
1590 1039 1697 1104 verbis
1729 1038 1799 1104 loco
1821 1039 1921 1102 futuri
1943 1037 2085 1120 positum
2107 1037 2221 1101 existi·

227 1146 341 1192 eausa:
371 1125 447 1207 quia
473 1139 582 1189 tamen
597 1149 659 1190 non
672 1143 854 1212 agnoscunt
867 1129 1026 1196 divinitus
1038 1129 1197 1193 mundum
1222 1160 1224 1171 ι
1251 1141 1358 1193 mant:
1381 1128 1500 1193 rectius
1522 1147 1560 1192 ac
1582 1125 1687 1208 magis
1709 1125 1877 1208 perspicue
1899 1123 1946 1187 ita
1967 1123 2138 1188 resolvunt
2156 1122 2221 1203 alii,

227 1213 412 1295 gubernari,
446 1210 619 1276 subsidunt
647 1213 681 1276 in
712 1216 928 1281 eonscientiae
957 1238 1035 1282 suae
1058 1217 1197 1293 theatro,
1249 1214 1278 1279 si
1307 1236 1361 1280 oor
1394 1233 1505 1278 meum
1537 1211 1663 1294 probes,
1695 1231 1733 1276 aa
1765 1210 1876 1274 visites
1898 1220 2001 1286 nocte,
2035 1218 2068 1272 et
2088 1209 2222 1292 penitus

230 1297 280 1384 (nt
312 1295 502 1382 loquuntur)
523 1319 561 1362 ae
584 1298 730 1362 fraenum
761 1300 930 1379 rodentes,
963 1301 1198 1367 contumaciter
1249 1300 1428 1382 examines,
1452 1318 1516 1362 non
1538 1296 1719 1381 reperietur
1736 1295 1803 1359 ulla
1821 1294 1957 1360 tatlneia
1986 1293 2161 1360 Caeterum
2184 1307 2222 1359 ut

227 1384 334 1467 magis
356 1404 453 1465 qnam
476 1395 664 1448 constanter
682 1386 793 1451 ierunt
811 1388 957 1465 iniurias,
981 1388 1056 1471 qnia
1075 1411 1113 1451 ex
1133 1385 1197 1451 fide
1221 1328 1226 1475 Ι
1250 1384 1332 1450 nihil
1349 1394 1505 1463 mutetur,
1527 1403 1594 1447 non
1610 1381 1695 1447 nrale
1714 1401 1829 1446 sensns
1847 1380 2020 1463 quadrabit
2033 1379 2095 1445 hoe
2106 1378 2222 1445 modo:

228 1483 259 1534 et
293 1471 498 1534 invocatione
530 1468 595 1533 Dei
630 1470 756 1535 nullum
791 1484 909 1555 petunt
938 1474 1103 1538 solatium.
1153 1477 1199 1537 At
1250 1482 1286 1536 tu
1315 1469 1458 1535 Domine
1486 1469 1543 1552 qni
1572 1487 1706 1534 arcanm
1735 1487 1849 1533 omnes
1877 1466 1984 1532 cordis
2012 1466 2074 1531 mei
2105 1486 2221 1531 sensus

227 1555 340 1620 fideles
368 1574 434 1618 non
465 1566 593 1619 tantum
624 1556 774 1621 nituntur
804 1581 919 1625 causae
945 1581 1023 1625 suee
1046 1558 1198 1638 bonitate,
1250 1565 1353 1637 tenes,
1391 1557 1488 1622 sicuti
1521 1565 1613 1619 tuum
1646 1562 1696 1618 est
1730 1552 1869 1635 probare
1898 1553 2058 1631 homines,
2098 1551 2223 1635 optime

228 1642 282 1705 sed
315 1661 388 1705 eom
420 1639 493 1705 Deo
526 1641 681 1706 tuendam
715 1644 959 1710 commendant:
1000 1658 1033 1710 et
1074 1645 1199 1727 quoties
1251 1642 1337 1707 noeti
1360 1664 1413 1707 me
1434 1662 1501 1707 non
1522 1660 1593 1706 esse
1615 1638 1787 1722 duplicem,
1815 1637 2074 1720 necquidquam
2097 1635 2224 1702 fraudis

227 1725 351 1808 aliquid
364 1725 523 1809 contingit
535 1725 674 1807 adversi,
690 1729 885 1814 confugiunt
895 1731 936 1797 ad
948 1732 1018 1797 eius
1028 1730 1198 1796 euxilium.
1251 1729 1340 1792 intus
1371 1729 1468 1793 alere.
1523 1726 1622 1793 Certe
1654 1725 1823 1790 eonsilium
1858 1722 1995 1788 Daridis
2028 1722 2222 1806 ambiguum

226 1812 319 1876 Haeo
333 1811 435 1894 igitur
454 1811 537 1877 ratio
556 1821 606 1878 est
624 1824 803 1893 contextus,
828 1826 865 1881 ut
876 1817 977 1891 Deus.
996 1818 1024 1882 si
1035 1815 1199 1881 Davidem
1252 1836 1315 1878 non
1340 1826 1399 1895 est,
1422 1814 1496 1896 quia
1514 1813 1602 1877 enim
1621 1830 1793 1894 perperam
1811 1810 1893 1874 salsa
1917 1807 2043 1873 invidia
2064 1816 2223 1892 gravatus

226 1905 402 1980 eognoscat
426 1896 514 1962 iuste
543 1908 576 1962 et
597 1899 668 1964 sine
691 1921 777 1965 noxa
799 1901 906 1969 oifieio
927 1904 1026 1968 fuisse
1049 1902 1199 1985 perfunc-
1252 1899 1376 1964 nullam
1400 1898 1485 1982 apud
1509 1897 1655 1962 homines
1677 1896 1872 1979 aequitatem
1895 1897 2069 1977 impetrare
2076 1903 2221 2042 poterat,

226 1994 307 2060 tum,
330 1981 467 2065 ideoque
488 1983 600 2067 inique
624 1986 737 2051 vexari
760 1986 800 2052 ab
819 1988 977 2068 hostibus,
1001 2010 1074 2053 eum
1097 1989 1199 2071 respi-
1252 1995 1407 2067 provocat
1426 1984 1467 2050 ad
1486 1984 1595 2048 Deum
1613 1982 1769 2047 iudicem:
1788 1981 1845 2046 sed
1864 2002 1904 2045 ne
1923 1992 2045 2044 temere
2062 1979 2076 2043 i
2115 1979 2224 2060 faeiat,

226 2069 306 2134 ciat:
327 2069 516 2150 praesertim
535 2071 612 2153 quie
629 2072 732 2137 fretus
750 2073 822 2139 eius
840 2075 963 2141 auxilio
982 2074 1062 2139 bene
1081 2084 1200 2158 speret,
1251 2067 1806 2150 seriumexamensibiindieitquia
1821 2079 1958 2132 externa
1970 2065 2154 2150 specienon
2166 2065 2224 2130 fal-

226 2167 259 2219 et
291 2156 417 2219 interea
445 2154 570 2221 sincere
599 2158 704 2241 ipsum
736 2172 899 2241 precatur.
944 2161 1010 2226 Per
1038 2160 1201 2225 clamoren
1252 2157 1339 2222 latur
1354 2156 1454 2234 Deus,
1475 2156 1569 2221 ouius
1586 2154 1752 2238 proprium
1773 2165 1823 2218 est
1840 2151 1983 2218 occultos
1999 2149 2106 2217 cordis
2119 2171 2223 2216 reces-

226 2245 254 2304 et
266 2240 475 2322 precationem
503 2240 590 2307 idem
620 2244 800 2326 significet:
825 2245 883 2311 sed
906 2268 970 2312 vox
994 2247 1145 2313 clamoris
1167 2260 1201 2311 et
1252 2265 1309 2309 sus
1321 2250 1481 2309 excutere.
1505 2242 1648 2324 Tempus
1667 2240 1768 2305 noetis
1781 2241 1813 2303 in
1827 2237 1889 2303 Dei
1911 2237 2099 2303 visitatione
2111 2237 2220 2320 expri-

226 2325 370 2390 eiusdem
378 2328 560 2393 sententiae
568 2330 715 2411 repetitio
723 2329 763 2395 ad
772 2331 1014 2397 vehementiam
1024 2331 1200 2396 notandam
1253 2331 1321 2408 mit,
1345 2328 1423 2411 quia
1445 2327 1500 2392 ubi
1523 2328 1596 2409 quie
1618 2323 1796 2391 subductus
1819 2337 1868 2388 est
1890 2323 1930 2388 ab
1954 2323 2122 2387 hominum
2146 2343 2222 2390 oeu-

225 2411 346 2476 valent.
380 2412 485 2477 Porro
508 2414 585 2496 quia
607 2414 799 2498 hypocritae
817 2439 852 2482 se
875 2419 1048 2501 magnifiee
1069 2418 1200 2496 iactant,
1224 2450 1228 2531 p
1252 2415 1302 2490 lis,
1332 2414 1452 2479 alarius
1481 2413 1570 2478 videt
1592 2432 1674 2496 quee
1696 2410 1814 2493 alioqui
1836 2410 1975 2475 laterent
1997 2409 2094 2473 vitia:
2125 2409 2223 2474 sicuti

225 2509 257 2561 et
288 2497 323 2561 in
353 2497 491 2564 fiduciae
519 2501 649 2582 signum
680 2521 792 2566 vocem
821 2503 1021 2568 tumultuose
1050 2504 1201 2582 efferunt,
1225 2554 1228 2567 ,
1253 2521 1384 2564 rursum
1420 2500 1590 2564 hominnm
1623 2506 1816 2579 conspectus
1845 2495 1967 2579 pudore
1997 2494 2079 2559 vitia
2108 2501 2223 2560 nostra

225 2591 324 2667 negat
336 2582 445 2647 David
465 2605 500 2648 se
518 2584 628 2650 dolose
645 2584 743 2666 loqui,
765 2586 826 2652 hoc
845 2598 896 2651 est
907 2587 1014 2652 fumos
1025 2587 1201 2652 obtendere
1225 2574 1228 2621 ἕ
1254 2585 1404 2650 obducit:
1427 2606 1465 2650 ac
1487 2585 1515 2651 si
1539 2583 1690 2649 dixisset:
1715 2581 1867 2661 Domine,
1890 2601 1991 2665 quum
2006 2579 2110 2646 noetis
2133 2591 2224 2644 tene·

225 2667 376 2751 tegendis
405 2669 473 2731 suis
504 2667 639 2749 deliotis,
668 2669 724 2733 sed
752 2671 896 2753 ingenue
918 2671 1048 2755 prodire
1070 2674 1105 2736 in
1127 2695 1201 2738 eon·
1254 2671 1330 2735 brae
1352 2669 1585 2735 conscientiam
1608 2667 1744 2734 sublatis
1766 2667 2000 2752 integumentis
2020 2667 2128 2749 magis
2150 2686 2224 2748 epe·

226 2762 375 2835 spectum
409 2753 481 2816 Dei.
526 2753 616 2836 Ergo
651 2753 709 2818 hae
742 2755 896 2836 precandi
929 2758 1034 2822 iorma
1066 2758 1202 2840 spiritus
1253 2757 1350 2832 riant,
1394 2765 1428 2820 et
1468 2764 1546 2819 tuno
1585 2755 1657 2820 sine
1696 2752 1835 2819 testibus
1871 2765 1903 2817 et
1930 2751 2061 2816 arbitris
2088 2750 2224 2817 liberius

226 2846 359 2902 sanetus
389 2855 448 2900 nos
477 2835 518 2899 ad
547 2837 693 2902 studium
716 2848 803 2905 recte
826 2841 959 2907 vivendi
981 2842 1135 2922 instituit,
1164 2851 1202 2909 ut
1253 2862 1289 2906 se
1317 2841 1486 2925 proferant
1513 2840 1659 2918 affectus,
1689 2842 1716 2905 si
1745 2860 1782 2904 eo
1811 2839 1948 2903 articulo
1970 2858 2022 2901 me
2045 2839 2223 2918 examines,

226 2922 332 3001 siqui
355 2919 449 2985 nobis
471 2921 591 2986 infensi
621 2923 697 2999 sint,
726 2924 860 3008 gloriari
893 2927 989 2993 liceat
1018 2948 1078 2993 nos
1107 2938 1201 2993 extra
1254 2926 1337 2991 nihil
1360 2927 1394 2990 in
1418 2924 1513 2991 corde
1536 2946 1607 2990 meo
1625 2925 1806 3007 reperietur
1824 2923 1987 3007 perfidiae.
2027 2923 2118 2988 Hine
2136 2922 2224 2988 colii·

226 3005 359 3086 eulpam
378 3025 457 3070 esse.
481 3006 608 3072 Deinde
623 3009 751 3091 quoties
765 3011 904 3094 improbi
924 3035 982 3079 nos
999 3027 1199 3097 oppugnant,
1253 3012 1360 3095 gimns
1378 3023 1503 3095 quanta
1520 3011 1619 3076 fuerit
1637 3011 1775 3077 Doridis
1792 3011 1973 3090 sinceritas,
1991 3009 2046 3091 qui
2064 3008 2222 3091 seipsum

227 3090 315 3188 idem
348 3090 483 3172 spiritus
517 3091 558 3156 ad
591 3094 788 3176 preeandum
819 3117 879 3162 nos
907 3099 1044 3164 invitat:
1074 3100 1200 3183 quiesi
1253 3099 1340 3163 intus
1362 3098 1526 3180 colligens,
1550 3107 1615 3162 tam
1640 3095 1800 3180 intrepide
1822 3117 1857 3160 se
1879 3095 1943 3160 Dei
1965 3093 2085 3161 iudicio
2109 3093 2223 3178 expio·

227 3197 300 3259 qms
333 3177 437 3240 bonae
470 3178 688 3245 eonscientiae
722 3183 907 3250 testimonio
940 3185 1043 3251 fretus
1087 3207 1200 3268 preces
1251 3183 1391 3248 randum
1412 3183 1584 3266 permittit.
1625 3183 1694 3249 Neo
1717 3203 1794 3247 vero
1816 3203 1851 3247 se
1872 3182 1913 3247 ab
1930 3180 2076 3246 externis
2094 3191 2223 3246 tantum

227 3261 382 3360 negligat,
407 3261 513 3325 Deum
542 3263 672 3329 fraudat
702 3265 849 3350 legitimo
872 3292 932 3334 suo
955 3270 1087 3350 honore,
1115 3271 1199 3337 iudi·
1251 3269 1442 3335 criminibus
1470 3278 1599 3353 purgat,
1627 3269 1684 3333 sed
1710 3269 1809 3333 etiam
1837 3267 1878 3331 ab
1906 3267 1994 3331 omni
2016 3264 2225 3332 clandestina

228 3347 325 3412 eandr
347 3368 466 3410 munus
489 3347 518 3410 ei
538 3371 603 3413 non
627 3348 784 3418 deferens.
824 3353 998 3421 Diseamus
1020 3370 1197 3439 praeterea,
1252 3355 1393 3421 malitia:
1423 3356 1506 3436 quod
1536 3354 1659 3420 scilieet
1681 3356 1824 3439 ingenue
1847 3373 1981 3434 praese
2004 3351 2119 3416 tulerit
2139 3372 2225 3436 quae

228 3433 284 3496 ubi
308 3429 347 3493 ad
366 3431 475 3495 Deum
497 3433 687 3514 secedimus,
711 3437 817 3502 fucose
839 3439 1001 3522 agendum
1025 3462 1089 3505 non
1109 3465 1197 3509 esse:
1251 3439 1396 3525 agitabat
1424 3441 1459 3504 in
1493 3441 1611 3506 animo.
1657 3440 1740 3504 Nam
1763 3440 1907 3521 cogitare
1930 3447 2079 3503 nostrum
2104 3436 2226 3503 dieitur

229 3518 307 3599 quia
329 3524 406 3612 tota·
418 3515 597 3612 rhetoricae
620 3531 750 3586 nostrae
771 3524 878 3605 gratia
899 3545 1007 3589 coram
1019 3526 1091 3591 Dee
1109 3549 1199 3593 mere
1251 3548 1287 3592 os
1308 3527 1496 3609 tronspredi,
1518 3547 1617 3608 quum
1640 3526 1772 3591 fallendi
1795 3543 1894 3588 eausa
1915 3522 2003 3588 aliud
2021 3533 2132 3587 versat
2152 3525 2225 3587 ani·

229 3615 279 3667 est
299 3599 500 3683 Simplwltafl·
1251 3632 1335 3691 mus,
1359 3632 1457 3693 quem
1467 3612 1581 3695 lingua
1592 3611 1743 3691 affirmet,
1766 3630 1952 3693 quanqnom
1965 3623 2038 3692 nm
2063 3619 2173 3692 potest
2191 3611 2228 3673 in

315 3686 345 3750 2.
369 3685 417 3769 (A
441 3691 623 3784 praesentio
656 3693 760 3757 cultas
792 3690 861 3777 tet.)
908 3693 960 3758 Ad
983 3695 1118 3759 verbum
1142 3713 1206 3762 est:
1250 3696 1370 3760 melam
1409 3708 1535 3778 partem
1570 3699 1670 3778 aecrpi
1707 3719 1765 3780 pro
1798 3696 1952 3778 captiosis
1985 3715 2018 3760 ee
2052 3693 2227 3761 fallacibus

231 3772 284 3837 Ab
308 3782 383 3836 anto
407 3771 522 3836 iaerem
546 3786 645 3850 tuam,
668 3777 721 3842 vel
745 3776 863 3842 Coram
886 3779 967 3846 faeie
990 3790 1064 3844 tua:
1091 3781 1208 3862 quibus
1250 3780 1405 3845 consiliis.

232 3855 344 3921 verbis
366 3856 523 3942 intelligit
545 3859 666 3940 David,
696 3863 757 3926 nisi
781 3862 871 3929 Deus
893 3875 1050 3947 exsurgat
1073 3864 1206 3942 vindex,
1335 3867 1366 3929 4.
1394 3864 1462 3949 (Art
1490 3866 1575 3946 facte
1604 3866 1786 3955 bominem.)
1841 3864 1941 3932 Varie
1971 3867 2060 3932 hunc
2089 3887 2225 3932 versum

231 3945 284 4006 ius
317 3962 414 4005 suum
454 3943 628 4010 calumniis
658 3949 810 4013 obrutum
853 3949 967 4025 latere,
1009 3970 1108 4031 seque
1148 3972 1207 4034 pro
1250 3961 1419 4032 exponunt
1450 3950 1655 4031 interpretes.
1700 3948 1842 4030 Quidam
1864 3954 1953 4019 enim
1976 3969 2004 4035 3
2024 3973 2083 4036 pro
2105 3962 2226 4018 contra

230 4026 384 4091 damnato
403 4026 527 4093 haberi.
560 4030 672 4096 'Paoite
693 4032 780 4096 enim
802 4034 1043 4100 mendaciorum
1064 4034 1206 4099 tenebris
1250 4036 1335 4098 sumi
1364 4044 1527 4115 putantes,
1559 4045 1706 4097 vertunt:
1742 4038 1781 4100 ad
1811 4037 1897 4103 iaota
1924 4038 2105 4116 hominum,
2136 4058 2226 4122 quae

230 4112 408 4194 opponitur
431 4113 493 4177 Dei
517 4115 680 4200 cognitio:
703 4137 740 4182 ac
762 4116 790 4180 si
809 4117 944 4183 dixisset
965 4141 1000 4184 se
1022 4118 1206 4183 uenalium
1248 4131 1362 4183 contra
1382 4118 1515 4183 verbum
1536 4130 1625 4181 tuum
1646 4130 1851 4202 perpetrant:
1869 4125 1925 4188 sed
1944 4146 2005 4207 ogo
2023 4124 2096 4189 aliis
2111 4125 2226 4206 potius

230 4207 384 4278 expetere
407 4195 549 4263 iudicem
571 4222 669 4281 quam
693 4202 811 4278 Deum,
839 4225 897 4266 neo
919 4204 1030 4286 iugero
1053 4204 1125 4267 eius
1148 4207 1205 4268 tri·
1249 4205 1418 4282 assentior,
1448 4206 1502 4284 qni
1534 4202 1587 4267 hie
1616 4218 1737 4270 rectum
1768 4208 1923 4274 iudicium
1948 4209 2073 4274 laudari
2096 4209 2226 4288 dieunt,

177 4295 183 4306 '
231 4281 342 4358 huual,
367 4283 442 4365 quie
465 4293 497 4345 et
519 4304 574 4349 eor
597 4306 717 4366 purum
740 4296 772 4349 ot
795 4284 911 4350 bouem
929 4309 1061 4353 euusem
1080 4289 1204 4354 efferat.
1249 4288 1334 4370 quod
1373 4288 1412 4350 ed
1451 4288 1684 4369 praescriptum
1714 4293 1804 4357 vorbi
1834 4295 1896 4358 Dei
1925 4297 2076 4379 exigitur.
2130 4295 2226 4361 Sunt

230 4368 356 4436 Eodem
390 4379 517 4449 spectat
555 4369 639 4450 quod
679 4390 758 4432 mox
799 4370 929 4436 subiicit
967 4371 1007 4436 de
1041 4372 1204 4455 adspectu.
1248 4374 1336 4435 enim
1360 4373 1415 4453 qni
1438 4372 1571 4435 solertia
1594 4375 1739 4454 praediti,
1763 4378 1876 4444 sedulo
1894 4381 2023 4462 quidem
2042 4379 2226 4447 observant

232 4455 347 4536 Neque
370 4453 458 4517 enim
471 4454 579 4519 Deum
601 4455 768 4520 caeeitetie
790 4455 973 4520 insimulat:
996 4455 1053 4522 sed
1076 4465 1204 4521 tentum
1247 4457 1334 4520 faeta
1356 4456 1535 4534 bominum,
1559 4457 1613 4520 sed
1634 4481 1696 4523 non
1715 4464 1896 4529 seeundum
1916 4466 2051 4531 verbum
2071 4467 2224 4531 Domini.

231 4550 384 4626 precatur
407 4549 442 4604 ut
464 4539 593 4621 reipsa
614 4539 773 4617 ostendat,
807 4540 941 4605 minime
969 4563 1004 4606 se
1032 4543 1205 4605 connivere
1247 4540 1403 4604 Nondum
1425 4550 1535 4604 tamen
1558 4542 1687 4623 plenum
1710 4546 1807 4613 huius
1826 4550 1887 4615 loci
1906 4572 2039 4616 sensum
2054 4564 2224 4618 tenemus.

233 4627 273 4693 ad
307 4624 477 4689 hominum
510 4624 650 4699 seelera,
690 4623 741 4688 vel
782 4645 900 4706 susque
938 4624 1042 4708 deque
1085 4625 1204 4690 hebere
1247 4623 1353 4690 adhue
1374 4625 1462 4689 enim
1485 4624 1657 4692 videndum
1681 4643 1730 4696 ost
1748 4656 1904 4716 quasnam
1923 4638 1995 4702 eius
2012 4637 2100 4702 dieat
2121 4640 2224 4705 dissi-

233 4714 371 4776 miseros
400 4711 550 4774 homines
578 4709 631 4789 qui
663 4718 789 4789 praeter
819 4709 973 4773 meritum
1002 4709 1087 4773 male
1120 4722 1202 4774 trec·
1243 4710 1376 4789 peioris
1428 4708 1567 4774 Videtur
1599 4715 1790 4796 quibusdem
1823 4742 1898 4785 suos
1931 4723 2060 4788 sodales
2094 4739 2224 4806 notare,

235 4811 357 4864 tantur.
401 4796 518 4861 Iudicii
549 4815 665 4857 nomen
697 4793 829 4874 quidam
856 4795 953 4858 nimis
975 4795 1123 4858 restricte
1147 4816 1204 4874 pro
1247 4794 1303 4874 qui
1332 4793 1441 4857 statim
1465 4794 1503 4856 ed
1527 4800 1655 4879 rapinas
1690 4804 1889 4882 praedonum
1919 4829 2011 4873 more
2041 4810 2215 4876 volassent

234 4888 304 4950 iure
327 4884 420 4967 regui
443 4879 593 4965 promissi
615 4877 787 4959 accipiunt,
815 4899 852 4942 ee
881 4879 907 4941 si
939 4885 1063 4959 peteret
1084 4898 1119 4942 se
1141 4878 1203 4942 Dei
1247 4877 1309 4940 nisi
1350 4897 1405 4939 eos
1452 4886 1714 4961 compescuisset:
1763 4901 1872 4972 utpote
1918 4894 1975 4974 qni
2018 4895 2057 4958 ad
2101 4863 2226 4961 ultime

234 4990 335 5034 manu
347 4969 380 5032 in
393 4969 474 5035 solio
494 4966 601 5043 locari,
619 4964 695 5045 quie
714 4977 745 5025 et
763 4960 891 5043 abipso
911 4984 969 5025 rex
987 4962 1108 5026 electus
1123 4972 1223 5038 erat·
1248 4961 1379 5033 redacti,
1410 4959 1630 5043 desperatione
1660 4984 1750 5034 orant
1779 4974 1927 5042 audaces.
1976 4977 2108 5046 Scimus
2132 4984 2225 5048 enim

235 5072 268 5122 et
279 5059 349 5119 eius
361 5055 515 5139 auspiciis
526 5073 563 5117 ao
575 5050 706 5115 nomine
722 5068 779 5128 per
794 5068 930 5142 'manum
944 5044 1107 5142 Samuelis
1126 5068 1203 5111 une·
1248 5063 1345 5140 quam
1380 5047 1462 5109 acris
1496 5050 1540 5112 sit
1572 5054 1723 5119 stimulus
1756 5062 1942 5127 necessitas.
1999 5065 2129 5132 Verum
2163 5070 2227 5136 illa

235 5160 296 5209 tus.
320 5140 386 5207 Sed
406 5164 472 5205 non
494 5138 606 5204 dubito
618 5135 694 5217 quin
707 5130 978 5195 multrseevarirs
991 5130 1128 5203 iniuriis,
1147 5151 1202 5211 op·
1248 5139 1346 5190 enam
1375 5133 1532 5211 expositio
1561 5136 1689 5202 videtur
1710 5142 1791 5207 mihi
1813 5156 1940 5212 eoaete:
1974 5152 2087 5233 potius
2110 5155 2227 5238 itaque

236 5248 378 5312 pressus,
406 5229 442 5291 in
471 5225 566 5291 fidem
591 5242 628 5287 ae
654 5217 870 5301 patrocinium
901 5212 963 5277 Dei
993 5234 1027 5277 se
1049 5214 1223 5279 eonferet.v
1247 5210 1287 5274 ad
1321 5211 1431 5280 hostes
1463 5220 1575 5285 refero.
1635 5222 1706 5287 lem
1746 5238 1777 5292 et
1809 5230 1843 5293 in
1878 5233 1976 5300 verbo
2009 5236 2226 5328 observandi,
