4658 5856
163 329 227 395 683
956 318 1174 387 PSALIIUS
1197 318 1366 384 LXXIII.
2098 318 2158 385 684

162 533 369 584 marcescere.
404 509 501 591 Quod
527 511 554 576 si
579 510 731 577 continuo
752 529 851 575 cursu
874 511 956 573 fluat
976 508 1043 574 illis
1065 507 1136 572 leli·
1187 507 1358 591 propheta.
1393 507 1501 574 Simul
1524 515 1635 573 tamen
1654 507 1807 574 admonet
1825 506 1930 573 Deum
1952 507 2001 573 sic
2018 505 2158 589 quotidie

163 603 244 670 citas
265 620 367 682 usque
389 596 431 663 ad
454 605 605 674 mortem,
628 595 688 661 hoc
711 607 823 661 tamon
847 595 928 660 nihil
952 604 1010 670 est,
1034 610 1134 677 quum
1187 594 1331 676 operari,
1365 601 1401 658 ut
1429 596 1522 660 nobis
1550 595 1635 660 iusta
1671 596 1714 660 sit
1750 593 1891 659 mirandi
1920 592 2067 670 occasio,
2100 592 2158 656 nisi

164 705 276 754 eornm
310 685 379 750 vita
412 681 496 748 nihil
528 683 581 749 sit.
636 680 747 761 Quum
782 702 860 765 ergo
894 681 987 745 Deus
1018 679 1136 762 impios
1188 679 1273 745 oculi
1296 681 1454 745 deessent.
1500 681 1572 745 Irno
1595 680 1624 744 si
1655 679 1720 745 fide
1748 681 1875 745 eminus
1903 679 2159 762 prospiceremus

162 793 275 840 omnes
299 769 385 835 male
403 768 564 852 perituros
586 767 785 850 pronuntiet,
808 768 837 831 si
858 775 1003 850 apertam
1023 766 1056 829 in
1075 764 1137 829 hac
1188 764 1308 830 iudicia
1329 765 1408 845 Dei,
1437 765 1519 830 nihil
1551 785 1676 830 novum
1700 766 1751 831 vel
1775 763 1905 831 difficile
1938 763 2068 830 creditu
2089 784 2158 828 eon·

162 861 231 926 vita
252 856 432 922 vindictam
462 853 502 917 de
530 853 596 918 illis
624 853 740 930 sumit,
771 866 920 918 occurrat
948 850 1043 916 nobis
1072 850 1136 916 Dei
1189 852 1345 934 tingeret:
1364 851 1440 934 quia
1458 851 1630 916 admiratio
1649 873 1690 916 ex
1709 851 1854 918 socordia
1871 851 2030 916 nascitur.
2067 847 2159 929 Quod

161 943 328 1010 indicium.
374 940 413 1006 Si
434 947 544 1016 autem
568 937 659 1003 nulla
680 938 763 1003 ultio
787 939 822 1001 in
851 946 938 1003 terra
971 945 1136 1020 appareat,
1189 936 1268 1002 dicit
1289 938 1406 1020 impios
1428 938 1569 1002 courumi
1590 958 1612 1001 o
1633 939 1819 1016 terroribus,
1843 935 2006 1018 duplicem
2029 955 2160 1000 senmrn

160 1037 286 1095 mentes
308 1035 436 1093 nostras
459 1025 656 1108 suspendere
685 1025 858 1090 convenit:
894 1025 970 1106 qnia
992 1020 1137 1088 nondum
1190 1022 1351 1087 admittit:
1385 1023 1437 1089 vel
1460 1022 1546 1106 qnod
1567 1022 1719 1088 fulminet
1741 1023 1834 1088 Deus
1855 1030 1969 1088 contra
1990 1041 2049 1086 coa
2075 1020 2159 1084 inso-

161 1115 298 1181 advenit
319 1112 395 1179 linis
423 1111 477 1175 vel
508 1111 706 1176 novissimus
741 1110 820 1175 dies.
865 1110 1016 1193 Denique
1043 1108 1072 1173 si
1102 1109 1137 1173 in
1189 1108 1259 1173 litis
1281 1107 1405 1187 modis,
1434 1111 1489 1192 qui
1518 1121 1651 1192 propter
1673 1110 1851 1174 novitatem
1881 1106 2092 1173 formidinem
2113 1105 2160 1169 in-

160 1196 403 1267 considerandis
426 1197 490 1260 Dei
512 1196 665 1280 operibus
695 1195 759 1261 rite
792 1197 948 1279 proficere
978 1195 1137 1277 cupimus,
1191 1194 1334 1258 cutiunt:
1355 1194 1405 1259 vel
1426 1195 1510 1277 quod
1529 1194 1629 1274 Deus,
1647 1194 1725 1261 licet
1741 1215 1877 1259 manum
1895 1213 1960 1257 non
1979 1192 2160 1272 admoveat,

161 1287 303 1369 primum
325 1282 492 1367 rogandus
510 1292 560 1348 est
581 1290 618 1346 ut
636 1282 729 1347 nobis
747 1282 875 1364 aperiat
897 1280 1023 1346 oculos:
1047 1280 1138 1366 (quia
1190 1280 1258 1345 solo
1281 1280 1379 1345 flatus
1401 1281 1453 1345 sui
1474 1280 1610 1345 horrore
1632 1282 1802 1346 exanimet
1821 1279 1932 1345 hostes
1953 1299 2049 1357 suos,
2072 1288 2105 1341 et
2129 1277 2160 1339 in

161 1371 244 1437 nihil
268 1368 357 1435 aliud
391 1389 488 1450 quam
518 1368 686 1450 desipiunt
714 1369 770 1451 qui
797 1388 817 1432 a
846 1388 880 1433 se
909 1368 989 1451 ipsis
1021 1365 1138 1431 volunt
1191 1365 1331 1430 nihilum
1367 1367 1509 1449 redigat:
1549 1387 1649 1448 quum
1683 1377 1793 1431 tamen
1826 1386 1937 1432 secure
1980 1362 2159 1446 despiciant

162 1478 231 1523 esse
253 1454 371 1521 oculati
393 1462 426 1518 et
444 1454 646 1536 perspicaces
655 1452 677 1538 z)
701 1453 817 1519 deinde
836 1454 1014 1520 auctoritas
1031 1453 1136 1518 verbo
1191 1452 1301 1516 omnia
1323 1453 1482 1535 pericula,
1511 1471 1548 1516 ac
1570 1452 1599 1516 si
1621 1462 1730 1518 essent
1752 1460 1846 1517 extra
1868 1451 2007 1515 telorum
2031 1450 2160 1522 iactum,

162 1544 231 1609 eius
253 1540 361 1607 danda
384 1548 450 1605 cst.
1191 1547 1224 1600 et
1247 1537 1358 1603 foedus
1381 1538 1539 1603 haberent
1561 1558 1634 1602 cum
1657 1547 1770 1614 morte,
1794 1536 1890 1603 sicuti
1909 1536 2002 1619 prius
2018 1534 2160 1599 vidimus

1191 1641 1265 1688 cnm
1288 1622 1350 1688 hac
1372 1623 1529 1688 iactantia
1547 1625 1783 1706 protervientes
1802 1622 1922 1705 induci,
1944 1620 2033 1702 Quis
2055 1632 2161 1683 noster

247 1712 297 1778 18.
324 1711 409 1778 Certe
432 1712 467 1776 iu
491 1710 623 1777 lubricis
638 1711 778 1792 posuisti
799 1731 858 1795 coc,
883 1711 1009 1776 deiicicc
1030 1730 1082 1775 cos
1104 1711 1140 1775 iu
1191 1708 1356 1774 Dominus
1385 1707 1457 1774 est?
1503 1708 1624 1775 Psalm.
1662 1710 1720 1793 12,
1754 1709 1784 1774 5.
1829 1709 1900 1789 Ego
1937 1720 1978 1770 ut
2018 1705 2161 1788 priorem

160 1799 371 1866 desolatique.
438 1798 487 1862 19.
527 1797 683 1877 Quomodo
720 1799 851 1881 fueraut
890 1798 924 1862 iu
964 1797 1140 1861 castitatem
1192 1815 1324 1859 sensum
1347 1793 1452 1878 magis
1476 1793 1662 1877 amplectar,
1686 1795 1746 1861 hac
1762 1795 1887 1860 ratione
1908 1791 2059 1868 inducor,
2079 1789 2162 1873 qnod

161 1886 254 1969 quasi
276 1882 453 1949 manicata?
483 1884 662 1966 perierunt,
685 1884 861 1965 consumpti
882 1888 955 1948 sum
976 1883 1014 1947 ob
1036 1882 1140 1947 horro-
1192 1880 1300 1959 Deus,
1328 1880 1384 1945 ubi
1407 1902 1466 1947 nos
1488 1881 1568 1946 adeo
1591 1879 1700 1947 tardos
1723 1879 1764 1945 ad
1786 1876 2022 1945 consideranda
2045 1876 2162 1941 indicia

161 1972 261 2036 ribus.
311 1970 363 2034 20.
392 1969 492 2049 Quasi
520 1970 676 2034 somnium
699 1972 773 2049 post
802 1969 1055 2052 expergefactum
1084 1968 1139 2031 ito·
1192 1987 1252 2032 sua
1273 1964 1379 2045 videt,
1411 1977 1447 2030 ut
1470 1974 1631 2050 torporem
1655 1980 1803 2032 nostrum
1833 1965 1990 2048 corrigat,
2022 1961 2161 2029 violenta

161 2058 294 2122 mittem:
326 2055 463 2122 Domine
482 2055 518 2119 iu
539 2056 718 2121 suscitando
743 2055 913 2137 iiuupiucm
944 2074 1052 2119 eorum
1072 2072 1141 2118 con·
1192 2051 1312 2117 indicia
1334 2063 1473 2132 exercet,
1497 2074 1533 2118 ac
1555 2053 1720 2118 inusitatis
1746 2051 1850 2117 modis
1874 2049 2086 2134 persequitur
2105 2051 2160 2111 im·

163 2141 360 2225 temptibilcm
381 2141 501 2208 reddes.
1192 2138 1272 2222 pios,
1297 2159 1334 2204 ac
1357 2140 1384 2203 si
1409 2150 1529 2204 terram
1552 2147 1748 2204 concuteret.

1277 2225 1328 2289 20.
1353 2225 1468 2307 (Quasi
1489 2223 1667 2309 sommium.)
1701 2224 1792 2289 Haec
1814 2220 1992 2287 similitudo
2014 2220 2160 2302 frequen·

250 2312 299 2376 18.
326 2309 431 2396 (Certo
453 2311 487 2375 iu
509 2310 663 2396 lubricis.)
706 2312 776 2378 Iam
800 2312 910 2380 David
939 2312 1037 2377 luctis
1067 2330 1140 2392 per·
1192 2319 1242 2375 ter
1263 2310 1298 2374 in
1322 2312 1483 2393 scriptura
1505 2311 1655 2390 occurrit,
1678 2311 1774 2376 sicuti
1796 2308 1918 2374 Iesaias
1941 2307 1994 2383 29,
2013 2306 2032 2368 ‘I
2053 2305 2160 2369 hostes

164 2402 305 2475 functus,
328 2397 421 2480 quasi
447 2418 554 2463 novus
575 2397 673 2463 homo
696 2419 767 2464 esse
789 2399 919 2482 incipit:
955 2406 988 2462 ot
1010 2416 1140 2478 compo·
1193 2397 1346 2463 ecclesiae
1369 2396 1492 2461 similes
1514 2398 1583 2461 fore
1606 2394 1686 2461 dicit
1717 2405 1893 2461 nocturnae
1923 2391 2053 2459 visioni.
2098 2388 2161 2454 Sed

167 2486 228 2553 sito
252 2483 513 2567 loquiturquasi
537 2483 668 2548 exalta
696 2485 845 2567 specula,
873 2485 971 2550 sicuti
998 2482 1060 2547 hcc
1090 2502 1138 2545 rc·
1194 2482 1274 2547 alios
1295 2483 1383 2548 locos
1406 2482 1564 2548 adducere
1595 2483 1729 2566 longum
1751 2490 1853 2559 esset,
1883 2486 1979 2561 atque
2006 2496 2159 2559 superva-

164 2570 308 2637 medium
334 2569 369 2634 in
398 2568 496 2633 rebus
524 2570 663 2634 turbatis
691 2570 849 2652 propheta
879 2570 1035 2634 Habacuo
1057 2567 1137 2645 2,1
1193 2589 1300 2632 cuum.
1346 2568 1524 2648 Aptissime
1547 2578 1657 2633 autem
1679 2567 1832 2634 convenit
1861 2565 1902 2630 ad
1930 2564 2038 2628 locum
2070 2580 2159 2644 prae·

164 2679 223 2722 suo
246 2654 396 2737 exemplo
418 2652 512 2718 nobis
536 2655 743 2736 praescribit,
768 2653 993 2731 noscendam,
1023 2652 1140 2735 inquit,
1193 2663 1328 2717 sentem.
1373 2653 1469 2719 Unde
1492 2656 1577 2719 enirn
1602 2663 1693 2719 tanta
1723 2655 1871 2718 l'crtunae
1898 2651 2077 2732 impiorum
2107 2645 2160 2711 ad·

164 2763 262 2825 super
283 2740 449 2823 speculam
472 2758 588 2802 meam.
629 2737 785 2804 Ostendit
807 2760 884 2822 ergo
908 2737 1017 2803 David
1038 2757 1141 2819 quan·
1193 2739 1339 2817 miratio,
1369 2738 1433 2803 nisi
1464 2739 1540 2822 quia
1568 2761 1664 2823 sopor
1692 2746 1819 2805 mentes
1849 2743 1976 2801 nostras
2003 2730 2159 2815 occupat?

165 2839 235 2892 tum
258 2826 360 2907 prosit
382 2823 454 2888 Deo
476 2823 743 2906 appropinquare.
790 2822 903 2904 Video,
925 2824 1048 2906 inquit,
1071 2822 1139 2886 Do·
1194 2824 1332 2906 donique
1354 2842 1420 2887 non
1443 2845 1537 2892 secus
1559 2826 1715 2908 fingimus
1738 2825 1849 2890 beatos
1875 2842 1946 2888 esse
1974 2841 2013 2885 ac
2040 2818 2160 2897 felices

165 2913 263 2988 mine,
290 2908 367 2995 quid
390 2929 477 2993 agas,
500 2911 649 2990 quamvis
668 2910 755 2974 enim
773 2908 939 2993 paulisper
957 2908 1139 2975 subsistant
1194 2929 1291 2991 quam
1314 2908 1506 2976 somniando
1528 2909 1724 2976 fabricamus
1752 2930 1854 2994 regna
1883 2927 1965 2990 quae
1992 2923 2159 2986 nunqnam

165 2998 275 3081 impii,
305 2995 486 3061 inlubrico
510 3005 619 3058 tamon
643 2996 825 3079 agitantur,
849 3006 886 3059 ut
908 2996 999 3062 brevi
1030 2995 1137 3060 conci·
1192 2996 1333 3060 fuerunt.
1385 2995 1470 3060 Nam
1500 2997 1554 3081 qui
1584 2998 1685 3063 verbo
1715 2996 1778 3061 Dei
1808 2993 1984 3059 illuminati
2012 2989 2160 3074 vigilant,

165 3085 255 3150 dant.
300 3081 486 3164 Utrumque
516 3081 654 3146 verbum
684 3080 853 3164 praeteriti
885 3081 1042 3164 temporis
1070 3089 1137 3144 est:
1192 3083 1342 3164 quamvis
1364 3089 1440 3146 ante
1463 3103 1576 3149 eorum
1599 3084 1708 3149 oculos
1732 3079 1926 3166 splendeant
1948 3077 2057 3158 impii:
2087 3095 2160 3141 con·

165 3169 222 3235 sed
241 3189 361 3253 ponere
380 3166 567 3245 inlubrico,
592 3165 631 3232 de
648 3167 814 3250 praesenti
833 3180 978 3250 tempore
996 3166 1136 3248 capitur:
1191 3167 1293 3233 trario
1316 3167 1499 3251 splendore,
1518 3170 1574 3252 qui
1592 3168 1690 3253 longe
1708 3175 1851 3252 superat,
1869 3165 2063 3231 retinentur.
2095 3159 2160 3224 Nos

166 3277 202 3321 ac
217 3256 245 3320 si
268 3253 389 3320 diceret
403 3251 475 3317 ideo
490 3252 613 3335 raptari
630 3253 664 3316 in
678 3252 818 3318 sublime
837 3260 874 3316 ut
891 3274 968 3318 casu
987 3253 1138 3337 graviore
1191 3275 1268 3337 ergo
1292 3256 1508 3337 expergefieri
1530 3257 1690 3339 propheta
1712 3255 1816 3332 iubet,
1845 3260 1881 3316 ut
1910 3258 2067 3333 apparent
2096 3267 2159 3310 me·

165 3349 271 3406 ruant.
316 3338 388 3403 Hoc
411 3338 543 3420 quidem
566 3337 698 3403 uidetur
721 3340 820 3402 otiam
851 3339 944 3403 bonis
966 3357 1137 3403 commune
1190 3361 1261 3405 ram
1283 3341 1464 3404 vanitatem
1489 3363 1559 3407 esse
1582 3339 1738 3424 quidquid
1756 3338 1951 3420 suspicimus
1968 3336 2004 3399 in
2023 3330 2159 3398 mundo:

166 3446 253 3502 esse,
286 3425 364 3506 quia
386 3431 474 3487 totus
496 3422 640 3487 mundus
662 3423 807 3488 lubricus
830 3431 893 3488 est:
929 3422 986 3488 sed
1013 3424 1090 3507 quia
1120 3444 1137 3486 c
1190 3424 1286 3492 sicuti
1309 3424 1378 3507 ipse
1397 3446 1484 3491 nunc
1502 3426 1633 3493 rediens
1652 3426 1693 3491 ad
1711 3445 1826 3491 sanam
1846 3432 1997 3503 mentem,
2016 3440 2051 3484 se
2071 3419 2160 3502 priua

166 3510 254 3576 coelo
276 3507 421 3590 pendent
444 3506 569 3586 fideles,
599 3510 664 3572 imo
683 3507 812 3574 fundati
835 3518 912 3574 snnt
930 3510 964 3573 in
986 3508 1049 3574 Dei
1073 3509 1138 3574 vir·
1190 3510 1369 3578 somniasse
1403 3529 1440 3575 ac
1474 3513 1629 3579 delirasse
1662 3510 1819 3596 agnoscit.
1875 3509 1983 3573 Causa
2016 3504 2159 3577 additur,

166 3604 244 3674 tute,
267 3592 447 3676 quamlibet
468 3594 535 3658 sint
557 3592 700 3677 fragiles,
724 3602 758 3659 et
779 3596 905 3660 incerta
927 3616 1039 3660 eorum
1062 3614 1137 3659 con·
1190 3596 1267 3681 quia
1295 3595 1388 3660 Deus
1415 3596 1584 3680 imaginem
1611 3619 1718 3663 corum
1744 3592 1994 3678 commutabilem
2024 3600 2057 3656 et
2088 3609 2159 3672 pro·

167 3681 262 3761 ditio,
290 3701 357 3744 non
379 3677 534 3745 dicuntur
555 3678 590 3743 in
614 3679 738 3744 lubrico
759 3688 857 3745 stare.
904 3679 1000 3760 Quod
1023 3680 1051 3745 si
1074 3701 1136 3743 nu·
1190 3684 1320 3748 brocam
1352 3681 1465 3746 reddet.
1509 3684 1582 3749 Hac
1616 3695 1726 3750 antem
1759 3703 1837 3750 voce
1870 3696 2057 3763 perperam,
2091 3694 2160 3739 meo

166 3775 249 3845 tent,
272 3765 325 3832 vel
348 3765 446 3829 etiarn
468 3764 639 3841 labantur,
663 3765 826 3831 Dominus
847 3766 1016 3849 supposita
1037 3785 1137 3829 manu
1190 3767 1324 3844 iudicio,
1354 3765 1485 3848 quidam
1507 3769 1697 3854 intelligunt
1726 3769 1870 3835 animam
1898 3762 2055 3840 hominis,
2086 3761 2161 3843 quia

166 3860 320 3917 nutantes
349 3851 537 3928 confirmat,
567 3861 600 3915 et
625 3850 731 3934 lapsos
756 3852 862 3935 erigit.
914 3851 997 3917 Inde
1025 3859 1138 3916 autem
1190 3855 1330 3919 formata
1362 3852 1406 3917 sit
1437 3853 1479 3917 ad
1512 3855 1578 3919 Dei
1610 3855 1805 3940 imaginem:
1839 3872 1938 3937 quum
1970 3847 2160 3931 simpliciter

167 3937 335 4002 lubricitas
358 3935 553 4020 impiorum,
575 3935 659 4019 quod
682 3936 718 4000 in
740 3957 799 4002 sua
820 3939 968 4022 potentia
988 3937 1080 4020 quasi
1103 3936 1138 4000 in
1190 3948 1360 4005 externam
1382 3958 1533 4022 pompam
1558 3940 1703 4006 derideat
1732 3938 1907 4025 propheta,
1937 3942 2021 4019 quae
2049 3931 2160 3998 oculos

168 4023 271 4107 glacie
292 4020 408 4104 pedem
430 4023 546 4106 figunt,
569 4042 667 4106 seque
689 4043 811 4089 vesana
829 4022 968 4089 elatione
986 4022 1028 4088 ad
1044 4042 1137 4106 prae·
1190 4024 1416 4109 perstringens
1439 4026 1524 4090 simu
1546 4027 1679 4110 effugit:
1709 4022 1983 4109 quemadmodum
2010 4027 2046 4084 et
2062 4017 2158 4083 Psal-

168 4108 314 4191 cipitium
343 4116 542 4190 comparant.
587 4107 702 4192 Neque
732 4110 820 4174 enim
848 4107 1059 4193 imaginanda
1088 4117 1138 4173 est
1189 4133 1242 4176 mo
1265 4108 1317 4186 39,
1335 4111 1353 4173 7
1372 4109 1564 4177 habuimus:
1587 4112 1686 4178 Certe
1703 4113 1737 4176 in
1756 4111 1897 4191 imagine
1915 4105 2034 4172 transit
2051 4104 2158 4177 homo,

168 4193 262 4258 nobis
284 4192 434 4256 fortuma
465 4203 550 4274 rota,
578 4214 660 4278 quae
686 4201 808 4260 temere
837 4195 947 4259 omnia
974 4192 1137 4259 volvendo
1189 4197 1275 4280 quod
1298 4194 1493 4261 tantundem
1517 4197 1605 4262 valet
1626 4217 1663 4263 ac
1696 4198 1798 4263 flucre
1824 4197 1929 4260 instar
1957 4211 2078 4274 aquae,
2108 4190 2158 4256 cui

168 4278 320 4344 misceat:
343 4276 401 4342 scd
423 4277 600 4345 tenendum
622 4279 686 4345 Dei
708 4281 878 4346 consilinm
895 4277 982 4363 quod
1003 4280 1138 4363 attingit
1189 4282 1282 4347 nulla
1304 4281 1390 4347 inest
1412 4281 1574 4349 soliditas:
1597 4285 1649 4349 vel
1666 4284 1777 4367 potins
1795 4283 1900 4348 instar
1918 4280 2053 4363 figurae,
2075 4296 2159 4359 quae

168 4363 345 4447 propheta,
374 4373 407 4428 et
429 4364 512 4445 quod
535 4365 598 4449 piis
621 4364 773 4431 omnibus
795 4366 875 4432 dicit
896 4366 930 4430 in
951 4366 1137 4431 sanctuario
1189 4368 1224 4432 in
1243 4367 1375 4450 speculo
1394 4366 1558 4450 refulgens
1575 4369 1760 4435 substantia
1781 4377 1891 4433 tamen
1913 4374 2010 4429 caret
2046 4361 2159 4442 Imago

169 4448 334 4532 patefieri,
366 4468 483 4531 nempe
513 4451 639 4516 occulta
665 4450 732 4516 Dei
760 4450 966 4535 providentia
1002 4450 1135 4533 impelli.
1188 4451 1532 4537 igitnrhicsignificat
1550 4453 1634 4537 quod
1654 4456 1753 4539 vulgo
1773 4452 1908 4519 dicimus
1923 4451 2158 4533 apparentiam.

169 4534 245 4615 Qua
278 4534 318 4599 de
347 4555 382 4600 re
415 4536 570 4614 lectores,
604 4536 633 4602 si
660 4536 789 4616 volent,
822 4536 954 4603 videant
988 4537 1137 4620 pulcrum
1189 4539 1298 4622 Atque
1321 4540 1366 4603 itu
1394 4537 1523 4621 oblique
1553 4559 1696 4605 errorem
1728 4547 1876 4605 nostrum
1906 4534 2055 4620 coarguit
2083 4554 2160 4615 pro·

171 4618 345 4687 Olandiani
367 4639 499 4686 carmen
521 4618 603 4686 libro
625 4621 729 4703 primo
751 4630 865 4688 contra
885 4623 1054 4689 Rufinum.
1189 4625 1298 4707 pheta,
1316 4623 1393 4707 quia
1411 4621 1451 4686 do
1469 4624 1573 4689 nihilo
1591 4626 1684 4693 nobis
1703 4625 1932 4709 phantasmata
1947 4620 2159 4703 concipimus

257 4707 306 4771 19.
337 4705 509 4790 (Quomodo
535 4705 687 4791 foemam.)
738 4707 831 4775 Haec
869 4707 1040 4775 admiratio
1070 4728 1138 4773 non
1190 4709 1406 4790 Particulaut
1437 4710 1616 4795 nproprie
1638 4711 1799 4796 significat
1821 4709 1860 4773 In
1878 4710 1973 4774 urbe:
2006 4704 2065 4771 sod
2083 4706 2160 4786 quia

192 4812 285 4856 arum
298 4790 338 4856 ad
355 4793 636 4859 confirmationem
654 4794 821 4876 proximae
839 4796 1021 4861 sententiae
1039 4795 1137 4860 valet.
1189 4794 1306 4881 frigide
1329 4794 1391 4860 hoo
1434 4797 1531 4860 'ctum
1544 4804 1638 4873 essct,
1657 4797 1753 4861 multi
1769 4795 1946 4879 prudenter
1963 4789 2158 4857 tantundem

190 4898 256 4977 ‘am
277 4878 557 4977 sicutiutorporem
580 4878 672 4945 nobis
695 4879 838 4961 adeoque
860 4887 1026 4965 stuporem
1043 4879 1139 4945 indu-
1188 4883 1299 4947 valere
1321 4878 1466 4946 indicunt
1484 4889 1579 4965 atque
1596 4895 1733 4980 qap-12,
1756 4879 1841 4966 quod
1860 4882 1957 4945 etiam
1976 4900 2017 4943 ex
2034 4889 2158 4960 puncto

170 4972 215 5029 ort
241 4971 440 5047 prosperitas
473 4964 664 5050 impiorum,
697 4964 745 5029 ita
776 4964 945 5048 inopinata
979 4966 1138 5050 pernicies
1189 4987 1296 5033 cemes
1317 4965 1489 5050 colligitur.
1534 4967 1587 5032 Ita
1609 4967 1801 5033 vertendum
1824 4975 1875 5032 est
1903 4967 1937 5031 iu
1964 4961 2158 5036 ειιοοιιαιιάο,

170 5047 287 5114 melius
310 5069 369 5113 nos
391 5050 620 5135 expergefacit,
642 5058 679 5116 ut
696 5050 862 5134 inquirere
884 5053 955 5135 quis
979 5073 1020 5118 ue
1042 5071 1139 5136 coga-
1188 5053 1251 5117 hoc
1272 5058 1331 5128 eat,
1354 5048 1410 5115 ubi
1432 5053 1625 5118 transierint
1647 5053 1775 5119 somnia
1797 5053 1862 5119 ista
1883 5071 1966 5136 quae
1985 5070 2045 5115 nos
2064 5047 2157 5112 delu-

171 5141 226 5198 tur
248 5133 408 5218 quomodo
434 5137 557 5203 factum
580 5136 623 5202 sit
643 5135 731 5218 qnod
752 5157 865 5203 omnes
887 5073 1045 5220 putabant
1067 5139 1138 5203 fieri
1190 5137 1282 5203 dunt.
1314 5134 1354 5201 Id
1377 5145 1487 5209 autem
1508 5139 1547 5203 fic
1567 5159 1633 5203 non
1656 5137 1750 5203 modo
1772 5158 1873 5221 quum
1896 5137 1989 5202 Dens
2010 5157 2065 5202 res
2087 5143 2157 5200 tur·

171 5239 239 5285 non
260 5240 363 5304 posse.
408 5221 498 5307 Ergo
519 5223 612 5307 quasi
635 5221 675 5289 de
697 5242 733 5289 re
754 5223 935 5290 incredibili
955 5225 1139 5309 interrogat
1189 5223 1283 5289 betas
1306 5221 1341 5286 in
1368 5223 1569 5290 tolerabilem
1600 5223 1746 5290 ordinem
1775 5223 1936 5303 restitnit,
1965 5221 2023 5289 sed
2055 5240 2156 5305 quum
