4658 5856
170 319 233 385 629
961 317 1174 386 PSALMUS
1197 317 1357 385 LXVIII.
2088 322 2154 388 630

169 509 269 575 fuisse
291 507 409 586 Deum,
432 514 470 571 ut
490 507 574 572 inter
596 526 654 572 nos
676 506 817 571 habitet:
839 507 1000 589 quianon
1016 508 1136 592 migra·
1186 507 1330 575 insultus
1362 507 1510 584 sustinet,
1545 529 1609 574 non
1640 507 1733 574 aliter
1762 509 1886 574 servari
1941 520 2024 576 otest
2053 530 2151 592 quam

171 595 217 660 vit
246 594 380 659 anobis
403 591 556 657 Christus
578 601 615 656 ut
636 591 749 674 procul
793 592 975 658 uaereudus
997 594 1049 671 sit,
1079 592 1135 659 sed
1187 594 1263 659 lorti
1292 602 1325 659 ιι
1353 593 1498 659 violenta
1528 594 1722 672 defensione,
1754 593 1862 660 Deum
1890 532 1939 660 ad
1961 596 2152 662 sternendos

170 690 207 745 ιιι
241 679 349 745 omnin
386 678 535 759 impleat,
575 677 746 760 quemadm
791 699 845 743 um
879 679 977 744 etiam
1009 679 1136 745 Paulus
1187 697 1299 745 omnes
1337 680 1454 763 impios
1487 679 1623 746 terribili
1657 679 1802 761 potentia
1835 690 1995 746 armatum
2028 680 2152 748 inducit

169 765 255 842 dicit,
279 763 453 848 taphet,
478 763 528 829 10.
567 762 652 828 Nam
675 771 716 828 et·
729 762 859 830 deitatis
881 785 959 830 suae
980 765 1134 831 virtutem
1186 764 1306 830 David.
1362 764 1448 846 Quia
1484 786 1562 831 vero
1595 765 1729 831 eandem
1763 767 1932 831 continuat
1965 766 2152 849 doctrinam,

168 851 270 917 multo
302 848 430 932 plenius
462 849 495 914 in
526 847 652 915 coelum
680 848 880 917 adscendens
909 852 1066 916 exseruit:
1101 859 1135 916 ot
1186 859 1293 932 potest
1330 850 1487 934 particula
1515 861 1571 951 Ἶκ
1593 851 1717 916 illative
1740 852 1854 933 accipi:
1884 851 2021 935 simplex
2044 863 2152 917 tamen

169 936 318 1021 quamvis
346 933 523 1000 secundom
553 954 685 1000 carnem
714 935 750 999 in
781 942 868 1001 terra
889 956 953 1001 non
978 944 1133 1016 versetur,
1186 937 1359 1001 affirmatio
1380 937 1530 1002 sulficere
1560 937 1628 1002 visa
1656 944 1715 1001 est.
1759 936 1870 1002 Primo
1899 949 2007 1002 autem
2038 950 2153 1003 notan·

167 1043 264 1091 carne
293 1033 405 1087 umen
426 1040 486 1086 sua
507 1027 540 1085 et
561 1021 720 1103 sanguine
741 1021 868 1086 animas
890 1029 1015 1087 nostras
1038 1022 1132 1106 spiri·
1186 1020 1262 1087 dum
1293 1029 1352 1100 est,
1384 1023 1491 1088 vocari
1514 1022 1576 1088 Dei
1607 1023 1716 1087 hostes
1744 1022 1926 1105 quicunque
1949 1023 2010 1106 piis
2033 1024 2153 1088 iniuste

168 1108 300 1175 tualiter
329 1106 449 1190 pascit:
478 1106 553 1187 qnia
581 1125 647 1170 non
676 1106 784 1172 obstat
811 1107 954 1171 locorum
978 1107 1133 1174 distantia
1185 1108 1315 1173 molesti
1353 1119 1445 1174 sunt:
1487 1130 1528 1173 ne
1568 1107 1752 1173 dubitemus
1785 1108 1890 1190 ipsum
1924 1128 2052 1192 semper
2085 1109 2154 1174 iore

167 1194 342 1278 quominus
364 1212 439 1258 caro
460 1192 530 1257 eius
552 1210 629 1256 vere
651 1191 694 1257 sit
715 1190 808 1257 nobis
825 1193 926 1270 cibus,
949 1204 982 1258 et
999 1193 1133 1278 sanguis
1185 1194 1417 1259 intermedium
1440 1193 1480 1258 ad
1503 1214 1561 1259 nos
1584 1192 1730 1259 tuendos.
1765 1191 1872 1273 Quam
1897 1215 1972 1258 vero
1994 1194 2153 1261 sollicitus

167 1281 236 1347 eius
258 1298 335 1345 vere
356 1279 400 1343 sit
422 1286 526 1360 potus.
1012 1328 1019 1343 .
1184 1279 1227 1344 sit
1249 1278 1288 1343 de
1311 1279 1417 1345 salute
1439 1289 1560 1355 nostra,
1585 1279 1635 1344 his
1660 1277 1809 1361 loquendi
1828 1280 1939 1345 formis
1956 1280 2078 1363 optime
2096 1300 2152 1343 ex·

251 1364 301 1430 20.
333 1362 535 1449 (Benedictus
569 1360 682 1447 Deus.)
737 1359 793 1430 Sic
830 1372 990 1447 temperat
1023 1362 1132 1429 David
1184 1365 1344 1447 primitur,
1375 1365 1549 1449 Trotufipet
1578 1364 1668 1430 Deru
1696 1369 1788 1445 eaput
1815 1365 2012 1431 inimieorum
2038 1372 2067 1431 et
2088 1387 2152 1432 cer·

165 1471 249 1536 quae
279 1450 319 1514 de
348 1448 568 1533 singularibus
595 1447 652 1512 Dei
682 1447 813 1514 auxiliis
841 1460 987 1516 recenset
1016 1448 1133 1534 elogia,
1183 1451 1271 1516 tieem
1292 1451 1411 1533 capilli,
1434 1471 1471 1516 ac
1487 1452 1515 1516 si
1534 1450 1655 1517 diceret
1673 1448 1815 1515 letaliter
1832 1449 2055 1516 vulnerandos
2071 1471 2151 1525 esse,

165 1545 203 1602 ut
220 1555 387 1618 nunquam
405 1545 515 1599 tamen
533 1532 575 1598 ab
591 1533 651 1598 hoo
668 1550 765 1617 scopo
782 1533 942 1616 deflectat,
962 1535 1131 1601 ecelesiam
1184 1536 1235 1601 vel
1265 1535 1363 1620 plaga
1384 1536 1568 1614 insanabili,
1598 1536 1781 1618 quicunque
1811 1536 1978 1602 ecclesiam
2009 1536 2073 1601 Dei
2103 1538 2152 1600 in·

165 1630 320 1706 perpetua
333 1621 394 1686 Dei
412 1618 558 1685 custodia
575 1629 609 1682 et
625 1617 809 1685 defensione
827 1628 915 1686 stare
926 1620 1130 1687 incolumem.
1183 1622 1317 1691 festant:
1352 1624 1542 1705 praesertim
1566 1642 1642 1687 vero
1666 1623 1719 1687 ubi
1742 1621 1839 1703 paulo
1869 1631 1942 1704 post·
1965 1621 2071 1687 Deum
2095 1643 2153 1705 per

166 1709 244 1774 Ideo
273 1726 362 1772 nunc
389 1705 475 1781 dicit,
505 1703 704 1770 Benedictus
730 1705 773 1771 sit
796 1703 956 1771 Dominus
978 1706 1130 1789 quotidie.
1184 1707 1303 1772 multas
1324 1718 1451 1791 strages
1472 1717 1622 1772 ruentem
1645 1706 1806 1773 describit.
1857 1760 1860 1768 .

165 1793 215 1859 Ed
246 1791 335 1857 addit
364 1791 502 1858 salutem
530 1790 570 1854 ab
592 1790 848 1870 conparandam
869 1811 943 1857 eom
965 1793 1055 1856 omni
1078 1793 1131 1857 bo·
1267 1792 1319 1857 23.
1342 1792 1449 1877 (Dicit
1480 1792 1662 1876 Dominus.)
1711 1792 1762 1857 Ns
1795 1791 1940 1858 victoriis
1973 1792 2041 1859 suis
2074 1813 2147 1876 pro·

167 1898 281 1945 norum
304 1877 405 1961 copia.
437 1875 585 1940 Verbum
608 1886 722 2029 mni„
745 1876 800 1941 alii
824 1886 958 1943 vertunt
974 1877 1129 1956 onerabit,
1183 1879 1292 1942 lanum
1326 1879 1360 1942 in
1394 1898 1515 1943 morem
1545 1878 1706 1943 laetentur
1734 1877 1918 1955 Israeliten,
1952 1878 2009 1943 sed
2039 1879 2145 1942 Deum

166 1965 221 2030 alii
244 1962 393 2047 portabit,
416 1960 530 2028 sedin
553 1981 587 2025 re
611 1961 678 2025 nihi
710 1973 761 2028 est
778 1962 981 2029 discriminis.
1015 1963 1131 2045 Itaque
1183 1971 1361 2047 agnoscant
1382 1984 1493 2029 earnm
1516 1974 1674 2042 autorem,
1700 1984 1754 2028 eos
1776 1961 1816 2027 ad
1840 1963 1997 2046 principia
2019 1975 2148 2030 revocat

166 2059 277 2116 tenere
314 2047 470 2124 sufficiat,
510 2046 702 2113 continuum
743 2047 948 2115 liberalitatis
985 2056 1131 2115 tenorem
1183 2048 1301 2130 David,
1324 2060 1419 2132 atque
1441 2049 1538 2115 etiam
1562 2058 1598 2113 ut
1619 2047 1782 2114 confident
1803 2070 1837 2113 se
1860 2049 1929 2113 eius
1951 2051 2057 2132 gratia
2076 2070 2147 2132 per·

165 2134 314 2202 fidelibus
336 2133 497 2217 promitti:
521 2151 558 2196 ac
580 2130 608 2196 ei
631 2132 751 2200 diceret
773 2132 883 2199 David
905 2154 1072 2217 nunquam
1096 2134 1130 2198 in
1183 2143 1281 2216 petuo
1311 2136 1378 2200 lore
1407 2135 1525 2213 salvos,
1554 2145 1684 2200 revocat
1713 2135 1748 2198 in
1778 2135 1965 2198 memoriam
1991 2134 2149 2216 quomodo

165 2242 263 2288 eursu
287 2218 518 2285 beneficentiae
540 2238 618 2282 suae
636 2218 691 2283 lati
717 2219 765 2284 ari
784 2219 863 2302 quin
883 2220 976 2285 novis
994 2219 1130 2286 subinde
1183 2220 1292 2284 statim
1322 2221 1387 2284 iam
1414 2241 1433 2285 a
1456 2222 1560 2302 prima
1583 2220 1709 2304 origine
1731 2220 1822 2302 quasi
1846 2242 1885 2283 ex
1909 2219 2021 2284 inferis
2045 2240 2148 2284 emer·

165 2309 258 2372 bonis
286 2305 442 2389 populum
476 2322 572 2368 suum
601 2242 754 2372 cumulet.
805 2304 905 2369 Forte
933 2306 1032 2370 etiam
1062 2326 1129 2370 em·
1182 2306 1284 2370 serint
1307 2326 1418 2371 eorum
1437 2315 1545 2389 patres
1564 2307 1624 2370 Dei
1646 2326 1743 2370 manu
1763 2305 1905 2370 victrice.
1941 2305 2148 2370 Tantundem

165 2393 291 2476 phatioe
319 2391 424 2472 posita
454 2398 503 2454 est
525 2389 620 2454 litera
640 2408 679 2474 ῃ,
709 2410 791 2474 quae
813 2411 908 2474 saepe
930 2390 1130 2456 demonstra·
1182 2391 1268 2456 enim
1291 2390 1379 2456 valet
1401 2390 1481 2456 haee
1503 2392 1665 2456 sententia
1686 2412 1723 2456 ac
1746 2391 1773 2456 si
1796 2390 1949 2455 dixisset:
1978 2390 2053 2455 Non
2077 2391 2150 2456 ideo

164 2480 268 2543 tirum
291 2495 467 2560 pronomen
490 2474 577 2541 valet
599 2480 684 2560 apud
708 2476 891 2541 Hebraeos:
918 2477 1004 2543 acsi
1028 2476 1129 2561 digito
1182 2476 1302 2558 eripuit
1341 2477 1440 2541 semel
1474 2477 1566 2540 Deus
1604 2477 1759 2558 populum
1797 2497 1893 2540 suum
1927 2497 1945 2540 ι
1978 2476 2149 2559 gigantum

163 2562 350 2629 ostenderet
367 2561 484 2638 Deum,
508 2560 560 2627 cui
579 2560 647 2642 pios
665 2562 804 2627 omnesi
831 2562 889 2626 niti
906 2561 1011 2628 docet:
1035 2562 1129 2626 sicuti
1181 2561 1341 2644 manibus,
1371 2571 1405 2626 et
1434 2563 1618 2646 gurgitibus
1648 2561 1746 2626 maris
1775 2561 1875 2637 rubri,
1907 2572 1943 2625 ut
1965 2582 2039 2625 oum
2063 2580 2148 2625 nuno

165 2650 263 2714 etiam
286 2647 435 2730 proximo
453 2667 561 2719 versu.
585 2665 683 2727 quum
702 2647 788 2724 dicit,
807 2583 889 2732 ζκη
905 2647 992 2712 nodis
1008 2653 1052 2713 cst
1069 2649 1129 2732 ἡκ,
1182 2648 1216 2711 in
1238 2646 1397 2713 similibus
1419 2647 1572 2729 periculis
1590 2647 1731 2712 deserat:
1755 2645 1811 2712 esd
1830 2648 1956 2729 quoties
1973 2647 2020 2711 ita
2039 2647 2149 2711 tulerit

165 2754 231 2800 non
249 2733 379 2800 videtur
401 2751 602 2815 supervacuo
624 2753 693 2799 esse
715 2731 959 2798 demonstratio.
1004 2731 1128 2798 Cohae—
1182 2733 1369 2812 necessitas,
1399 2745 1529 2817 praesto
1558 2732 1662 2797 aderit
1692 2733 1855 2798 liberator.
1903 2731 2031 2797 Scimus
2061 2732 2148 2796 enim

165 2828 238 2885 rent
256 2830 363 2884 autem
383 2818 464 2882 istae
481 2819 680 2884 sententiae:
703 2818 779 2901 quia
796 2839 923 2883 summa
939 2819 1002 2883 huo
1017 2818 1129 2895 tendit,
1182 2819 1296 2883 tritum
1319 2818 1406 2883 huno
1428 2819 1593 2902 prophetis
1616 2839 1686 2883 esse
1709 2838 1843 2901 morem,
1875 2819 1999 2900 quoties
2022 2818 2149 2900 magni·

164 2905 274 2970 Deum
304 2903 458 2970 ecclesiae
486 2924 565 2969 suae
594 2914 785 2988 perpetuum
812 2924 883 2968 sese
911 2903 1128 2969 liberatorem.
1183 2906 1241 2970 fios
1266 2904 1421 2968 extollere
1443 2904 1558 2968 volunt
1579 2904 1643 2968 Dei
1665 2905 1814 2987 gratiam,
1844 2902 2075 2983 redemptionis
2099 2903 2147 2966 hi·

165 2992 209 3055 Et
237 2991 312 3073 quia
342 2989 479 3053 nimium
508 2991 663 3055 erraticae
692 2999 769 3057 sunt
799 2988 968 3054 hominum
994 2998 1129 3068 mentes,
1180 2989 1315 3054 storiam
1349 2990 1382 3052 in
1417 2990 1558 3053 medium
1592 2989 1752 3070 proferre:
1786 3000 1821 3052 ut
1854 3010 1894 3053 ex
1929 2989 1999 3070 ipsa
2033 2989 2148 3053 salutis

163 3077 312 3141 fraenum
335 3075 482 3141 inlicitur
502 3074 587 3156 quod
609 3074 669 3140 sub
691 3076 785 3141 unico
806 3083 838 3139 ιι
859 3086 948 3140 ιιιιο
966 3073 1036 3139 Deo
1059 3073 1130 3139 illus
1182 3075 1307 3157 origine
1334 3074 1487 3158 colligant
1519 3073 1639 3156 fideles,
1669 3073 1799 3138 eosdem
1829 3074 1895 3137 fore
1918 3075 1952 3137 in
1982 3085 2147 3155 posterum

163 3162 347 3228 contineat'
381 3159 578 3241 Quanquam
607 3171 718 3224 autem
740 3160 891 3225 omnibus
912 3160 1059 3242 exposita
1081 3170 1130 3224 est
1181 3180 1380 3243 progressus.
1431 3158 1480 3224 Ac
1514 3180 1575 3241 quo
1602 3160 1677 3240 plus
1707 3159 1857 3243 energiae
1885 3158 2005 3223 habeat
2033 3159 2147 3239 oratio,

164 3247 254 3313 salus
287 3246 366 3328 Del,
406 3245 522 3311 merito
555 3256 665 3311 tamen
697 3245 736 3309 ud
769 3245 888 3311 electos
920 3244 1130 3328 restringitur
1181 3246 1287 3309 Deum
1310 3245 1435 3310 inducit
1456 3245 1650 3327 loquentem.
1685 3244 1813 3310 Asserit
1835 3252 1944 3307 nutem
1967 3242 2019 3308 his
2040 3244 2148 3310 verbis

164 3331 370 3416 privilegium
400 3330 471 3409 hoc,
500 3338 537 3396 ut
564 3332 708 3396 sentiant
734 3331 839 3396 ntodis
867 3329 1017 3395 omnibus
1045 3350 1080 3394 ιι
1110 3350 1129 3394 a
1180 3333 1334 3395 virtutem
1366 3339 1398 3395 et
1431 3351 1551 3395 munus
1584 3328 1746 3396 excitandi
1778 3350 1797 3394 a
1825 3338 1929 3393 morte
1961 3329 1995 3393 in
2027 3329 2145 3394 vitam:

165 3418 235 3484 Deo
265 3417 406 3482 servari:
436 3416 510 3498 quio
540 3415 666 3499 reprobi
690 3436 750 3480 sua
771 3415 1006 3500 ingratitudine
1028 3417 1129 3480 vitam
1181 3417 1257 3499 quia
1290 3416 1402 3499 populi
1434 3437 1582 3500 egressus
1615 3436 1657 3479 ex
1691 3416 1771 3479 mari
1802 3417 1914 3495 rubro,
1948 3426 1980 3479 et
2010 3414 2147 3481 victorin

163 3504 199 3567 in
229 3511 365 3568 mortem
396 3509 599 3568 convertunt.
643 3501 712 3568 Neo
741 3499 798 3566 abs
824 3523 859 3567 re
880 3502 996 3567 saluos
1023 3501 1131 3585 posuit
1181 3512 1293 3567 eontra
1316 3501 1482 3568 bellicosos
1504 3502 1663 3585 gigantes,
1685 3502 1843 3584 quaedam
1866 3500 2059 3566 resurrectio
2078 3501 2150 3565 luit.

164 3608 300 3654 numero
324 3586 450 3670 plurali,
479 3601 515 3652 ut
538 3588 687 3664 sciamus,
711 3587 860 3670 quamvis
882 3608 940 3652 nos
963 3585 1131 3651 obsideant
1182 3587 1276 3668 Quod
1299 3588 1353 3652 ulii
1372 3599 1549 3670 exponunt,
1571 3588 1705 3671 Fugabo
1731 3608 1772 3651 ex
1791 3587 1900 3651 Basan
1919 3585 2038 3664 hostes,
2062 3582 2170 3650 stare'

163 3677 355 3739 innumerae
376 3676 507 3752 mortes,
529 3673 721 3739 innumeros
742 3692 868 3755 quoque
889 3671 1040 3737 servandi
1063 3691 1130 3736 mo·
1181 3695 1245 3738 non
1278 3682 1395 3756 potest,
1429 3682 1463 3737 et
1492 3674 1659 3738 contextui
1690 3681 1866 3756 repugnat:
1899 3672 1974 3753 quia
2003 3671 2150 3754 sequitur

164 3759 221 3826 dos
244 3759 315 3824 Deo
337 3779 408 3824 essa
429 3759 465 3822 in
486 3767 646 3841 promptu,
668 3766 706 3822 ιιι
724 3757 819 3823 hodie
841 3759 944 3839 erepti
966 3758 1001 3821 in
1019 3758 1130 3822 orasti·
1181 3759 1334 3824 continno
1357 3767 1438 3841 post,
1461 3757 1628 3823 Reducem
1651 3780 1692 3822 ex
1714 3757 1884 3841 profundis
1908 3757 2015 3822 maris.
2055 3755 2149 3836 Quod

163 3865 243 3910 num
267 3843 348 3909 bene
371 3864 547 3926 speremus.
582 3843 706 3909 Eodem
728 3844 834 3908 refero
854 3844 1015 3926 posterius
1033 3862 1133 3906 mem·
1183 3866 1258 3911 vero
1281 3844 1389 3909 Deum
1419 3845 1571 3927 sanguiue
1596 3844 1758 3909 madidum
1781 3841 1834 3907 vel
1858 3841 2074 3907 rubicundum
2099 3842 2149 3906 in·

164 3933 269 4008 brom,
291 3930 347 3994 ubi
369 3931 404 3993 in
427 3930 561 3995 arbitrio
583 3932 652 3994 eius
674 3949 744 3994 ιιιι
769 3929 861 3994 docet
884 3929 986 3993 exitus
1011 3928 1129 3992 mortis.
1182 3930 1270 3995 ducit
1292 3929 1415 4009 David,
1445 3929 1545 4012 accipi
1572 3949 1638 3993 non
1661 3928 1753 3993 debet
1776 3927 1868 4010 quasi
1892 3928 2021 4011 signum
2045 3929 2152 3993 saevi·

163 4016 248 4081 Nam
278 4015 362 4098 quod
389 4014 444 4079 alii
474 4024 607 4081 vertunt
636 4015 755 4080 Exitus
784 4013 825 4079 ad
855 4024 1008 4096 mortem,
1039 4014 1131 4094 quasi
1183 4017 1257 4091 tiae,
1288 4015 1344 4080 sed
1375 4036 1438 4097 quo
1467 4015 1584 4079 melius
1606 4015 1751 4080 sentiant
1772 4013 1884 4079 fideles
1907 4034 2002 4096 quam
2033 4014 2099 4078 sint
2121 4015 2151 4078 ei

162 4100 324 4185 intelligat
342 4099 451 4165 David
474 4109 658 4185 promptum
676 4108 709 4165 et
730 4099 822 4164 facile
840 4120 911 4166 esse
930 4099 1001 4163 Deo
1021 4098 1131 4164 ulcisci
1182 4102 1248 4166 cari
1278 4109 1309 4164 et
1339 4100 1482 4183 pretiosi,
1513 4099 1590 4164 dnm
1618 4107 1787 4182 tantopere
1818 4119 1876 4181 pro
1910 4119 2023 4164 eorum
2046 4099 2151 4165 salute

163 4196 196 4252 et
213 4185 349 4270 perdere
367 4207 442 4252 suos
461 4185 579 4261 hostes,
605 4185 687 4250 mihi
704 4194 851 4251 coactum
870 4185 1007 4250 videtur.
1037 4183 1131 4249 Alter
1182 4185 1397 4252 excandescit.
1433 4186 1516 4250 Nam
1533 4194 1566 4250 et
1580 4185 1741 4250 Davidem
1757 4185 1863 4268 ipsum
1882 4185 2002 4251 scimus
2017 4186 2151 4250 minime

163 4294 241 4338 vero
270 4291 386 4338 sensus
415 4271 536 4354 optime
564 4271 646 4352 fluit,
675 4270 774 4336 miras
801 4291 871 4337 esse
900 4280 933 4336 et
961 4270 1070 4335 varias
1099 4277 1131 4334 ιι
1183 4273 1367 4337 truculento
1390 4272 1519 4355 ingenio
1539 4272 1655 4336 fuisse:
1678 4270 1733 4335 sed
1753 4290 1853 4353 quum
1869 4290 1951 4352 puro
1970 4280 2003 4335 et
2020 4271 2149 4353 integro

163 4355 368 4424 absconditas
399 4356 644 4433 rationesch
672 4357 787 4439 quibus
815 4377 891 4422 suos
920 4377 939 4420 a
968 4365 1071 4420 morte
1097 4354 1130 4419 in
1183 4357 1291 4423 animo
1321 4356 1519 4439 expenderet
1548 4356 1610 4421 Dei
1638 4355 1771 4434 iudicia,
1806 4355 1913 4438 potuit
1941 4366 2052 4422 sancto
2082 4355 2149 4419 zelo

163 4445 266 4508 vitam
293 4443 423 4509 excitet.
467 4441 593 4507 Definit
622 4442 710 4507 enim
740 4440 898 4524 quomodo
927 4461 1059 4507 suorum
1089 4441 1131 4506 sit
1182 4444 1216 4507 in
1238 4443 1379 4525 pernicio
1402 4443 1611 4526 reproborum
1633 4441 1754 4506 laetari.
1789 4444 1898 4525 Atque
1916 4441 2014 4506 etiam
2034 4452 2148 4505 notan·

162 4529 255 4594 Deus
272 4535 434 4594 servator:
455 4549 520 4592 non
538 4527 623 4610 quod
642 4527 830 4610 praeveniat
848 4547 976 4610 semper
993 4535 1130 4591 mortem
1182 4528 1261 4593 dum
1294 4538 1351 4606 est,
1384 4527 1524 4594 adscribi
1556 4525 1627 4592 Deo
1661 4527 1744 4610 quod
1781 4535 1830 4592 est
1863 4528 1961 4591 totius
1994 4527 2147 4592 ccclesiae

161 4616 277 4696 ipsam,
300 4611 357 4680 sed
380 4613 454 4696 quia
477 4613 532 4679 ubi
554 4634 670 4697 passus
692 4623 742 4678 est
763 4612 999 4696 quodammodo
1021 4610 1130 4676 abeor·
1182 4634 1369 4678 commune:
1410 4614 1504 4680 sicuti
1545 4634 1602 4695 per
1641 4633 1759 4678 manus
1795 4632 1928 4678 suorum
1962 4613 2148 4694 exsequitur

162 4700 243 4778 beri,
266 4704 400 4782 repente
422 4698 477 4763 dat
496 4699 659 4764 mirabiles
681 4698 796 4764 exitus.
841 4696 944 4780 quue
966 4718 1004 4762 eo
1027 4696 1131 4780 magis
1183 4701 1285 4765 iustas
1324 4707 1438 4763 eontra
1476 4696 1629 4781 reprobos
1663 4699 1831 4764 vindictas.
1886 4696 1982 4777 Quod
2015 4697 2049 4760 in
2082 4698 2147 4762 fine

162 4784 343 4851 notandum
379 4791 446 4863 est,
484 4791 522 4850 nt
555 4784 716 4850 discamus
754 4786 824 4849 eius
865 4782 1022 4848 auxilium
1066 4801 1130 4844 non
1184 4805 1297 4849 versus
1316 4784 1510 4866 perticulam
1528 4784 1567 4849 ab
1585 4783 1663 4864 ipso,
1684 4784 1814 4867 quidam
1830 4781 1966 4846 trahunt
1981 4781 2021 4845 ad
2037 4803 2146 4866 regem

161 4871 270 4936 metiri
299 4890 398 4936 senso
427 4869 566 4953 proprio,
599 4869 656 4936 sed
683 4870 718 4932 in
748 4870 882 4952 abyssos
911 4867 1059 4949 demersi,
1090 4866 1130 4931 ad
1183 4871 1334 4948 hostium,
1357 4868 1499 4935 alienum
1523 4879 1573 4934 est
1590 4891 1610 4933 a
1627 4889 1725 4934 sensu
1743 4868 1891 4931 Doridis.
1927 4865 2050 4933 Sensus
2068 4889 2146 4953 ergo

162 4956 227 5021 Dei
249 4975 384 5021 manum
405 4975 479 5038 spes
498 4967 627 5020 nostras
645 4955 832 5034 referamus,
855 4955 946 5019 cuius
964 4953 1130 5036 proprium
1183 4965 1241 5037 ost,
1264 4956 1393 5039 linguas
1411 4976 1527 5021 canum
1545 4955 1738 5034 sanguinem
1759 4951 1931 5017 lambendo
1950 4953 2148 5020 rubicundus

162 5050 213 5106 cst
235 5042 322 5107 viam
369 5062 405 5106 er
426 5041 516 5106 invia
537 5041 726 5123 patefacere.
1183 5041 1268 5106 fore:
1292 5048 1403 5105 tantus
1425 5041 1488 5105 erit
1510 5042 1629 5123 passim
1652 5038 1846 5103 cadaverum
1870 5059 2034 5105 numerus.

249 5124 336 5211 22(
446 5125 557 5212 Deus.)
602 5125 688 5207 Quia
717 5134 755 5190 ut
783 5125 920 5192 eeclesia
949 5125 1026 5191 hinc
1055 5124 1131 5191 inde
1268 5126 1318 5191 25.
1360 5123 1556 5212 (Viderunt.)
1610 5124 1723 5189 Potest
1761 5123 1815 5188 hio
1854 5144 1966 5189 versus
2001 5134 2066 5189 tam
2107 5126 2146 5192 de

162 5233 185 5276 u
213 5211 332 5279 validis
363 5220 398 5278 et
420 5213 525 5279 saevis
549 5212 694 5279 hostibus
715 5212 891 5295 impetitur,
920 5210 1131 5294 assiduusque
1184 5213 1314 5296 proeliis
1348 5212 1401 5277 vel
1434 5212 1533 5278 doctu
1567 5210 1741 5289 bellorum,
1773 5230 1870 5292 quam
1902 5208 1941 5274 de
1971 5212 2146 5295 gratiarum

1891 5311 1942 5366 40.
