4658 5856
181 336 244 403 347
983 330 1200 400 Peresius
1225 333 1371 400 XXXV,
2115 334 2180 401 348

184 525 318 610 quidam
341 524 492 600 iaculum,
524 534 582 590 aut
609 523 697 589 aliud
721 522 777 587 teli
800 543 905 608 genus
927 543 999 588 esse
1020 522 1154 590 volunt:
1207 527 1274 588 sint
1301 522 1416 608 paleae
1446 521 1501 588 vel
1529 522 1712 605 quisquiliis
1742 525 1799 605 qui
1828 526 1889 591 sibi
1919 526 2075 592 videntur
2103 522 2180 587 altis

184 613 241 679 sed
279 613 358 694 quia
397 621 528 676 scutum
565 609 696 694 proprie
729 609 909 692 significat,
942 620 980 674 ut
1012 608 1155 677 vidimus
1208 609 1372 675 radicibus
1394 610 1477 674 benc
1494 608 1625 674 firmati.
1656 607 1751 675 Sicut
1768 617 1877 676 eutem
1895 622 1994 678 vento
2012 610 2181 696 agitantur

184 698 273 765 Paul.
295 697 326 762 5.
350 717 414 761 non
438 696 533 763 video
555 717 613 761 cur
633 695 668 758 in
691 693 836 759 alienum
859 715 991 781 sensum
1011 697 1156 777 torqueri
1207 695 1410 780 quisquiliae,
1438 694 1486 758 its
1515 694 1776 776 inquietudinem
1799 695 1864 763 illis
1884 707 1976 780 optat
1997 698 2037 764 ab
2059 714 2179 760 ιιιιιο

184 785 246 850 hoe
279 783 349 848 loco
383 782 508 847 debeat.
552 782 621 847 Nec
651 801 730 845 vero
760 779 937 846 absurdum
966 791 1017 845 est
1044 787 1155 864 clypeo
1207 782 1319 867 angeli
1342 779 1496 863 impulsu.
1541 778 1686 845 Gravior
1710 793 1762 844 eat
1783 802 1865 864 quoe
1886 783 2036 866 sequitur
2056 784 2179 864 impre-

184 868 237 956 (ut
258 869 334 934 alibi
356 867 468 955 saepe)
491 880 619 933 scutum
639 865 790 950 adiungi:
813 874 847 932 et
863 867 969 949 magis
987 876 1156 932 consenta-
1207 869 1302 945 catio,
1325 882 1363 932 ιι
1384 886 1580 949 quocunque
1598 863 1715 947 pedem
1732 877 1899 951 moveant,
1921 869 1988 934 illis
2004 883 2181 934 occurrant

186 975 286 1020 neum
309 965 389 1033 erat,
419 953 555 1036 quodvis
583 951 685 1017 telum
713 952 791 1035 poni
813 972 889 1016 cum
911 952 1033 1030 lancea,
1063 954 1156 1020 cuius
1209 954 1364 1020 tenebrae
1385 964 1419 1017 ct
1440 951 1511 1016 loca
1533 949 1676 1017 lubrica:
1698 949 1856 1035 ancipites
1878 965 1986 1019 autem
2009 966 2043 1020 et
2064 953 2180 1019 dubios

187 1042 339 1125 proximo
371 1060 468 1105 versu
496 1042 533 1103 fit
559 1039 692 1103 mentio.
735 1037 856 1121 Incipit
882 1059 960 1122 ergo
982 1037 1091 1103 David
1114 1039 1156 1105 ab
1207 1039 1344 1125 angelus
1366 1036 1502 1102 Domini
1526 1047 1751 1120 persequatur.
1796 1037 1837 1102 In
1859 1059 1997 1120 summa,
2020 1038 2181 1124 quidquid

188 1129 288 1193 armis
306 1125 497 1203 defensoris,
516 1132 554 1188 ut
566 1125 657 1189 Deus
672 1123 818 1188 hostium
837 1125 978 1207 impetus
996 1124 1157 1190 sustineat
1208 1137 1348 1206 tentent,
1371 1136 1405 1187 et
1426 1143 1622 1204 quocunque
1643 1144 1678 1186 se
1698 1134 1839 1201 vertant,
1870 1126 1960 1209 cupit
1980 1125 2046 1191 illis
2068 1126 2182 1191 omnia

188 1233 226 1278 ac
256 1211 401 1295 repellat.
454 1210 602 1276 Verbum
625 1221 693 1303 pra
724 1209 809 1292 quod
832 1220 883 1275 est
904 1211 1081 1294 evaginare
1102 1210 1156 1276 vel
1208 1213 1345 1278 consilia
1373 1220 1407 1273 et
1429 1218 1566 1274 conatus
1589 1208 1761 1274 infeliciter
1783 1209 1906 1275 cedere.
1951 1211 2056 1277 Porro
2078 1230 2182 1294 quum

186 1296 328 1374 nudare,
361 1295 552 1379 simpliciter
584 1317 644 1378 pro
676 1295 885 1380 depromere,
919 1295 973 1359 vcl
1005 1316 1157 1362 exserere
1208 1319 1264 1364 eos
1286 1297 1327 1363 ab
1350 1295 1467 1379 angelo
1488 1292 1615 1376 impelli
1639 1306 1738 1376 optat,
1760 1295 1946 1380 colligimus
1963 1298 2036 1363 ideo
2054 1295 2183 1361 turbari

187 1384 320 1467 accipio.
364 1381 513 1446 Verbum
542 1394 630 1466 quo
653 1381 739 1464 quod
762 1380 916 1446 transtuli
938 1381 1059 1461 obsicio
1085 1394 1157 1447 ten·
1208 1385 1336 1468 impios,
1360 1382 1492 1445 nemine
1516 1391 1742 1463 persequente,
1765 1382 1841 1464 quia
1863 1383 1981 1465 spiritu
2004 1383 2182 1466 vertiginis

188 1470 323 1534 tundem
342 1468 431 1532 valet
448 1488 486 1533 ac
505 1467 657 1532 claudere
676 1465 763 1550 apud
774 1466 959 1532 Hebraeos:
981 1466 1039 1531 sed
1054 1489 1157 1550 quum
1209 1491 1263 1537 eos
1294 1469 1384 1535 Deus
1419 1465 1581 1549 percellit,
1614 1479 1649 1530 et
1680 1467 1906 1548 inquietudine
1939 1467 2110 1544 distrahit,
2144 1478 2183 1533 ut

188 1555 270 1620 velit
281 1552 508 1635 David‘quasi
531 1554 725 1637 interposito
748 1573 843 1617 muro
866 1553 918 1619 vel
941 1573 1069 1636 aggere,
1093 1553 1157 1619 Dei
1209 1577 1319 1623 secum
1347 1552 1411 1636 ipsi
1441 1550 1695 1616 tumultuentur.
1745 1551 1838 1617 Idem
1875 1553 1996 1618 clarius
2024 1556 2184 1636 exprimit

187 1640 316 1705 obiectu
332 1638 500 1721 prohiberi
517 1638 630 1704 hostes
648 1637 689 1703 ab
707 1636 848 1718 accessu,
867 1658 1000 1704 sensum
1018 1639 1159 1704 fideliter
1209 1642 1357 1726 proximo
1387 1658 1496 1714 versu,
1531 1646 1569 1701 ut
1600 1657 1659 1720 per
1688 1637 1862 1721 caliginem
1893 1650 1927 1702 et
1956 1640 2026 1707 loca
2054 1640 2184 1706 lubrica

188 1724 324 1790 reddere
339 1724 421 1789 mihi
441 1725 531 1790 visua
548 1746 638 1790 sum:
656 1726 720 1790 nisi
737 1725 810 1806 quis
828 1724 922 1788 malit
938 1725 1158 1791 intercludere
1208 1727 1345 1811 angelus
1362 1722 1531 1789 instabiles
1549 1722 1664 1806 rapiat,
1686 1733 1723 1787 ut
1744 1744 1849 1806 neque
1871 1723 2041 1791 consilium
2061 1747 2183 1810 suppe-

187 1830 368 1889 ccoursum,
391 1810 443 1874 vel
466 1808 632 1876 obstaculo
655 1810 793 1874 morari:
816 1831 899 1893 quas
916 1810 1027 1874 omnia
1044 1810 1158 1876 ecdem
1210 1824 1259 1879 tat
1292 1831 1397 1894 neque
1430 1810 1526 1885 ratic,
1559 1829 1597 1873 ac
1629 1829 1671 1872 ne
1702 1810 1885 1893 respirandi
1918 1811 2048 1892 quidem
2084 1813 2184 1878 detur

190 1897 340 1962 redeunt.
384 1895 470 1960 Nam
499 1917 613 1961 eorum
635 1896 745 1979 opinio
768 1896 823 1978 qui
845 1916 964 1961 nomen
987 1917 1059 1962 cese
1081 1916 1159 1963 con·
1211 1910 1349 1982 tempus.
1394 1895 1465 1959 Has
1496 1904 1606 1976 partes
1634 1893 1761 1977 angelis
1790 1895 1940 1960 mandari
1970 1899 2091 1962 mirum
2114 1919 2182 1963 non

190 1982 340 2061 tendunt,
362 1979 453 2045 nullo
476 1982 572 2046 modo
596 1981 772 2065 probabilis
791 1989 851 2047 est.
1210 1995 1268 2062 est,
1282 2002 1340 2067 per
1360 2000 1501 2064 quorum
1519 1998 1654 2043 manum
1670 1980 1790 2045 iudicia
1800 2001 1860 2046 sua
1870 1982 1962 2048 Deus
1974 1984 2181 2068 exsequitur:

275 2069 305 2132 3.
329 2065 662 2151 (Diccoimaemccc.)
685 2066 829 2148 Quidam
842 2078 1022 2152 exponunt,
1040 2085 1161 2132 arcana
1210 2072 1273 2138 etsi
1301 2089 1368 2134 non
1395 2068 1506 2131 minus
1535 2064 1576 2128 de
1605 2063 1740 2130 diabolis
1769 2088 1866 2150 quam
1896 2065 1937 2131 de
1961 2069 2087 2153 angelis
2109 2089 2184 2136 coe·

189 2153 404 2236 inspiratione
434 2151 516 2217 mihi
545 2152 690 2218 declara:
722 2152 778 2217 alii
808 2162 936 2218 autem:
967 2153 1035 2219 Fac
1065 2162 1103 2217 ut
1124 2173 1161 2216 re
1210 2155 1348 2222 lectibus
1376 2152 1417 2217 ad
1447 2149 1511 2214 Dei
1539 2150 1732 2233 obsequium
1762 2154 1922 2236 promptis
1946 2154 2036 2221 loeus
2058 2157 2183 2238 exponi

190 2241 262 2323 ipsa
294 2238 435 2304 sentiam
469 2237 606 2303 salutem
640 2259 747 2303 meam
780 2239 817 2302 in
850 2259 950 2302 manu
983 2246 1041 2304 ιιι
1078 2259 1160 2304 esse.
1211 2251 1327 2328 potest.
1372 2238 1504 2304 Scimus
1526 2237 1614 2300 enim
1637 2236 1765 2303 diabolo
1787 2238 1935 2320 permitti
1957 2260 2052 2322 quam
2074 2242 2108 2305 in
2127 2261 2182 2306 re·

190 2324 354 2408 Equidem
372 2343 438 2387 non
458 2322 570 2389 dubito
585 2323 750 2389 Davidem
768 2332 880 2406 optare
900 2325 1032 2407 penitus
1051 2325 1161 2388 animo
1212 2329 1328 2413 probos
1362 2331 1515 2389 exerceat
1548 2322 1793 2405 tyrannidem·
1813 2323 1901 2389 unde
1932 2344 2031 2408 saepe
2059 2324 2181 2391 dicitur

190 2431 249 2477 auo
271 2411 411 2474 infixum
433 2429 505 2474 esse
527 2430 565 2475 ao
586 2430 780 2492 persuasum
809 2410 893 2492 quod
924 2433 966 2475 ex
994 2409 1162 2492 praesenti
1212 2414 1319 2479 malus
1336 2409 1400 2475 Dei
1418 2409 1553 2492 spiritus
1572 2406 1706 2473 Saulem
1726 2410 1894 2487 invasisse,
1919 2410 1947 2476 1.
1961 2410 2051 2477 Sam.
2075 2412 2126 2490 18,
2139 2412 2182 2478 10

191 2517 303 2562 rerum
315 2494 438 2558 intuitu
449 2494 548 2559 statui
561 2515 627 2559 non
640 2506 777 2578 poterat,
796 2495 912 2561 salutis
923 2516 1002 2560 suae
1013 2506 1161 2561 autorem
1213 2500 1270 2565 sed
1294 2498 1372 2580 quia
1393 2494 1513 2558 diaboli
1541 2514 1608 2557 non
1636 2494 1701 2558 nisi
1727 2496 1826 2559 inviti
1855 2496 2035 2563 trahuntur
2059 2498 2101 2563 ad
2123 2518 2183 2563 ex·

192 2602 263 2648 esse
284 2581 406 2644 Deum.
443 2580 528 2644 Nam
552 2601 633 2663 quae
656 2591 770 2645 nostra
791 2579 938 2646 socordia
960 2590 1010 2645 est
1033 2602 1070 2646 ac
1092 2588 1162 2645 stu·
1214 2583 1380 2669 sequenda
1413 2581 1476 2646 Dei
1510 2577 1680 2658 mandata,
1716 2581 1815 2645 etiam
1847 2580 1903 2646 ubi
1936 2602 2050 2647 eorum
2082 2604 2186 2667 opera

191 2666 321 2752 piditas,
344 2665 438 2730 Deus
467 2686 565 2748 saepe
596 2665 794 2731 dormientes
826 2686 864 2730 ao
893 2665 979 2730 nihil
1002 2666 1066 2730 tale
1088 2687 1163 2731 sen·
1213 2671 1307 2735 Deus
1338 2668 1455 2746 utitur,
1487 2665 1650 2747 scriptura
1679 2665 1798 2730 electos
1826 2676 1861 2731 et
1888 2677 2017 2733 sanctos
2046 2668 2186 2752 angelos

192 2755 311 2817 tientes
333 2770 393 2815 nos
416 2751 542 2815 liberet.
587 2750 699 2830 Quare
720 2750 904 2834 emphatica
933 2751 1078 2835 loquutic
1104 2759 1164 2831 est,
1215 2755 1308 2838 quasi
1329 2755 1365 2818 in
1388 2750 1557 2833 superiore
1579 2750 1685 2832 gradu
1703 2751 1871 2817 ministros
1888 2754 2012 2818 statuit
2039 2755 2187 2820 Exercet

194 2859 258 2920 qua
287 2837 349 2901 sibi
380 2836 493 2899 vivum
517 2837 642 2917 gratiae
664 2836 729 2901 Dei
750 2857 883 2903 sensum
907 2835 978 2900 dari
1001 2847 1162 2921 precatur,
1215 2861 1294 2926 ergo
1316 2840 1409 2905 Deus
1441 2857 1503 2900 sua
1535 2837 1655 2901 iudicia
1682 2856 1740 2919 per
1770 2838 1903 2922 angelos
1933 2839 2102 2922 reprobos,
2137 2842 2188 2908 sic

193 2931 231 2987 ut
253 2923 314 2988 hoc
336 2921 452 3003 clypeo
474 2930 619 2986 armatus
641 2922 802 3005 quoslibet
819 2920 963 2987 insultus
992 2924 1162 2999 sustineat,
1216 2939 1326 2992 tamen
1366 2934 1403 2989 ιι
1441 2922 1560 2988 electos
1598 2924 1730 3007 angelos
1763 2923 1842 3006 ipsis
1874 2926 2051 3007 praeliciat
2108 2925 2189 3007 Qua

193 3017 225 3074 et
242 3028 301 3091 per
322 3007 432 3071 omnia
453 3006 620 3073 obstacula
640 3021 674 3072 et
695 3008 866 3092 angustias
896 3018 1097 3091 perrumpat,
1126 3026 1164 3072 ac
1217 3013 1343 3077 ratione
1375 3008 1475 3074 etiam
1508 3007 1569 3072 soli
1601 3018 1763 3074 vocantur
1795 3008 1934 3093 legitimi
1962 3011 2187 3095 principatus:

194 3095 223 3159 si
245 3093 384 3160 diceret:
409 3093 560 3170 Domine,
590 3094 749 3176 quidquid
777 3114 812 3158 se
835 3092 876 3159 ad
898 3093 1164 3160 labefactandum
1217 3095 1463 3181 Ephes.3,10,
1486 3094 1612 3160 Coloss.
1637 3095 1666 3175 1,
1690 3094 1730 3158 16
1759 3103 1794 3158 et
1815 3095 1888 3160 aliis
1910 3095 2072 3163 similibus
2093 3098 2187 3165 locis.

195 3199 369 3245 cormeum
386 3176 527 3260 ingerat,
555 3181 688 3244 firmum
706 3179 742 3245 in
760 3179 822 3244 boo
839 3178 960 3245 fiducia
977 3200 1030 3244 me
1049 3182 1165 3259 retine,
1219 3184 1255 3251 Si
1279 3184 1353 3267 quis
1374 3181 1513 3258 obiiciat,
1547 3199 1614 3244 non
1643 3201 1715 3246 csse
1736 3192 1992 3247 consentaneum
2014 3192 2054 3248 ut
2075 3184 2188 3265 angeli

195 3266 335 3331 salutem
365 3263 449 3327 mihi
478 3262 563 3346 apud
593 3275 626 3331 te
647 3276 735 3331 certo
758 3286 829 3331 esse
851 3266 1036 3348 repositam,
1066 3275 1165 3348 atque
1218 3269 1274 3354 qui
1292 3268 1434 3334 ministri
1452 3276 1529 3330 sunt
1546 3264 1672 3349 gratiae
1689 3277 1723 3329 et
1739 3265 1863 3346 salutis,
1883 3267 2014 3350 datique
2032 3267 2188 3335 fidelibus

194 3360 233 3416 ut
260 3372 313 3415 me
343 3350 409 3414 huc
437 3349 490 3412 vel
520 3350 597 3417 illue
618 3350 789 3434 impellant
811 3351 1016 3431 tentationes,
1049 3371 1166 3417 sensus
1218 3353 1379 3433 custodes,
1408 3362 1522 3416 contra
1549 3351 1706 3434 reprobos
1735 3352 1899 3417 saeviant:
1929 3353 2048 3418 solutio
2077 3365 2128 3420 eat
2149 3355 2187 3418 in

198 3458 287 3502 meos
310 3435 351 3500 ad
375 3444 407 3499 te
429 3454 555 3512 revoca,
585 3446 623 3501 ut
651 3436 740 3502 salus
762 3448 820 3501 tua
841 3437 991 3502 omnibus
1012 3438 1166 3519 periculis
1219 3450 1383 3525 promptu,
1411 3458 1478 3502 non
1507 3457 1603 3519 posse
1630 3437 1792 3501 excubare
1821 3437 1862 3501 ad
1885 3439 2013 3519 piorum
2036 3438 2186 3523 tutelam,

198 3524 346 3605 superior
378 3520 517 3585 eniteat:
560 3521 625 3586 imo
663 3522 799 3605 perinde
832 3540 870 3585 ao
902 3522 931 3585 si
964 3542 1078 3588 vocem
1111 3542 1167 3587 ore
1219 3529 1296 3611 quin
1321 3524 1418 3591 simul
1441 3522 1480 3587 ad
1506 3520 1693 3587 bellandum
1716 3522 1868 3588 instructi
1890 3524 1973 3589 sint:
2003 3546 2063 3591 neo
2089 3546 2187 3609 posse

197 3610 374 3685 emitteres,
401 3604 564 3687 intrepide
593 3616 748 3686 statuam,
776 3615 810 3672 te
838 3607 991 3691 propitio,
1021 3629 1073 3674 me
1103 3608 1168 3673 sal·
1219 3635 1277 3678 suo
1308 3608 1429 3677 auxilio
1459 3630 1514 3675 eos
1536 3619 1706 3693 protegere
1728 3608 1807 3689 quin
1829 3628 1941 3673 eorum
1964 3609 2112 3677 hostibus
2133 3611 2188 3676 in·

198 3714 278 3759 vum
301 3694 380 3758 fore.
1219 3700 1319 3764 festos
1351 3716 1386 3761 se
1419 3706 1595 3778 opponant.
1641 3691 1811 3774 Quantum
1843 3694 1884 3759 ad
1917 3694 2189 3778 imprecationem

1220 3791 1359 3866 spectat,
1393 3781 1573 3846 tenendum
1604 3778 1764 3844 memoria
1796 3788 1846 3844 est
1878 3780 1962 3862 quod
1997 3781 2073 3848 alibi
2107 3783 2188 3866 dixi,

285 3865 315 3928 4.
338 3864 533 3931 Erebeaccat
555 3870 584 3929 et
599 3865 765 3948 pudefimd
785 3867 841 3947 qui
857 3869 1012 3949 quaeunt
1028 3864 1169 3930 animum
1220 3867 1381 3936 Davidem
1404 3887 1509 3948 neque
1527 3868 1690 3948 privatam
1707 3884 1839 3930 causam
1857 3886 1963 3950 agere,
1987 3889 2046 3933 neo
2063 3880 2188 3933 temere

199 3970 310 4025 mecm,
350 3956 509 4016 venamur
543 3956 733 4030 retrorsum,
768 3957 797 4017 et
830 3953 951 4033 pudore
990 3951 1170 4033 cfficiuntur
1221 3955 1351 4019 effutire
1372 3952 1529 4037 quidquid
1551 3951 1690 4018 dictavit
1713 3950 1796 4028 bilis,
1828 3970 1888 4016 nco
1910 3951 1978 4016 aelo
2004 3953 2188 4020 inconside-

200 4038 364 4120 cogitantes
392 4037 510 4102 molum
533 4057 643 4102 mcum.
688 4037 719 4101 5.
744 4035 818 4103 Sint
837 4038 931 4120 quusi
946 4037 1043 4120 palca
1065 4056 1171 4102 corum
1194 4032 1197 4067 ³
1220 4051 1293 4106 rato
1326 4039 1367 4105 ad
1400 4038 1578 4123 perniciem
1612 4038 1762 4102 hostibus
1788 4038 1857 4103 suis
1885 4036 2061 4121 optandam
2090 4040 2189 4104 ferri:

199 4127 296 4200 vecto,
325 4126 352 4184 ct
381 4123 511 4218 clipeiue
533 4121 664 4220 Iebocae
691 4123 831 4203 impellat
850 4122 941 4271 coeii)
986 4124 1016 4188 6.
1047 4122 1096 4188 stt
1117 4124 1171 4188 vic
1222 4127 1278 4226 sed
1308 4125 1391 4190 duco
1420 4125 1539 4222 spiritu
1567 4121 1736 4188 moderata
1763 4133 1842 4188 vota
1864 4123 1904 4223 ιἰι
1933 4124 2090 4226 reprobos
2107 4145 2189 4225 con·

200 4226 307 4271 corum
328 4205 426 4288 calmo
447 4211 476 4270 et
496 4207 695 4287 lubrtcttctcs,
718 4214 747 4272 ct
764 4208 895 4290 angelus
933 4208 1045 4273 eleccoc
1062 4228 1170 4291 perse-
1221 4233 1340 4297 crpere,
1363 4233 1383 4276 a
1403 4210 1520 4293 quibus
1542 4208 1655 4290 procul
1678 4209 1797 4274 absunt
1819 4230 2002 4293 quicunque
2024 4211 2190 4277 vrndrotae

201 4297 317 4375 quattu
349 4310 407 4355 ece.
454 4291 482 4354 7.
511 4293 594 4372 Quia
622 4295 691 4357 eine
718 4313 816 4358 cauco
845 4293 1068 4359 absconderunt
1091 4293 1170 4358 mibi
1222 4297 1408 4380 cupiditate,
1443 4294 1495 4360 vel
1528 4294 1618 4373 odic,
1653 4296 1705 4359 vel
1737 4296 1950 4378 incomposito
1983 4296 2046 4363 ulio
2079 4299 2190 4364 carnis

200 4381 322 4463 foueam
342 4376 418 4440 retis
439 4377 501 4454 sui,
524 4379 591 4442 cirre
612 4398 709 4443 causa
735 4378 881 4459 foderunt
899 4378 1024 4462 foveam
1046 4380 1171 4445 animoa
1222 4394 1313 4448 motu
1335 4392 1488 4465 aguntur.

203 4484 297 4532 meae.
1309 4469 1337 4533 7.
1362 4467 1462 4553 (Quia
1482 4466 1551 4530 sine
1572 4466 1693 4553 causa.)
1736 4468 1891 4533 Testatur
1919 4488 1954 4533 se
1979 4487 2044 4532 non
2067 4468 2190 4534 trustra

1223 4552 1313 4621 abuti
1348 4555 1411 4619 Dei
1445 4553 1592 4626 nominc,
1626 4574 1686 4618 nec
1727 4573 1898 4636 perperam
1930 4553 1992 4618 sibi
2025 4572 2191 4619 accersere

287 4636 318 4698 4.
340 4633 551 4720 (Erubeecont
572 4633 802 4717 ctpudcficrtt.)
835 4632 906 4697 Iam
925 4634 1033 4700 Deum
1057 4647 1171 4702 contra
1223 4649 1411 4723 patronum,
1440 4638 1564 4719 profert
1591 4639 1678 4703 onim
1706 4658 1797 4703 suam
1820 4640 2042 4704 innocentiam
2063 4640 2098 4703 in
2120 4659 2191 4705 me·

203 4722 315 4787 hostes
336 4741 412 4786 suos
434 4719 571 4784 ultorem
596 4717 766 4799 implorate
789 4739 850 4783 nec
873 4729 1000 4785 tantum
1019 4733 1115 4805 rogat
1136 4733 1173 4786 ut
1224 4726 1324 4802 dium,
1346 4735 1435 4787 etse
1458 4722 1549 4787 nulla
1571 4743 1628 4787 aua
1650 4722 1747 4805 eulpa
1768 4733 1834 4788 tam
1854 4723 1977 4788 duriter
1994 4724 2097 4809 affligi
2115 4746 2193 4790 ocn-

202 4807 382 4873 frustretur
394 4827 431 4871 ac
448 4805 558 4870 irritos
575 4802 691 4867 reddet
708 4824 821 4867 eorum
840 4816 985 4883 conatus,
1004 4806 1062 4871 sed
1074 4807 1172 4871 etiam
1247 4812 1382 4887 ueritur,
1405 4808 1491 4890 quod
1514 4807 1689 4892 diligenter
1711 4808 1892 4874 notandum
1915 4821 1974 4888 cst,
1998 4812 2134 4893 nequis
2156 4812 2194 4876 in

203 4902 241 4956 ut
258 4892 442 4958 mercedem
460 4911 558 4974 quam
578 4890 685 4954 meriti
702 4899 789 4965 sunt,
809 4889 974 4972 rependat.
1020 4892 1172 4956 Primum
1258 4897 1287 4959 ei
1309 4903 1519 4976 conspectum
1542 4905 1664 4959 temere
1686 4895 1843 4980 prosiliat,
1873 4896 1924 4961 vel
1953 4916 2031 4961 eum
2052 4897 2195 4963 advocet

203 4986 294 5061 optat
323 5000 378 5043 eos
408 4976 574 5059 pudefieri,
609 4975 687 5041 dum
717 4973 841 5039 scilicet
868 4995 926 5057 spe
949 4996 1011 5041 sua
1032 4986 1174 5061 votoque
1224 4979 1386 5045 vindicem
1405 4980 1468 5043 nisi
1486 4979 1569 5044 bona
1587 4981 1785 5045 conscientia
1803 4980 1916 5046 frctus.
1951 4982 2061 5062 Quum
2080 4994 2194 5048 autem

204 5063 321 5128 deiecti
333 5064 463 5141 fuerint,
483 5063 612 5148 lougius
625 5060 743 5127 deinde
761 5060 978 5144 progreditur,
997 5070 1034 5126 ut
1051 5063 1172 5129 similes
1224 5086 1259 5129 se
1297 5065 1423 5130 insidiis
1458 5076 1490 5129 et
1530 5066 1626 5130 malis
1661 5065 1837 5150 fraudibus,
1867 5067 2053 5150 impetitum
2090 5070 2195 5136 fuisse

1225 5149 1312 5227 dicit,
1346 5151 1381 5215 in
1415 5171 1452 5216 eo
1485 5151 1596 5218 subest
1630 5152 1728 5217 tacita
1759 5153 1958 5237 integritatis
1990 5174 2070 5220 suae
2102 5176 2195 5222 com·

292 5252 320 5320 *)
336 5253 377 5306 les
394 5268 500 5320 pousse,
518 5264 552 5304 ca
569 5265 677 5320 murce:
696 5267 731 5304 οι
749 5248 839 5302 chasse
859 5252 888 5302 et
905 5262 1008 5316 prosse.
1224 5235 1397 5303 mendatio·
