4658 5856
161 348 224 412 649
969 344 1185 414 PSALMUS
1208 347 1337 414 LXIX.

2081 354 2147 420 650

161 555 289 599 cussum
324 535 492 613 existimo,
530 556 625 618 quem
660 535 751 601 Deus
784 535 956 601 humiliare
988 534 1130 600 voluerit
1181 536 1237 618 qui
1254 536 1374 613 sordet,
1396 536 1560 604 sordescat
1580 539 1696 618 adhuc,
1714 541 1874 624 Apoc.22,
1890 542 1940 605 11.
1969 541 2144 607 Caeterum

162 634 316 702 tanquam
339 642 440 685 unum
464 642 503 686 ex
521 622 597 687 filiis
620 623 696 699 suis,
720 632 758 686 ut
776 624 808 685 in
827 624 898 706 ipsa
916 622 1129 704 castigatione
1179 623 1334 687 iustitium
1351 622 1415 689 Dei
1436 645 1502 689 nen
1519 627 1715 710 interpretor
1734 628 1848 703 active,
1871 647 1936 709 qua
1954 626 2053 691 donat
2070 648 2146 692 snos

162 721 242 770 nota
264 705 372 788 aliqua
394 709 520 789 paterni
544 708 663 773 amoris
685 709 848 792 insculpta
871 719 967 773 esset.
1016 707 1127 773 Vulne·
1181 708 1312 783 electos,
1342 710 1461 792 spiritu
1483 732 1542 775 suc
1566 733 1620 777 eos
1642 733 1852 794 regenerans:
1883 712 1939 777 sed
1963 714 2049 778 vitae
2072 735 2146 778 san·

161 797 247 856 ratos
276 807 383 856 autem
415 792 477 857 Dei
510 795 658 856 nominat
690 792 802 858 codem
835 796 902 858 fere
936 815 1033 859 sensu
1066 815 1129 876 qno
1181 797 1325 858 etitatem
1349 814 1433 875 quae
1454 798 1482 859 ei
1505 797 1671 879 probatur.

161 878 284 942 Iesaias
307 878 401 959 capit.
423 877 474 954 26,
499 899 582 942 vers.
609 879 648 943 19
670 891 817 944 mortuos
839 881 911 958 Dei,
934 899 1052 960 nempe
1074 880 1129 961 qui
1265 880 1316 945 29.
1340 880 1526 965 (Delectatur
1542 883 1580 948 de
1597 882 1674 948 libro
1691 883 1882 967 mucclam.)
1918 882 2008 947 Haec
2030 883 2145 947 ultima

162 966 194 1026 in
216 964 287 1046 ipsa
309 976 412 1026 morte
435 964 495 1028 suh
518 963 580 1027 Dei
609 966 755 1029 custodia
784 966 970 1030 manebant.
1014 965 1129 1046 Neque
1181 973 1229 1029 est
1260 967 1467 1047 imprecatio,
1501 980 1534 1032 et
1567 970 1712 1032 omnium
1746 969 1890 1031 maxime
1924 968 2145 1048 formidabilis,

162 1050 247 1112 enim
280 1050 460 1130 promiscue
482 1048 523 1115 ad
546 1070 660 1115 omnes
682 1050 743 1115 hoc
766 1053 896 1116 extendi
926 1060 1041 1134 potest,
1071 1051 1127 1115 sed
1180 1071 1263 1132 quae
1291 1060 1401 1117 tamen
1431 1074 1558 1135 semper
1586 1054 1864 1136 impoenitentiam
1895 1067 1928 1118 et
1950 1053 2144 1118 obstinatam

161 1133 201 1198 ad
224 1133 336 1198 fideles
357 1135 444 1200 solos
466 1126 617 1218 pbrtinet,
640 1157 776 1220 quorum
800 1135 1017 1202 obedientiam
1036 1136 1128 1201 Deus
1181 1136 1334 1201 duritiem
1354 1138 1394 1202 de
1413 1159 1477 1221 qua
1495 1160 1598 1221 nuper
1615 1139 1768 1222 loquutus
1786 1154 1844 1217 est,
1862 1140 2015 1221 sequitur.
2051 1141 2146 1205 Post-

161 1240 256 1285 cruce
279 1222 453 1285 examinat.
488 1221 570 1285 Inde
589 1223 617 1285 si
634 1223 792 1305 arripiant
814 1223 905 1306 impii
929 1225 1127 1288 occasionem
1158 1242 1278 1309 'quam
1300 1243 1378 1307 ergo
1400 1245 1490 1307 spem
1513 1225 1755 1307 resipiscentiae
1783 1225 1848 1290 illis
1870 1224 2013 1303 abstulit,
2041 1236 2146 1299 aeter-

162 1305 296 1368 maicris
329 1305 497 1388 licentiae,
534 1328 600 1371 non
634 1308 753 1372 mirum
786 1320 836 1373 est
870 1310 959 1392 ipses
993 1308 1128 1393 gravius
1181 1329 1260 1372 num
1282 1329 1412 1392 quoque
1435 1311 1602 1375 interitum
1633 1310 1819 1375 denuntiat:
1849 1309 1924 1392 quia
1955 1311 2059 1392 perire
2088 1332 2144 1376 ne·

162 1391 320 1454 damnari.
361 1392 543 1474 Propositis
562 1393 649 1458 enim
672 1393 791 1459 talibus
814 1395 981 1477 exemplis,
1005 1414 1060 1460 sos
1082 1395 1128 1458 ita
1180 1414 1267 1458 cesse
1296 1409 1345 1459 est
1373 1396 1554 1478 quicunque
1584 1399 1616 1460 in
1640 1395 1722 1461 libro
1746 1398 1832 1460 vitae
1860 1396 1973 1478 scripti
2004 1417 2068 1460 non
2095 1419 2145 1461 rc·

130 1506 133 1510 ·
161 1497 271 1542 seeum
294 1476 482 1549 ratiocinari
504 1476 647 1555 decebat,
672 1478 761 1545 siin
779 1480 876 1544 viridi
899 1481 961 1545 hcc
982 1482 1028 1557 fit,
1051 1479 1127 1561 quid
1180 1481 1357 1561 pariantur.
1391 1483 1453 1547 Est
1471 1481 1601 1563 quidem
1619 1482 1797 1565 impropria
1815 1481 1968 1565 loquutio,
1987 1482 2043 1546 sed
2062 1502 2145 1564 quae

161 1563 262 1646 igitur
279 1562 313 1625 in
332 1562 444 1627 arido?
468 1564 550 1628 Luc.
569 1585 640 1649 cap.
658 1565 708 1644 23,
728 1586 812 1631 vers.
830 1565 881 1631 31.
912 1566 1009 1631 Nunc
1028 1586 1127 1648 quum
1180 1565 1221 1629 ad
1255 1576 1405 1631 nostrum
1446 1567 1613 1632 modulum
1653 1586 1719 1631 non
1753 1566 1837 1631 male
1869 1567 2143 1633 accommodatur:

161 1648 267 1731 magis
290 1648 517 1729 obdurescant,
545 1665 680 1734 apparet
701 1662 888 1733 contemptu
911 1664 943 1717 ct
965 1651 1038 1716 odio
1062 1652 1128 1732 pie·
1181 1671 1279 1732 quum
1308 1651 1389 1716 liber
1418 1653 1503 1718 vitae
1529 1653 1610 1717 nihil
1641 1651 1730 1717 aliud
1759 1654 1818 1730 sit,
1847 1673 1944 1735 quam
1976 1662 2145 1718 aeternum

163 1737 240 1799 tatis
275 1745 390 1798 contra
424 1735 507 1799 filios
542 1735 606 1800 Dei
643 1738 688 1802 sic
725 1738 928 1804 insolescere.
980 1736 1127 1802 Verbum
1181 1736 1244 1800 Dei
1266 1738 1437 1804 eonsilium
1467 1757 1532 1821 quc
1560 1759 1636 1804 suos
1659 1738 1911 1820 praedestinavit
1939 1739 1973 1803 in
1996 1740 2145 1804 salutem.

161 1832 277 1902 mot,
312 1819 397 1902 quod
428 1823 514 1885 verti
547 1816 627 1887 solet
660 1822 866 1899 Narrabunt,
900 1845 993 1888 secus
1024 1824 1127 1887 inter·
1180 1820 1314 1887 Certum
1345 1835 1393 1889 est
1416 1825 1499 1889 nihil
1521 1823 1671 1908 possein
1694 1847 1731 1889 eo
1754 1824 1881 1888 mutari.
1927 1823 2055 1889 Deinde
2082 1829 2144 1890 sci·

163 1920 284 1989 pretor,
312 1905 476 1989 significat
504 1909 590 1972 enim
620 1909 751 1991 proprie
773 1929 959 1974 numerare:
992 1908 1127 1991 ideoque
1180 1928 1264 1988 mus,
1297 1910 1352 1992 qni
1382 1910 1525 1993 adoptati
1555 1911 1686 1976 suntin
1709 1930 1800 1992 spem
1830 1909 1954 1989 salutis,
1987 1932 2041 1976 eos
2069 1919 2145 1975 ante

161 1992 306 2074 apposite
336 1991 533 2056 transfertur
561 1993 601 2057 ad
631 2001 858 2078 augmentum,
891 1995 974 2077 quod
1005 1995 1128 2060 scilicet
1180 1992 1345 2058 conditum
1379 1995 1537 2061 mundum
1572 1996 1672 2061 luisse
1704 1997 1857 2079 scriptos,
1895 1996 2017 2078 Ephes.
2049 1999 2083 2073 l,
2114 1995 2145 2061 4.

161 2077 249 2142 mala
272 2076 366 2142 malis
387 2076 543 2157 addendo,
571 2078 613 2144 ad
635 2101 797 2146 summum
827 2101 931 2163 usqne
960 2081 1126 2146 cumulum
1180 2078 1246 2143 Sed
1270 2082 1347 2161 quia
1368 2080 1704 2165 incomprehensibilis
1726 2095 1775 2145 est
1790 2092 1923 2145 aeterna
1935 2080 1998 2146 Dei
2020 2081 2144 2164 electio,

162 2162 306 2227 dolorem
328 2162 548 2245 perduxerint.
1181 2174 1330 2246 respectu
1353 2164 1488 2232 humani
1510 2188 1626 2233 sensus
1655 2166 1752 2232 scribi
1775 2166 1928 2232 dicuntur
1950 2188 2031 2248 quos
2053 2166 2146 2231 Deus

248 2249 299 2314 28.
323 2249 427 2332 (Adde
448 2249 666 2336 inquietam.)
701 2250 788 2330 Quia
808 2265 863 2364 qq<
885 2251 1043 2316 Hebraeis
1061 2260 1127 2314 tam
1180 2251 1287 2332 palam
1317 2259 1351 2315 et
1373 2254 1494 2336 apertis
1524 2255 1626 2336 signis
1656 2251 1774 2335 populo
1803 2273 1861 2317 suo
1890 2262 2045 2318 accenset.
2090 2251 2147 2319 Sic
2193 2298 2196 2303 -

162 2334 259 2416 eulpa
275 2332 439 2399 interdum
459 2348 517 2413 est,
535 2357 632 2419 quam
652 2338 817 2419 iniquitas,
835 2341 881 2404 sic
899 2359 918 2402 a
937 2336 1126 2420 quibusdam
1181 2358 1293 2402 rursus
1323 2337 1435 2402 eadem
1469 2339 1593 2403 ratione
1627 2337 1777 2403 delentur
1805 2358 1886 2420 quos
1917 2340 2006 2403 Deus
2037 2338 2145 2422 palam

163 2421 303 2484 vertitur
325 2421 485 2498 hocloco,
505 2421 652 2489 ntDeus
670 2424 920 2508 poenaspoenis
938 2423 1127 2489 accumulet.
1181 2422 1308 2487 abdicat
1337 2432 1369 2487 et
1400 2425 1596 2489 exterminat
1627 2444 1645 2488 e
1674 2444 1732 2488 sua
1760 2424 1902 2488 eeclesia.
1947 2422 2035 2503 Quia
2068 2445 2145 2507 ergo

163 2505 231 2569 Alii
253 2507 349 2570 etiam
372 2506 502 2590 longius
524 2506 670 2590 trahunt,
693 2519 730 2574 ut
747 2511 896 2577 scelerati
919 2509 1066 2574 homines
1089 2507 1128 2573 de
1182 2508 1288 2573 David
1311 2510 1511 2575 manifestari
1534 2509 1623 2592 cupit
1646 2508 1709 2572 Dei
1732 2508 1917 2585 vindictam,
1946 2510 2063 2573 merito
2086 2509 2144 2574 ho·

163 2591 280 2656 horum
301 2590 477 2656 sceleribus
499 2595 612 2676 poenis
630 2597 774 2680 exigant.
811 2595 910 2678 Atqui
927 2617 969 2660 ex
988 2593 1128 2659 secunde
1181 2594 1280 2658 stium
1310 2614 1443 2659 sucrum
1473 2595 1733 2677 reprobationem
1762 2592 1803 2658 ad
1832 2614 1963 2658 sensum
1996 2605 2142 2658 nostrum

162 2679 308 2742 membro
341 2679 420 2742 satis
453 2679 569 2761 liquet,
603 2680 636 2744 id
664 2683 772 2765 potius
801 2680 963 2747 Davidem
994 2680 1128 2762 precari,
1181 2681 1417 2745 accommodat:
1446 2701 1483 2745 ac
1506 2682 1534 2745 si
1556 2681 1686 2755 diceret,
1717 2679 1766 2744 Ne
1789 2700 1957 2744 recenseas
1978 2700 2033 2745 eos
2057 2680 2145 2745 Deus

162 2762 368 2845 quodetiam
399 2766 564 2829 communi
592 2767 659 2832 fere
683 2787 843 2832 consensu
873 2776 1039 2849 receptum
1070 2774 1127 2841 εει,
1179 2765 1215 2828 in
1238 2774 1365 2830 tuorum
1391 2786 1536 2843 numero,
1560 2766 1611 2831 vel
1629 2765 1752 2842 ordine,
1775 2786 1834 2830 nec
1853 2763 2047 2847 colligantur
2069 2787 2143 2831 cnm

162 2861 200 2912 ut
214 2849 313 2935 ¹Deus
335 2849 451 2930 impios
474 2852 590 2933 spiritu
612 2874 670 2919 suo
692 2851 887 2932 destituens,
917 2852 1067 2918 coniiciat
1093 2851 1127 2914 in
1180 2862 1237 2916 tua
1260 2852 1402 2931 ecelesia,
1432 2852 1488 2918 sed
1510 2853 1617 2935 potius
1639 2872 1693 2916 eos
1714 2848 1890 2933 perdendo,
1922 2850 2065 2915 declares
2087 2850 2145 2915 abs

162 2955 296 3000 sensum
329 2934 518 3018 reprobum,
551 2957 592 3003 ne
622 2959 767 3021 unquam
799 2939 839 3005 ad
872 2936 1127 3020 resipiscendum
1180 2948 1212 3001 te
1235 2938 1387 3003 reiectos:
1422 2946 1454 3001 et
1476 2938 1625 3019 quamvis
1649 2937 1752 3002 locum
1775 2936 1816 3000 ad
1839 2945 1965 3016 tempus
1987 2947 2146 3018 occupent

162 3019 340 3102 adspirent.
376 3021 461 3086 Nam
484 3024 568 3103 qnod
591 3024 849 3107 interpretantur
870 3024 1002 3108 quidam
1025 3023 1129 3086 venire
1180 3023 1266 3087 inter
1286 3023 1408 3101 fideles,
1432 3023 1564 3086 tandem
1586 3042 1642 3085 eos
1664 3042 1783 3100 reseca,
1807 3028 1843 3085 ut
1862 3033 2017 3104 appareat
2039 3031 2146 3085 extra·

160 3107 197 3172 in
225 3107 397 3184 iustitiam,
431 3126 490 3190 pro
524 3109 666 3189 absolvi,
700 3108 831 3175 videtur
862 3110 958 3193 paulo
991 3107 1126 3173 dilutius
1179 3128 1258 3173 neos
1275 3108 1387 3187 fuisse,
1404 3128 1505 3189 quum
1524 3106 1707 3172 domesticis
1723 3106 1869 3189 permisti
1888 3107 2002 3170 forent.
2039 3105 2145 3172 Sicuti

162 3210 259 3275 quam
289 3193 452 3274 exprimat
480 3193 635 3276 loquutio.
678 3194 758 3260 Ideo
786 3195 832 3262 sic
860 3194 978 3261 resolvi
1009 3192 1128 3258 debent
1180 3195 1277 3258 etiam
1301 3192 1380 3259 dicit
1401 3192 1494 3259 Ecce.
1516 3193 1564 3269 13,
1580 3193 1616 3257 9:
1640 3192 1715 3256 Non
1737 3192 1949 3255 inveniantur
1970 3193 2003 3255 in
2027 3212 2145 3257 arcano

163 3276 277 3343 verba:
306 3277 441 3344 Crescat
462 3281 566 3364 magis
589 3300 626 3346 ac
648 3281 752 3364 magis
772 3301 884 3346 eorum
905 3280 1071 3363 iniquitas,
1094 3288 1128 3343 ει
1179 3279 1325 3362 catalogo
1355 3277 1464 3361 populi
1498 3279 1570 3343 mei.
1620 3277 1752 3342 Interea
1783 3297 1895 3341 verum
1926 3288 2036 3341 manet
2064 3276 2144 3341 illud

162 3364 401 3428 acorreetione
423 3364 628 3444 abhorreant,
651 3375 688 3431 nt
709 3376 833 3432 constet
855 3387 987 3449 prorsus
1009 3365 1128 3430 alicna-
1179 3363 1418 3444 IoannisI.2,
1443 3364 1483 3428 19
1511 3364 1675 3429 neminem
1708 3362 1764 3445 qui
1794 3383 1870 3426 vere
1902 3361 1965 3426 fuit
1997 3385 2039 3427 ex
2069 3363 2144 3428 filiis

161 3457 212 3513 tos
231 3469 301 3514 esse
319 3471 338 3513 a
356 3450 438 3516 Deo.
472 3450 564 3517 Haec
585 3463 692 3517 antem
715 3451 869 3535 loquendi
891 3452 1004 3530 forma,
1026 3470 1126 3533 quum
1180 3450 1253 3530 Dei,
1282 3471 1426 3533 unquam
1457 3449 1604 3516 deficere.
1649 3447 1715 3514 Sed
1746 3449 1821 3531 qnia
1851 3448 1991 3513 fastuose
2022 3448 2145 3514 iactant

161 3534 343 3618 scripturae
371 3536 416 3599 sit
436 3536 616 3615 familiaris,
648 3546 683 3604 et
703 3538 840 3604 subinde
868 3544 1027 3614 occurrat,
1060 3556 1126 3602 nou
1180 3537 1371 3619 hypocritae
1393 3556 1427 3600 se
1449 3536 1483 3599 in
1506 3535 1642 3601 ecclesia
1663 3556 1733 3599 esse
1755 3534 1886 3616 primos,
1916 3553 2030 3599 eorum
2054 3534 2143 3600 abdi·

161 3620 257 3685 debet
280 3620 382 3685 videri
405 3622 497 3688 nobis
516 3644 648 3707 aspera:
670 3636 704 3690 et
721 3645 792 3689 eam
811 3624 964 3689 vitandae
982 3620 1130 3687 absurdi·
1180 3625 1263 3686 catio
1286 3621 1347 3687 hac
1372 3621 1585 3687 similitudine
1607 3631 1683 3704 apte
1705 3619 1911 3703 exprimitur,
1935 3639 2034 3700 quum
2051 3620 2146 3702 spiri·

161 3707 240 3771 tatis
262 3725 359 3771 causa
381 3707 560 3788 inflectere,
588 3718 626 3775 ut
647 3709 780 3794 quidam
809 3711 943 3786 faciunt,
974 3709 1126 3773 frivolum
1181 3721 1234 3773 tus
1256 3707 1444 3789 pronuntiat
1472 3727 1527 3772 eos
1554 3706 1655 3771 deleri
1677 3728 1695 3771 ε
1718 3706 1799 3772 libro
1823 3706 1917 3769 vitae.
1962 3705 2064 3769 Porro
2087 3725 2144 3769 no·

161 3805 218 3856 est.
256 3793 437 3875 Exponunt
458 3794 566 3859 Deum
590 3795 707 3861 addere
729 3806 861 3879 peecata
881 3794 1030 3879 peccatis,
1052 3815 1127 3877 per·
1179 3791 1317 3857 tandum
1340 3803 1397 3869 est,
1425 3794 1523 3859 tuear
1545 3792 1655 3859 vocari
1677 3790 1818 3857 secundo
1841 3790 2000 3868 membro,
2031 3811 2144 3855 omnes

163 3879 336 3942 mittendo:
367 3885 400 3943 et
422 3880 604 3946 obtendunt
634 3882 719 3946 hanc
747 3904 817 3948 esse
839 3881 974 3965 phrasin
997 3881 1127 3964 linguae
1179 3879 1242 3943 Dei
1265 3879 1399 3944 electos:
1432 3878 1595 3962 quianon
1619 3876 1659 3943 ad
1682 3875 1931 3954 immunditiem,
1961 3890 1998 3939 ut
2019 3876 2144 3941 Paulus

163 3964 349 4030 hebraicae:
389 3966 473 4047 quod
505 3988 602 4032 nemo
634 3968 806 4034 Hebraeus
840 3967 1003 4034 fatebitur.
1058 3966 1127 4031 Nec
1180 3963 1272 4042 dicit,
1307 3966 1334 4028 1.
1357 3964 1471 4029 Thess.
1493 3964 1531 4041 4,
1556 3964 1584 4027 ‘l-
1604 3963 1660 4029 sed
1688 3963 1727 4027 ad
1761 3962 2009 4028 sanctimoniam
2038 3961 2145 4028 vocati

163 4071 241 4115 vero
263 4049 387 4117 cavillis
416 4052 488 4116 istis
510 4073 590 4134 opus
612 4066 663 4119 est
685 4054 725 4119 ad
748 4054 855 4118 Deum
885 4052 1124 4118 excusandum:
1179 4071 1308 4126 sumus,
1341 4060 1377 4114 ut
1405 4047 1568 4131 possideat-
1594 4048 1729 4131 quisque
1752 4069 1810 4113 vas
1832 4067 1927 4112 suum
1957 4048 1989 4111 in
2013 4047 2144 4127 honore,

163 4137 240 4220 quia
262 4137 390 4214 sufficit,
414 4138 490 4200 dum
513 4140 667 4221 reprobos
690 4152 849 4216 excaecat,
872 4139 975 4203 iustas
998 4139 1028 4202 ei
1050 4158 1124 4203 cau·
1180 4139 1207 4201 l.
1231 4134 1375 4201 Thessal.
1398 4136 1430 4211 4,
1451 4135 1482 4200 4.
1527 4136 1572 4200 Ει
1600 4145 1677 4199 nota
1707 4143 1755 4199 est
1783 4132 1839 4197 illa
1861 4132 1957 4197 Pauli
1985 4134 2143 4217 gradatio,

163 4243 217 4287 sas
240 4242 325 4287 esse:
348 4235 387 4287 ut
403 4224 525 4288 frustra
545 4226 792 4291 obmurmurant
813 4226 963 4289 homines
987 4223 1036 4287 vel
1060 4223 1126 4287 liti·

162 4322 250 4392 gent,
274 4310 366 4391 quasi
384 4329 448 4372 nou
467 4322 641 4393 peccarent
662 4311 724 4376 nisi
741 4310 830 4376 illius
852 4309 1006 4391 impulsu.
1052 4308 1126 4373 Etsi

164 4399 250 4458 enim
269 4395 502 4460 excaecationis
520 4417 635 4462 causae
654 4396 817 4462 interdum
837 4395 940 4460 latent
959 4396 993 4459 in
1008 4415 1126 4460 arcanc

164 4480 226 4544 Dei
246 4480 390 4555 consilio,
412 4501 470 4544 sna
489 4491 596 4545 tamen
620 4502 779 4565 quemque
798 4481 996 4548 conscientia
1017 4479 1127 4544 redar-

164 4567 251 4647 guit:
282 4579 314 4629 et
336 4576 483 4631 nostrum
513 4580 561 4632 est
584 4586 772 4633 reverenter
799 4567 933 4633 adorare
961 4579 994 4631 et
1016 4565 1127 4629 mirari

165 4671 247 4733 quae
286 4672 416 4716 sensum
465 4666 611 4719 nostrum
659 4662 818 4737 superant
856 4652 920 4716 Dei
959 4652 1127 4734 mysteria.

164 4736 277 4819 Neque
305 4737 394 4801 enim
423 4737 480 4803 abs
503 4761 537 4803 re
560 4739 682 4804 dictum
711 4754 774 4816 est,
803 4738 925 4803 iudicia
953 4739 1024 4800 eius
1053 4755 1128 4818 pro·

165 4822 299 4888 lundam
329 4844 399 4888 esse
421 4823 592 4907 abyssum,
623 4825 745 4890 Psalm.
767 4824 819 4907 36,
844 4825 872 4890 7.
917 4823 1015 4887 Oerte
1044 4821 1127 4902 quod

166 4909 206 4974 ad
229 4918 433 4990 praesentem
456 4911 561 4976 locum
583 4921 716 4994 spectat,
739 4911 794 4976 ubi
816 4909 935 4975 iudicia
958 4930 1018 4973 sua
1040 4926 1130 4972 exse·

166 4996 275 5077 quitur
298 4996 398 5077 Deus,
428 4997 523 5061 nimis
546 5008 788 5080 praeposterum
819 5007 906 5062 esset
926 5015 1002 5059 eum
1026 4992 1127 5057 invol-

166 5101 242 5144 vere
264 5081 298 5145 in
321 5092 445 5164 partem
467 5083 591 5165 culpae.
631 5082 768 5148 Summa
789 5093 848 5158 est,
871 5082 957 5146 iusta
976 5079 1037 5143 Dei
1061 5079 1130 5143 vin·

166 5168 250 5233 dicta
274 5168 388 5251 impios
410 5167 554 5251 demergi
576 5169 611 5232 in
633 5168 830 5251 protundum
853 5166 1034 5249 iniquitatis
1056 5186 1130 5248 gur-

166 5256 276 5340 gitem,
298 5262 336 5320 ut
358 5273 527 5335 nunquam
550 5253 589 5317 ad
612 5275 725 5319 sanam
746 5262 889 5320 ιιιειιιειιι
912 5253 1063 5317 redeant:
1094 5260 1130 5316 ut

1178 4220 1218 4286 ad
1241 4222 1408 4287 Romanos
1430 4223 1534 4304 eapite
1556 4222 1585 4296 8,
1609 4220 1671 4285 30:
1705 4218 1796 4300 Quos
1818 4218 1927 4303 elegit,
1957 4239 2011 4286 eos
2034 4230 2142 4286 vocat:

1181 4327 1263 4390 quos
1285 4309 1425 4389 vocavit,
1448 4307 1612 4384 iustificat,
1635 4317 1694 4373 etc.

1264 4392 1315 4458 30.
1339 4389 1421 4477 (Epo
1444 4397 1545 4457 cutem
1561 4392 1709 4477 pauper.)
1748 4392 1802 4458 llx
1824 4390 1886 4456 hoc
1909 4412 2008 4456 versu
2030 4389 2145 4455 melius

1179 4478 1284 4562 liquet
1311 4499 1408 4561 quam
1431 4477 1543 4560 procul
1566 4478 1705 4543 abluerit
1727 4499 1746 4543 a
1768 4476 1897 4561 turgido
1924 4489 1956 4539 et
1979 4476 2075 4540 feroci
2097 4476 2145 4539 al·

1180 4562 1281 4643 lectu,
1312 4565 1406 4629 sicuti
1436 4565 1490 4646 qul
1521 4583 1597 4627 suas
1619 4562 1778 4627 vindictas
1805 4564 1999 4643 impotenter
2028 4560 2145 4645 despu-

1181 4664 1281 4714 mant.
1320 4649 1433 4732 Neque
1455 4649 1542 4713 enim
1565 4646 1699 4713 dubium
1723 4658 1773 4712 est
1795 4651 1873 4728 quin
1895 4670 1929 4711 se
1951 4667 2025 4710 cum
2048 4648 2145 4712 sacri·

1181 4736 1252 4799 ficio
1276 4735 1408 4801 contriti
1435 4745 1466 4799 et
1487 4732 1652 4798 humiliati
1680 4733 1814 4814 spiritus
1837 4732 1905 4796 Deo
1937 4732 1989 4795 hic
2020 4732 2145 4810 offerat,

1181 4832 1217 4884 ut
1240 4821 1301 4886 hae
1329 4819 1577 4885 mansuetudine
1607 4820 1743 4901 gratiam
1773 4818 1833 4881 sibi
1864 4817 2021 4884 conciliet.
2066 4818 2144 4882 ldec

1182 4904 1271 4979 addit
1293 4906 1445 4972 continno
1468 4915 1553 4989 post,
1584 4903 1679 4969 Salus
1705 4908 1760 4968 tua
1781 4903 1926 4968 mulcebit
1946 4924 2001 4967 ere.
2047 4902 2145 4968 Certe

1181 4992 1236 5075 qni
1258 5012 1319 5056 aua
1335 4991 1528 5072 intemperie
1550 4990 1698 5055 feruntur
1715 4990 1754 5052 ad
1775 4988 1960 5065 vindictam,
1982 4988 2061 5053 adeo
2080 5009 2143 5053 non

1181 5088 1259 5141 sunt
1288 5076 1418 5151 deiecti,
1447 5088 1484 5139 ut
1505 5096 1540 5141 se
1563 5077 1698 5140 nimium
1728 5074 1894 5139 extollant.
1940 5074 2005 5137 Hic
2033 5083 2144 5139 autem

1182 5172 1296 5227 mutua
1329 5163 1460 5243 ponitur
1487 5162 1605 5234 ¹relatio
1635 5163 1721 5226 inter
1749 5161 1891 5225 dolorem
1923 5180 1987 5242 qno
2019 5159 2145 5226 iacebat

1181 5268 1364 5333 oppressus,
1386 5252 1420 5312 et
1443 5247 1506 5312 Dei
1527 5246 1687 5311 auxilium
1710 5267 1771 5329 quo
1789 5267 1824 5312 sa
1842 5264 1983 5312 erectum
2007 5244 2049 5310 iri
2070 5267 2144 5330 spe·
