4658 5856
104 367 168 433 589
929 369 1146 437 PSALMUS
1168 370 1281 437 LXII.
2036 372 2101 438 590

106 565 275 624 succurret
288 558 389 633 Deus,
408 559 503 624 modo
518 581 560 626 ne
575 561 609 624 in
625 560 713 626 illius
733 560 841 627 einum
858 580 928 625 eam
944 559 1078 625 reiiocre
1102 566 1106 607 ¹
1129 566 1206 624 anto
1227 559 1329 625 solide
1351 559 1514 626 confidere
1534 561 1683 625 homines
1707 560 1793 636 Dec,
1826 581 1923 643 quam
1948 561 2102 625 exuerint

107 644 324 728 negligamus.
365 645 469 709 Porro
492 665 592 727 quum
615 646 760 731 maligna
783 646 942 729 quaedam
964 645 1077 711 rostri·
1129 644 1260 711 fallaces
1282 666 1395 711 omnss
1417 644 1570 725 fiducias,
1600 666 1683 728 quas
1713 647 1847 710 totidem
1877 658 1955 711 sunt
1985 666 2099 712 avoca-

106 731 171 795 ctio
192 729 340 794 omnium
362 731 430 796 fere
452 732 579 797 animos
602 752 774 816 occupans,
805 731 935 797 tandem
963 732 999 794 in
1023 730 1077 795 de·
1129 741 1247 795 menta.
1292 731 1407 814 Itaque
1429 733 1538 796 omnia
1568 732 1801 814 impedimenta
1831 731 1900 796 tolli
1931 731 2037 811 iubet,
2066 743 2101 797 et

108 816 327 898 sperationem
357 817 521 894 coniiciat,
552 836 590 881 eo
614 815 710 894 nobis,
734 817 845 883 utilior
867 828 918 882 est
939 815 1079 882 Davidis
1129 817 1229 890 vitiis,
1257 837 1339 900 quac
1362 817 1425 881 Dei
1456 817 1561 883 locum
1587 826 1764 899 occupant,
1797 818 1923 882 animos
1956 818 2099 900 purgari.

108 901 297 966 admonitio.
352 900 438 966 Nam
471 903 620 983 quamvis
656 924 768 968 omnes
802 902 843 969 ad
874 902 1078 985 quaerendos
1130 900 1327 985 Quanquam
1350 911 1461 968 autem
1484 904 1608 985 species
1631 912 1759 967 tantum
1783 902 1936 985 quasdam
1957 904 2099 987 attingit,

108 986 203 1051 malis
231 987 302 1051 suis
333 987 442 1051 exitus
475 1007 543 1052 uon
572 989 681 1053 minus
713 988 848 1054 solertes
881 989 948 1053 sint
980 1008 1077 1071 quam
1129 1006 1188 1068 per
1225 986 1450 1073 synecdochen
1472 989 1654 1068 siguificat
1694 1008 1863 1070 nunquam
1901 989 2027 1053 sincere
2067 1003 2099 1052 et

108 1071 229 1150 seduli,
262 1073 339 1154 quia
368 1082 478 1137 tamen
509 1072 586 1137 data
614 1094 713 1157 opera
741 1073 986 1156 subterfugiunt
1015 1072 1079 1138 Dei
1129 1072 1249 1155 absque
1270 1074 1343 1138 fuco
1365 1095 1419 1137 cor
1442 1074 1584 1138 hominis
1606 1073 1678 1138 Deo
1701 1093 1771 1139 esse
1793 1073 1974 1146 addictum,
1998 1073 2099 1139 donec

108 1165 334 1240 conspectum,
364 1178 470 1223 meros
500 1158 563 1223 sibi
591 1158 796 1243 labyrinthos
825 1159 993 1224 fabricant.
1038 1159 1078 1223 In
1130 1178 1165 1222 ee
1186 1160 1357 1223 contrariis
1379 1159 1532 1224 omnibus
1560 1159 1684 1223 fiduciis
1713 1159 1915 1241 explicuerit.
1960 1158 2026 1223 Per
2047 1180 2099 1223 ra·

110 1263 248 1319 summa,
278 1243 387 1308 David
411 1243 561 1309 morbum
582 1252 720 1309 naturae
741 1256 873 1311 nostrae
894 1245 926 1307 in
952 1246 1077 1309 snitum
1129 1243 1225 1325 pluas
1247 1256 1280 1309 et
1302 1244 1456 1327 praedam
1478 1245 1661 1328 intelligere
1688 1265 1860 1327 possumus
1894 1256 1959 1308 tam
1990 1246 2099 1327 ipsum

108 1331 253 1411 corrigit,
275 1329 353 1411 quia
372 1329 514 1394 dolorem
535 1339 685 1396 nostrum
704 1329 906 1409 occultando,
926 1265 1077 1394 fraenum
1131 1329 1278 1411 rapiendi
1301 1343 1428 1407 actum,
1458 1351 1554 1413 quam
1578 1351 1629 1394 res
1650 1330 1736 1395 male
1765 1342 1798 1394 et
1826 1330 1948 1395 iniuste
1977 1342 2098 1412 partas.

109 1415 198 1478 intus
231 1414 346 1478 rodere
376 1415 539 1480 malumus
569 1437 665 1499 qnam
697 1416 769 1502 pias
798 1417 1017 1499 querimonias
1046 1423 1079 1477 et
1130 1412 1264 1479 Certum
1288 1417 1418 1497 quidem
1442 1427 1492 1480 est
1514 1417 1576 1482 hac
1594 1416 1821 1480 exhortatione
1838 1416 1974 1498 reprimi
1992 1414 2098 1481 libidi-

108 1518 220 1581 preoes
241 1499 325 1580 apud
349 1499 459 1565 Deum
480 1501 654 1577 fundendo,
676 1522 737 1568 nos
759 1502 879 1568 levare.
923 1500 1019 1567 Unde
1041 1501 1078 1564 fit
1130 1519 1209 1563 num
1240 1500 1426 1583 audaciam,
1460 1522 1544 1584 quae
1574 1512 1698 1566 mentes
1732 1510 1903 1581 excaecat,
1936 1511 1973 1564 ut
2002 1502 2099 1566 licere

108 1595 147 1648 ut
169 1587 274 1668 magis
304 1604 342 1649 ac
363 1587 469 1669 magis
484 1587 650 1670 'impliciti
680 1589 863 1660 doloribus,
892 1606 1078 1669 mergamur
1129 1594 1245 1667 putent
1274 1585 1430 1669 quidquid
1461 1589 1595 1669 impune
1623 1587 1818 1653 conceditur.
1871 1587 1911 1649 ln
1941 1596 2099 1652 contextu

109 1671 142 1733 in
167 1670 435 1752 desperationem.
480 1671 549 1736 lam
578 1671 661 1754 quod
691 1675 731 1738 de
758 1695 793 1739 se
816 1693 881 1738 uno
910 1670 1078 1755 praedica·
1129 1671 1225 1734 etiam
1257 1672 1387 1736 variant
1416 1673 1620 1754 interpretes.
1664 1672 1806 1752 Quidam
1837 1673 1924 1735 enim
1958 1673 2099 1755 singulis

110 1765 216 1834 verat,
250 1755 401 1820 extendit
433 1757 474 1820 ad
504 1766 607 1822 totum
640 1759 814 1841 populum,
849 1758 978 1823 salvum
1010 1757 1078 1821 fore
1129 1756 1316 1822 nominibus
1338 1777 1398 1822 sua
1415 1758 1515 1823 verba
1532 1758 1724 1834 attribuunt,
1748 1758 1808 1823 hoc
1823 1756 1934 1821 modo:
1957 1757 2008 1821 Ne
2025 1777 2100 1821 con-

109 1843 324 1923 pronuntians
347 1842 406 1906 snb
429 1841 493 1906 Dei
515 1842 672 1908 custodia.
1129 1841 1237 1906 fidatis
1259 1844 1292 1906 in
1315 1843 1454 1925 rapinis,
1484 1864 1526 1907 ne
1556 1845 1758 1909 evanescatis
1780 1844 1814 1907 in
1843 1842 1981 1925 praeda:
2016 1852 2048 1908 ct
2070 1845 2099 1909 si

195 1925 245 1991 10.
272 1925 509 2012 (Verumtamen
536 1927 686 2014 cordos.)
729 1928 766 1995 Si
791 1940 849 2046 qq<
883 1927 1078 1993 affirmative
1130 1926 1263 1993 divitiae
1285 1929 1430 2005 affluant,
1454 1929 1553 1994 nolite
1575 1950 1630 1993 cor
1652 1929 1799 1994 adiicere.
1846 1928 1913 1992 Alii
1935 1949 2009 1993 cum
2032 1949 2099 1994 uno

110 2015 254 2094 accipere
276 2011 579 2097 liboatprcOerte,
603 2014 797 2098 velutique,
820 2017 882 2079 erit
901 2014 1078 2097 superioris
1129 2013 1228 2076 verbo
1250 2026 1432 2079 contexunt
1454 2017 1585 2098 rapinas
1607 2026 1639 2077 et
1661 2014 1824 2097 praedam.
1870 2015 2015 2080 Verbum
2040 2033 2098 2079 au·

109 2099 289 2163 sententiae
311 2099 530 2163 confirmatio:
552 2109 586 2162 ct
607 2120 627 2163 a
648 2100 906 2184 repugnantibus
930 2097 1077 2164 ostendet
1129 2108 1193 2161 tem
1218 2099 1430 2165 evanescendi
1454 2120 1600 2166 seorsum
1619 2101 1789 2164 indefinite
1807 2101 1930 2185 legunt.
1963 2099 2098 2164 Utram-

109 2181 229 2266 David,
259 2204 358 2266 quum
385 2183 534 2249 homiues
562 2186 633 2267 ipsa
653 2187 801 2250 vanitate
830 2188 897 2251 sint
919 2187 1077 2263 vaniores,
1130 2185 1178 2246 vis
1201 2186 1356 2266 syntaxin
1380 2186 1497 2268 eligas,
1530 2205 1594 2249 non
1625 2187 1763 2251 multum
1787 2188 1827 2249 ad
1857 2206 2017 2250 summam
2048 2187 2097 2249 rei

110 2269 193 2332 nibil
222 2269 310 2333 aliud
341 2278 473 2346 restare,
504 2290 601 2352 quam
624 2282 661 2335 ut
683 2292 757 2354 spes
786 2291 899 2336 omnes
929 2290 1006 2334 suae
1035 2268 1075 2333 ad
1128 2269 1278 2334 interest:
1313 2271 1390 2353 quia
1419 2271 1474 2334 ubi
1497 2291 1653 2336 vesanam
1682 2272 1867 2349 audaciam,
1900 2290 1965 2353 qua
1993 2272 2096 2335 inflati

109 2375 211 2417 unum
234 2355 340 2418 Deum
363 2355 515 2420 referant.
560 2356 647 2440 Apte
670 2368 780 2422 tamen
803 2364 975 2423 contextus
997 2357 1076 2420 fluet
1128 2364 1205 2418 eunt
1222 2355 1411 2440 praedones,
1430 2355 1598 2421 damnavit
1615 2357 1784 2440 propheta,
1803 2358 1933 2440 proprio
1951 2378 2021 2421 eam
2038 2378 2098 2421 uo·

107 2440 135 2503 ei
154 2439 307 2516 dicamus,
330 2441 405 2521 quia
425 2441 559 2507 videbat
577 2441 686 2507 David
708 2443 779 2508 sine
800 2446 945 2525 profectu
968 2441 1076 2506 surdis
1127 2440 1215 2505 mine
1239 2440 1397 2525 designat,
1421 2440 1506 2523 quod
1528 2441 1651 2507 scilicet
1671 2463 1761 2506 mera
1779 2444 1821 2507 sit
1839 2442 1958 2520 illusio,
1981 2445 2097 2524 inqua

108 2546 142 2589 se
165 2546 282 2590 canere
310 2524 395 2590 hanc
423 2526 615 2609 doctrinam,
645 2528 731 2610 quod
760 2529 898 2614 populus
927 2547 987 2610 pro
1016 2547 1075 2590 suo
1128 2539 1327 2592 evanescunt
1349 2527 1507 2591 homiues.
1542 2527 1613 2592 Iuno
1635 2528 1793 2610 propheta
1815 2547 1881 2592 uno
1900 2527 2002 2591 verbo
2024 2548 2095 2610 pro·

107 2612 241 2693 ingenio
264 2610 427 2675 difflueret
449 2613 484 2676 in
507 2634 581 2695 spes
604 2612 750 2694 fallaces,
779 2636 866 2680 nunc
889 2634 968 2697 prae
990 2612 1074 2676 indi·
1127 2614 1275 2692 nuntiat,
1303 2633 1376 2696 spes
1400 2635 1511 2677 omnes
1534 2633 1615 2694 quae
1637 2633 1656 2674 a
1680 2614 1750 2678 Dec
1772 2613 1813 2677 ad
1841 2622 2007 2678 creaturas
2037 2635 2096 2677 uos

107 2697 261 2779 gnatione
283 2697 482 2762 exclamare:
516 2700 617 2781 Atqui
640 2719 730 2764 mera
751 2702 879 2765 vanitas
900 2707 1017 2782 regnat
1039 2698 1072 2761 in
1127 2696 1339 2779 abstrahunt,
1368 2699 1505 2764 lusorias
1528 2719 1598 2764 esse
1620 2719 1658 2763 ac
1685 2697 1874 2777 mendaces,
1903 2699 2093 2780 pracsertim

106 2782 182 2846 filiis
211 2780 390 2847 homiuum.
435 2783 509 2850 Hoc
537 2783 633 2849 modo
662 2785 832 2852 damnaret
860 2805 987 2851 caecam
1016 2783 1075 2848 ho·
1127 2781 1182 2845 ubi
1206 2783 1300 2848 malis
1322 2794 1354 2848 et
1375 2785 1539 2867 perversis
1562 2783 1687 2849 artibus
1717 2784 1874 2850 ditescere
1902 2784 2094 2866 appetimus.

107 2869 233 2931 minum
255 2867 525 2945 incredulitatem,
547 2870 666 2952 quibus
688 2872 792 2937 satius
815 2879 865 2937 est
887 2872 979 2936 vanis
1002 2868 1074 2933 ille·
1126 2868 1306 2950 Postquam
1337 2883 1447 2934 autem
1477 2891 1596 2953 pravas
1623 2870 1817 2952 cupiditates
1847 2869 2031 2947 damnavit,
2061 2870 2096 2933 in

106 2953 212 3018 cebris
233 2974 268 3018 se
290 2955 446 3036 decipere,
468 2976 566 3037 quam
588 2956 686 3021 inniti
710 2958 773 3022 Dei
795 2954 1073 3041 promissionibus,
1126 2953 1244 3033 quibus
1267 2954 1372 3038 palam
1398 2966 1533 3037 apparet
1555 2955 1669 3034 scelus,
1692 2955 1822 3022 subiicit
1839 2957 1996 3021 continuo
2014 2968 2096 3036 post,

106 3059 189 3120 quae
211 3038 324 3104 fallere
346 3048 520 3121 nequeant.
564 3041 667 3106 Porro
696 3043 773 3124 quia
795 3054 921 3107 tantam
943 3041 1074 3105 vanita·
1126 3038 1306 3103 cavendum
1330 3040 1426 3104 etiam
1450 3062 1520 3106 esse
1544 3062 1585 3104 ne
1598 3062 1684 3123 opes,
1707 3042 1857 3124 quamvis
1877 3041 1973 3104 iustis
1991 3039 2094 3104 modis

107 3139 172 3188 tem
197 3123 460 3206 deprehendebat
480 3125 590 3191 David
617 3128 652 3191 iu
675 3127 786 3193 electis
809 3127 962 3192 Abrahae
988 3125 1074 3204 filiis,
1125 3132 1248 3204 partae,
1271 3146 1330 3189 uos
1352 3134 1485 3190 teneant
1508 3125 1570 3190 sibi
1592 3127 1718 3190 affixos.
1751 3126 1855 3191 Porro
1880 3125 1941 3189 Gor
1957 3124 2096 3189 adiicere

107 3211 305 3292 pronunciat
326 3212 359 3274 in
383 3230 504 3294 genere
526 3219 629 3276 totum
652 3209 831 3278 humanum
856 3234 959 3296 genus
982 3231 1072 3274 men·
1127 3209 1169 3273 cd
1190 3210 1339 3290 divitias,
1372 3231 1436 3274 non
1460 3219 1588 3275 tautum
1612 3212 1775 3295 significat
1795 3212 1893 3276 nimie
1915 3208 2031 3294 cupide
2052 3209 2094 3274 ad
2185 3268 2191 3280 ,

109 3295 210 3359 dariis
244 3315 315 3360 esee
348 3294 504 3362 deditum.
566 3297 651 3361 Nam
685 3318 744 3380 per
776 3296 965 3362 adverbium
1004 3308 1074 3375 “pp
1126 3313 1181 3357 eas
1202 3295 1344 3374 inhiare,
1368 3297 1425 3360 sed
1448 3317 1559 3361 earum
1581 3297 1701 3361 fiducia
1719 3317 1888 3379 perperam
1912 3296 2038 3374 efferri,
2060 3307 2095 3359 et

107 3380 270 3464 siguificat
298 3392 434 3447 cunctos
460 3385 531 3446 sine
553 3383 741 3465 exceptione
769 3392 921 3468 appetere
943 3382 1074 3447 errandi
1126 3378 1227 3445 altum
1262 3400 1394 3463 sapere,
1434 3394 1472 3446 ιιι
1505 3381 1582 3447 dicit
1620 3381 1744 3447 Paulus
1776 3384 1870 3447 Rom.
1903 3384 2008 3465 capite
2042 3381 2093 3460 11,

107 3484 246 3532 causam.
290 3465 362 3530 Iam
386 3488 463 3534 vero
485 3466 541 3532 ubi
563 3467 714 3534 audimus
736 3489 802 3533 nou
824 3469 858 3533 in
882 3469 993 3553 paucis
1015 3467 1074 3532 ho·
1125 3487 1221 3530 versu
1245 3466 1296 3531 20.
1331 3467 1403 3533 Iam
1426 3489 1503 3532 vero
1527 3488 1624 3551 quam
1647 3488 1712 3532 non
1734 3488 1936 3551 supervacua
1953 3469 1997 3531 sit
2014 3468 2095 3533 haec

107 3551 250 3616 minibus
275 3551 424 3617 damnari
446 3553 531 3618 hanc
551 3556 759 3636 pravitatem,
790 3565 829 3620 ut
850 3556 995 3619 vanitate
1019 3574 1074 3617 va·
1125 3551 1319 3631 admonitio,
1353 3553 1544 3636 quotidiano
1575 3574 1636 3618 usu
1667 3553 1830 3618 docemur.
1882 3552 1974 3617 Nihil
2007 3555 2095 3617 enim

107 3639 215 3702 uiores
236 3637 312 3716 sint,
335 3638 391 3702 sed
411 3639 444 3702 in
462 3641 533 3721 ipsa
556 3647 690 3704 natura:
713 3639 789 3723 quid
814 3639 980 3705 residuum
1004 3640 1075 3704 fieri
1125 3639 1231 3720 magis
1252 3659 1437 3716 commune,
1460 3660 1556 3722 quam
1580 3640 1734 3705 ferociam
1753 3640 1844 3723 gigni
1867 3659 1907 3702 ex
1927 3637 2095 3702 abundan-

111 3722 255 3789 dicemus
285 3724 416 3802 rationi,
446 3731 480 3789 et
506 3724 708 3807 prudentiae,
733 3744 770 3789 ac
792 3725 892 3790 libero
915 3723 1073 3790 arbitrio?
1126 3724 1188 3787 tia:
1228 3735 1354 3790 mentes
1382 3745 1462 3789 vero
1492 3725 1579 3791 fastu
1609 3735 1798 3790 excaecatas
1826 3744 1893 3788 nou
1921 3723 2030 3788 minus
2060 3726 2094 3787 in

107 3807 175 3873 Nee
204 3807 313 3873 obstat
341 3809 424 3891 quod
454 3809 568 3876 fideles
595 3810 657 3875 hoc
685 3810 798 3876 morbo
825 3820 944 3893 purgat
966 3811 1073 3875 Deus:
1125 3807 1234 3873 Deum
1258 3811 1446 3894 protervire,
1471 3830 1566 3892 quam
1586 3810 1779 3875 insolescere
1801 3809 1934 3874 effraeni
1957 3808 2095 3874 nocendi

107 3894 182 3974 quia
213 3894 242 3957 si
274 3897 523 3978 regeneratione
560 3898 694 3980 spiritus
730 3897 766 3961 in
799 3896 864 3962 illis
901 3896 1075 3980 corrigitur
1126 3894 1273 3971 licentia,
1296 3897 1489 3978 pracsertim
1507 3896 1682 3960 metuenda
1704 3906 1754 3960 est
1775 3896 1896 3960 furiosa
1918 3892 1975 3958 illa
1996 3896 2096 3960 caeci·

107 3977 312 4042 mendacium
340 3991 373 4043 et
396 3981 531 4060 vanitas,
553 3983 700 4066 sequitur
722 3993 840 4047 natura
862 3981 965 4047 fuisse
986 4002 1074 4045 meu·
1124 3990 1192 4063 tas,
1213 4000 1256 4044 ne
1277 4000 1351 4046 cum
1374 3980 1439 4046 Dei
1458 3981 1655 4047 contumelia
1677 3981 1886 4062 supercilium
1908 3979 2007 4045 nimis
2030 3982 2094 4046 alte

107 4063 213 4129 daces.
262 4064 335 4129 Etsi
367 4074 478 4130 autem
512 4068 636 4150 primus
669 4066 766 4132 homo
798 4069 925 4151 integer
954 4089 974 4132 a
1003 4068 1074 4132 Deo
1126 4065 1218 4129 tollat
1239 4066 1296 4148 qui
1316 4067 1481 4148 potentiae
1498 4086 1575 4131 suae
1594 4066 1711 4130 fiducia
1729 4065 1847 4145 ebrius,
1871 4087 1950 4132 suae
1967 4066 2093 4151 fragili·

106 4157 236 4215 creatus
259 4158 317 4229 est,
342 4171 400 4216 suo
422 4160 531 4216 tamen
554 4154 647 4236 lapsu
669 4154 703 4217 iu
728 4152 812 4219 hanc
834 4154 1074 4237 corruptionem
1125 4152 1202 4214 tatis
1224 4151 1437 4218 obliviscitur.

106 4255 165 4300 nos
192 4236 312 4311 traxit,
345 4247 384 4300 ut
412 4257 545 4320 prorsus
573 4238 819 4304 obtenebratum
849 4239 891 4304 sit
919 4236 1072 4322 quidquid

106 4321 189 4386 lucis
212 4319 372 4386 divinitus
401 4323 494 4387 nobis
517 4323 627 4388 datum
650 4333 729 4389 erat
774 4322 813 4390 si
834 4325 907 4407 quis
936 4323 1075 4404 obiiciat,
1212 4323 1261 4387 12.
1294 4321 1395 4389 Semel
1423 4323 1567 4405 loquutus
1595 4329 1639 4387 cat
1668 4322 1773 4406 Deus,
1806 4324 1854 4388 bia
1884 4324 1939 4389 boc
1971 4325 2092 4408 audivi,

107 4405 249 4472 residere
281 4415 391 4472 tamer
425 4410 458 4472 in
491 4407 679 4475 hominibus
705 4429 770 4474 nou
803 4408 986 4493 spernenda
1009 4408 1075 4474 Dei
1124 4409 1207 4489 quod
1221 4414 1362 4489 potestas
1382 4410 1425 4474 sit
1445 4407 1521 4474 Dec.
1558 4409 1609 4474 13.
1631 4408 1675 4474 Et
1696 4410 1753 4475 tibi
1774 4410 1910 4477 Dotatae
1923 4409 2092 4492 clemccdiq

105 4491 200 4571 dona,
224 4490 342 4574 quibus
364 4493 450 4559 inter
471 4514 583 4560 omnes
605 4495 685 4560 alias
707 4503 873 4560 creaturas
896 4496 1073 4561 excellunt:
1125 4501 1202 4559 certe
1223 4501 1256 4559 tu
1278 4497 1425 4577 rependes
1446 4497 1557 4577 suique
1578 4497 1746 4562 secundum
1768 4516 1847 4579 optes
1866 4516 1968 4560 mum.

106 4578 226 4643 solutio
241 4578 345 4643 facilis
363 4587 423 4644 est.
452 4578 611 4661 Quamvis
629 4580 803 4663 praeclaris
821 4581 950 4646 dotibus
968 4582 1074 4646 ornati

105 4667 173 4727 sint
196 4663 356 4747 homines,
379 4667 542 4749 corrumpi
566 4676 672 4731 tamen
696 4668 820 4749 peccati
844 4668 925 4744 labe,
948 4675 980 4731 et
998 4687 1072 4731 eva·
1211 4665 1261 4729 12.
1281 4663 1397 4749 (Sertei
1412 4665 1581 4754 bquutro.)
1615 4666 1791 4732 Concludit
1809 4688 1874 4731 non
1892 4667 1987 4730 aliter
1999 4687 2091 4748 posse

106 4771 240 4815 nescerc
263 4749 299 4814 iu
321 4750 471 4817 nihilum.
517 4750 595 4817 Sola
623 4753 708 4817 enim
736 4753 797 4817 Dei
828 4753 969 4837 cognitio
997 4753 1073 4817 facit
1125 4751 1268 4815 abstrahi
1292 4753 1417 4816 animos
1439 4772 1458 4815 a
1482 4754 1635 4830 vanitate,
1659 4774 1754 4835 quam
1774 4754 1801 4816 si
1820 4753 1948 4834 penitus
1965 4762 1998 4815 et
2016 4772 2092 4817 con·

107 4845 146 4900 ut
173 4856 266 4902 suam
296 4837 529 4918 praestantiam
560 4839 700 4903 retineat
729 4837 884 4920 quidquid
915 4838 1074 4903 donorum
1124 4845 1248 4900 stanter
1270 4837 1305 4900 in
1327 4837 1390 4901 Dei
1413 4837 1567 4902 iudicium
1598 4839 1716 4902 int-euti
1738 4841 1812 4902 sint.
1857 4836 1968 4919 Quum
1992 4838 2092 4922 igitur

106 4924 141 4986 in
166 4942 224 4987 nos
245 4920 382 4986 contulit
402 4922 512 4988 Deus:
535 4923 656 5006 alioqui
678 4923 838 4988 vitiantur
854 4924 977 5007 peccati
1000 4943 1075 4988 oon·
1125 4922 1188 4986 huc
1211 4933 1244 4987 et
1265 4921 1343 4987 illuc
1364 4923 1437 4987 ideo
1465 4932 1636 5006 raptentur
1665 4922 1832 4987 hominum
1863 4933 2004 4998 mentes,
2034 4939 2092 4989 aut

106 5009 246 5090 sagione,
274 5027 358 5090 quae
387 5008 511 5074 nullam
540 5008 740 5094 integritatis
765 5020 890 5091 guttam
913 5012 947 5074 in
970 5009 1074 5075 homi·
1124 5007 1237 5072 saltem
1262 5007 1425 5083 vacillent,
1448 5009 1525 5090 quia
1544 5009 1584 5073 ad
1603 5010 1711 5073 varias
1731 5009 1842 5072 mundi
1862 5009 2090 5075 inclinationes

106 5096 204 5158 nibus
225 5093 365 5176 reliquit,
388 5093 473 5158 unde
495 5095 610 5159 merito
632 5094 793 5160 exclamat
808 5094 916 5159 David
939 5105 1072 5161 cunctos
1124 5093 1296 5168 alternant,
1321 5093 1496 5176 tranquilla
1518 5095 1615 5158 static
1637 5095 1821 5160 ostenditur
1843 5117 1861 5159 a
1881 5094 2017 5174 Davide,
2035 5097 2089 5162 ubi

106 5180 261 5246 mortales
283 5181 459 5244 vanitatem
483 5200 554 5246 csse
576 5200 613 5245 ac
635 5177 785 5245 nihilum.
1124 5179 1247 5245 scilicet
1267 5181 1429 5261 patienter
1452 5180 1685 5260 acquiescimus
1707 5181 1742 5244 in
1765 5182 1865 5246 verbo
1889 5181 1963 5245 Dei.
2007 5182 2089 5246 Cae-

89 5274 93 5279 “
197 5266 245 5329 11.
269 5264 334 5350 (Ne
356 5265 539 5350 confidatis.)
583 5266 648 5333 Hic
678 5265 830 5330 admonet
851 5264 978 5346 David,
1008 5286 1072 5330 non
1097 5328 1100 5337 ,
1124 5274 1230 5329 terum
1253 5266 1330 5347 quia
1348 5264 1518 5343 adDeum,
1541 5268 1596 5348 qui
1617 5269 1718 5330 lucem
1738 5267 1862 5332 habitat
1880 5269 2088 5346 inaccessam,
