4658 5856
165 359 228 424 769
947 361 1162 433 Psenmau
1185 362 1364 430 LXXXII.
2089 372 2153 437 tao

164 547 255 613 natio
271 547 360 612 inter
377 548 530 613 mortales
549 549 646 632 viget.
679 548 807 614 Tritum
825 550 954 632 qnidam
973 551 1133 617 Hebraeis
1185 550 1240 615 ubi
1270 550 1415 631 avaritia,
1446 550 1589 629 ambitio,
1620 551 1765 634 aliaeque
1788 554 1990 637 corruptelae
2012 573 2149 625 cessant.

164 655 235 700 esse
257 634 377 713 fateor,
405 633 561 717 quidquid
583 635 739 699 eximium
762 646 813 700 est
834 657 951 702 ornare
975 638 1035 702 Dei
1065 637 1132 719 epi·
1184 637 1262 702 Ideo
1293 646 1401 702 antem
1431 637 1577 721 gladium
1605 648 1736 720 gestant
1765 638 1887 704 iudices
1915 640 1956 704 ad
1986 641 2150 724 improbos

164 721 270 785 theto:
293 718 349 784 sed
374 720 500 783 videtur
523 719 575 785 hic
596 742 655 803 pro
677 722 920 786 circumstantia
941 722 1013 802 loci,
1045 724 1133 805 prin·
1184 722 1389 801 cohibendos,
1419 743 1462 787 ne
1483 723 1517 786 in
1540 724 1661 788 furiosa
1691 725 1860 788 hominum
1883 727 2076 809 intemperie
2099 730 2149 796 vis

165 807 273 889 cipum
301 804 447 870 ordinem
479 806 627 870 divinum
656 827 770 872 vocare
799 808 973 889 propheta,
1009 810 1045 872 iu
1071 829 1133 890 quo
1184 809 1385 890 praevaleat:
1414 815 1448 871 et
1469 829 1531 891 quo
1554 810 1691 891 quisque
1718 811 1881 891 potentior
1902 823 1960 890 est,
1990 833 2027 876 eo
2050 813 2149 879 anda·

164 891 351 975 resplendet
368 891 540 972 peculiaris
559 892 623 957 Dei
640 894 810 957 maiestas:
833 894 929 959 sicuti
946 896 1132 977 coniugium
1185 896 1254 958 cior
1275 894 1318 958 sit
1340 896 1379 958 ad
1402 893 1597 976 premendos
1624 895 1781 959 infirmos.
1826 894 1941 978 Itaque
1972 918 2044 962 raro
2073 919 2148 964 con·

164 977 305 1060 appellat
329 975 460 1043 Solomo
482 986 612 1060 pactum
635 976 715 1061 Dei,
744 978 900 1044 Proverb.
929 980 959 1056 2,
983 981 1022 1044 l‘l
1046 980 1132 1062 quod
1185 980 1314 1062 fugiunt
1343 979 1459 1044 divites
1490 978 1529 1042 ad
1559 1001 1653 1063 opem
1683 983 1948 1063 magistratuum,
1977 983 2040 1049 nisi
2067 986 2150 1051 forte

163 1063 285 1147 polleat
316 1062 475 1145 singulari
508 1062 649 1144 quadam
681 1065 864 1130 sanctitate.
918 1065 958 1129 In
992 1065 1133 1131 secundo
1186 1064 1264 1128 dum
1285 1065 1372 1130 inter
1394 1086 1429 1130 so
1448 1064 1586 1147 litigant.
1624 1065 1719 1130 Nunc
1741 1078 1891 1131 tenemus
1913 1088 1972 1133 cur
1993 1090 2150 1152 pauperes

164 1149 311 1214 membro
334 1169 446 1230 parum
469 1149 607 1214 interest
628 1149 732 1232 quoad
763 1171 924 1214 summam
949 1151 1012 1231 roi,
1045 1152 1134 1236 lega·
1185 1159 1218 1214 et
1236 1170 1355 1233 egenos
1377 1151 1550 1232 praecipue
1571 1151 1775 1215 commendet
1796 1152 1971 1234 propheta:
1994 1156 2149 1236 quianon

165 1255 284 1299 mnsue
305 1234 346 1298 In
365 1233 637 1300 mediodeorum:
661 1257 702 1299 an
725 1235 852 1300 Iudicat
868 1236 991 1301 deosin
1008 1237 1132 1301 medio:
1186 1256 1280 1301 secus
1311 1257 1348 1301 ac
1377 1235 1510 1301 medicis
1540 1238 1679 1320 aegroti,
1710 1239 1960 1322 magistrat-uum
1991 1239 2150 1322 praesidio

164 1322 230 1386 nisi
251 1318 335 1403 qnod
358 1320 474 1385 molius
495 1321 569 1385 fluit
590 1331 760 1386 contextus
783 1323 888 1405 prior:
912 1321 1134 1402 Quantumvis
1185 1322 1334 1405 indigent
1356 1325 1409 1403 qui
1432 1321 1572 1385 divitum
1599 1324 1755 1387 saevitiae
1777 1334 1811 1387 et
1832 1324 1960 1390 iniuriis
1990 1336 2067 1389 snut
2095 1325 2150 1391 ob

164 1428 200 1472 se
223 1405 381 1470 extollant
402 1404 517 1470 mnndi
539 1427 700 1491 proceres,
723 1429 789 1472 non
811 1418 920 1471 tamen
937 1409 1134 1472 imminuere
1186 1410 1286 1471 noxii.
1328 1407 1402 1473 Hoc
1424 1408 1451 1472 si
1474 1408 1604 1489 regibus
1626 1419 1659 1472 et
1681 1408 1753 1473 aliis
1776 1407 1935 1473 iudicibus
1957 1409 2058 1475 solide
2079 1433 2151 1494 pcr-

164 1493 216 1557 iue
238 1491 301 1555 Dei
324 1491 498 1573 quominus
519 1494 694 1574 primatum
717 1492 804 1557 inter
825 1495 910 1574 ipsos
933 1503 1057 1571 teneat,
1089 1495 1133 1558 si·
1186 1514 1316 1557 suasum
1340 1501 1435 1571 essct,
1461 1514 1496 1557 ee
1518 1502 1642 1558 tutores
1664 1494 1862 1577 pauperibus
1884 1515 1954 1560 esse
1976 1494 2083 1576 datos,
2115 1508 2152 1561 ut

164 1578 261 1659 bique
283 1577 550 1657 gubernationem
574 1588 707 1643 asserat
741 1579 915 1645 (laeterum
932 1580 992 1644 'hic
1015 1600 1132 1644 nomen
1185 1600 1220 1644 se
1238 1579 1364 1643 iniuriis
1378 1588 1553 1662 opponant,
1568 1589 1836 1662 compescantqae
1851 1601 1979 1644 omnem
1996 1581 2149 1647 iniustam

164 1665 309 1741 deorum
338 1663 435 1727 sicuti
468 1664 677 1745 paulopost,
708 1673 741 1740 et
762 1664 835 1730 aliis
857 1665 934 1730 locis
963 1686 1022 1746 pro
1044 1665 1134 1730 Iudi·
1185 1664 1383 1740 violentiam,
1408 1666 1531 1748 vigeret
1553 1664 1670 1746 ubique
1692 1686 1821 1730 summa
1849 1665 2020 1731 rectitudo.
2065 1668 2149 1732 Nam

163 1749 256 1813 cibus
278 1749 435 1825 sumitur,
464 1748 582 1830 quibus
604 1749 775 1831 specialem
798 1750 920 1834 gloriae
949 1761 1058 1815 notam
1082 1753 1133 1815 in·
1186 1751 1331 1833 quisquis
1362 1770 1520 1832 pauperes
1550 1751 1634 1814 tueri
1665 1750 1870 1834 dignabitur,
1902 1771 1967 1815 non
2002 1754 2151 1817 flectetur

164 1834 300 1916 sculpsit
323 1834 424 1898 Deus.
469 1833 554 1898 Nam
577 1833 618 1898 ad
641 1835 775 1919 angelos
801 1836 946 1916 trahere,
976 1835 1132 1921 frigidum
1185 1837 1250 1901 huc
1272 1835 1349 1901 illuc
1371 1836 1494 1919 gratia,
1526 1833 1583 1899 sed
1609 1834 1693 1917 quod
1720 1837 1843 1901 iustum
1871 1847 1921 1901 est
1950 1847 2078 1901 tantum
2101 1860 2151 1903 re·

163 1930 214 1985 eet
236 1928 465 1983 commentum.
1184 1921 1307 2004 spiciet.
1347 1921 1420 1987 Hoc
1442 1922 1539 1985 etiam
1562 1921 1745 2004 colligimus
1767 1944 1809 1986 ex
1831 1921 2008 2004 prophetae
2031 1924 2152 2002 verbis,

247 2003 277 2069 2.
300 2003 484 2090 (Usquequo
507 2006 710 2085 iudicabitis.)
747 2006 845 2072 Multi
866 2008 1059 2073 existimant
1081 2007 1133 2072 de·
1184 2008 1332 2089 quamvis
1362 2025 1457 2071 nemo
1486 2007 1612 2089 flagitet
1641 2026 1735 2090 opem
1768 2008 1971 2091 principum,
2000 2009 2152 2089 ignaviae

162 2088 262 2154 scribi
285 2090 395 2154 iudicii
419 2091 567 2156 modum:
590 2091 647 2156 sed
670 2092 751 2156 mihi
775 2094 881 2176 potius
904 2095 1034 2158 videtur
1056 2115 1132 2176 pro·
1184 2101 1296 2157 tamen
1318 2113 1426 2158 coram
1450 2091 1522 2155 Deo
1543 2091 1701 2168 damnari,
1725 2093 1789 2158 nisi
1812 2107 1927 2174 sponte
1948 2104 2151 2159 succurrant.

161 2174 272 2256 phata,
303 2186 339 2240 ut
365 2175 583 2261 obiurgationi
607 2179 693 2242 viam
722 2191 863 2260 pararet,
892 2180 937 2243 ita
967 2182 1132 2261 praelatus
1184 2179 1282 2243 Falso
1305 2179 1391 2242 euim
1414 2177 1553 2243 colorem
1582 2177 1670 2242 huuc
1697 2177 1931 2259 praetendunt,
1962 2179 2017 2243 ubi
2047 2180 2151 2244 mani·

161 2279 245 2324 esse.
289 2260 452 2342 Quamvis
479 2265 587 2346 capita
608 2285 702 2347 reges
724 2265 876 2329 attollant
896 2286 995 2346 supra
1017 2266 1130 2343 nubes,
1183 2264 1264 2328 feste
1293 2275 1462 2347 grassatur
1490 2263 1661 2345 iniquitas,
1695 2264 1837 2345 gemitus
1867 2272 1900 2328 et
1928 2265 2153 2346 querimonias

160 2345 277 2410 vivere
308 2358 418 2411 tamen
448 2348 537 2431 ipsos
566 2369 693 2432 qnoque
723 2349 783 2414 hac
805 2349 888 2433 lege,
917 2361 954 2415 ut
975 2366 1132 2432 regantur
1184 2350 1303 2431 passim
1326 2359 1498 2423 resonant,
1527 2370 1562 2413 se
1584 2349 1706 2413 mederi
1730 2370 1795 2414 non
1819 2370 1912 2432 posse
1935 2351 2029 2414 malis
2051 2350 2153 2416 donce

162 2431 224 2494 sub
246 2431 309 2495 Dei
333 2453 450 2497 mann:
481 2434 617 2516 ideoque
638 2456 698 2500 sna
720 2436 838 2501 ferocia
860 2449 982 2500 temera
1005 2436 1132 2517 luctari,
1184 2435 1288 2518 rogati
1311 2435 1439 2499 luerint.
1486 2432 1573 2513 Quia
1596 2436 1696 2517 igitur
1718 2455 1776 2516 per
1798 2456 1832 2500 se
1854 2435 1935 2499 satia
1957 2436 2077 2500 clamat
2098 2458 2153 2519 op·

162 2536 207 2581 ne
236 2518 356 2581 rationi
386 2518 514 2583 cedant.
563 2521 634 2585 Etsi
665 2521 750 2585 enim
779 2521 944 2586 deterrimi
972 2531 1051 2587 sunt
1080 2534 1131 2605 ty·
1184 2521 1318 2602 pressio,
1347 2520 1375 2585 si
1396 2520 1495 2584 iudex
1524 2521 1558 2583 in
1590 2520 1655 2584 alta
1684 2519 1815 2602 specula
1842 2520 1959 2585 sedens
1988 2520 2152 2604 connivet,

163 2603 272 2681 muni,
300 2603 500 2685 scelestaque
529 2607 698 2689 sacrilegio
720 2616 879 2689 occupant
900 2607 1005 2673 locum
1027 2607 1131 2686 illum,
1185 2605 1473 2671 dissimulationem
1506 2604 1590 2672 hanc
1623 2607 1757 2687 impune
1787 2627 1851 2670 non
1878 2626 2042 2671 cessuram
2078 2627 2151 2689 pro·

163 2687 289 2769 siquis
316 2699 424 2754 tamen
448 2688 512 2754 Dei
534 2712 651 2756 servus
673 2700 786 2756 contra
813 2693 901 2774 ipsos
925 2693 1051 2757 hiscere
1073 2714 1133 2757 an·
1185 2692 1283 2774 pheta
1305 2690 1485 2755 denuntiat.

164 2773 258 2852 deat‚
289 2775 383 2856 quasi
410 2776 504 2839 fieret
528 2776 608 2859 ipsis
637 2797 757 2861 magna
786 2778 919 2856 iniuria,
949 2778 1133 2843 obtendunt

164 2879 293 2923 sacrum
317 2861 378 2924 Dei
401 2882 529 2927 nomen.
574 2862 627 2927 Ita
649 2861 726 2926 dum
750 2881 784 2928 se
806 2865 938 2947 fingunt
967 2866 1132 2930 communi
1272 2861 1302 2926 5.
1328 2860 1401 2925 Non
1422 2866 1614 2942 cognosccat,
1643 2860 2002 2944 enucleationem
2023 2860 2153 2927 tembris

163 2942 237 3027 lege
258 2959 436 3029 exemptos,
460 2967 497 3012 ao
519 2948 650 3024 solutos,
674 2948 856 3014 doctrinam
877 2950 1013 3032 eiusque
1035 2951 1132 3014 mini·
1185 2946 1354 3024 ambulent,
1376 2948 1522 3025 quemuis
1542 2952 1722 3011 moveantur
1743 2947 1849 3012 orcula
1868 2947 2074 3027 fundamento
2095 2953 2154 3011 ter-

163 3039 248 3094 atros
281 3031 434 3114 ablegant
466 3032 506 3096 ad
535 3032 671 3116 plebem.
721 3032 871 3116 Denique
904 3036 1030 3099 nnllam
1061 3056 1131 3101 esse
1183 3052 1249 3097 roe.
1302 3033 1331 3096 6.
1361 3029 1432 3112 Epo
1461 3032 1547 3110 dici,
1578 3032 1640 3097 Dii
1672 3033 1762 3111 estio,
1796 3036 1823 3094 ct
1848 3031 1913 3111 filii
1941 3031 2069 3096 Excelsc'
2098 3052 2152 3096 vos

163 3115 337 3198 imperium
368 3127 487 3199 putant
508 3119 572 3182 nisi
594 3119 651 3182 ubi
674 3120 817 3183 exsultat
843 3120 994 3184 effraenis
1020 3121 1130 3186 libido.
1183 3138 1295 3183 omnes.
1340 3117 1369 3180 l.
1395 3115 1480 3181 Certe
1500 3118 1581 3180 sicut
1603 3117 1699 3196 imno,
1720 3117 1911 3181 mmicmini:
1932 3121 1961 3181 et
1979 3118 2059 3182 sicut
2080 3119 2152 3198 qui·

164 3202 269 3283 Atqui
299 3201 458 3286 principio
488 3204 549 3269 hoc
577 3205 690 3287 posito,
721 3203 829 3268 Deum
853 3205 941 3268 inter
963 3207 1048 3288 ipsos
1070 3227 1130 3289 gu·
1185 3203 1263 3280 libet,
1284 3203 1445 3283 principes
1466 3203 1593 3267 cadetis
1627 3203 1657 3267 8.
1678 3203 1778 3285 Serpa
1794 3201 1884 3268 Deua
1901 3203 2009 3267 iudica
2027 3207 2152 3284 terram,

164 3285 313 3368 bernare,
333 3289 398 3353 iam
417 3290 598 3372 patefactus
620 3298 670 3355 est
688 3289 805 3371 aliquis
827 3289 992 3356 doctrinae
1015 3291 1130 3359 aditus.
1184 3290 1261 3371 qum
1281 3295 1315 3353 tu
1335 3288 1542 3353 haereditabis
1562 3289 1599 3352 iu
1620 3290 1737 3353 cundia
1756 3288 1908 3372 pratibus.

164 3372 256 3455 Ergo
285 3374 444 3456 propheta
466 3374 520 3439 nbi
543 3376 605 3440 sibi
627 3376 836 3440 autoritatem
866 3377 1000 3458 peperit,
1031 3378 1132 3442 libere

164 3458 335 3523 invehitur
355 3461 391 3523 in
413 3460 587 3543 principes,
618 3472 650 3524 et
677 3462 911 3526 crassissimum
934 3463 1050 3526 vitium
1079 3485 1132 3528 oa·
1269 3460 1299 3525 5.
1323 3459 1409 3544 (Non
1430 3458 1634 3545 coprwscuol.)
1670 3459 1846 3541 Postquam
1868 3458 1966 3523 officii
1984 3458 2154 3523 admonuit

165 3545 276 3628 stiget,
304 3544 380 3609 dum
404 3567 439 3611 se
462 3547 593 3612 venales
615 3547 746 3612 iniustis
767 3568 945 3630 pauperum
969 3550 1131 3614 vexatori·
1184 3547 1357 3630 principes,
1386 3547 1594 3626 conqueritur
1616 3566 1651 3609 se
1675 3545 1758 3609 nihil
1782 3546 1947 3627 proficere,
1978 3546 2054 3626 quia
2084 3555 2152 3610 stu·

165 3626 227 3694 bus
256 3630 475 3712 prostituunt,
508 3642 542 3696 et
570 3632 718 3698 mercede
749 3633 919 3714 redempti,
941 3643 1132 3716 pervertunt
1184 3631 1251 3715 pidi
1274 3641 1360 3712 sant,
1383 3653 1444 3696 nec
1468 3631 1648 3695 admittunt
1669 3650 1781 3694 sanam
1805 3631 2002 3695 doctrinam:
2030 3631 2095 3693 imo
2118 3642 2154 3693 ut

165 3735 296 3780 omnem
320 3717 527 3798 aequitatem.
561 3717 682 3800 Impius
703 3727 811 3782 antem
830 3718 949 3783 diserte
969 3721 1132 3803 exprimit,
1184 3719 1391 3783 concutiatur
1420 3725 1509 3780 totus
1538 3716 1638 3791 orbis,
1668 3717 1774 3780 securi
1805 3725 1938 3779 manent
1962 3716 1997 3779 in
2020 3735 2078 3780 sua
2100 3736 2152 3779 so·

165 3801 243 3883 qnia
265 3800 356 3883 probi
377 3803 525 3868 homines
544 3825 709 3887 nunquam
730 3804 906 3868 studebunt
928 3825 1133 3888 corrumpere
1185 3803 1303 3870 cordia.
1341 3802 1426 3866 Nam
1449 3802 1527 3867 hino
1549 3802 1692 3865 maxime
1714 3802 1858 3885 coarguit
1877 3812 1910 3865 et
1927 3812 2022 3883 urget
2039 3821 2152 3865 eorum

164 3887 295 3951 indicia.
339 3886 392 3952 Ad
416 3887 496 3954 haee
519 3888 611 3952 furor
631 3889 761 3971 quidam
785 3888 962 3954 diabolicus
985 3912 1133 3972 proceres
1186 3890 1394 3965 dementiam,
1417 3887 1512 3969 quod,
1535 3888 1563 3952 si
1585 3885 1719 3950 videant
1740 3889 1863 3951 coelum
1887 3896 1993 3950 terrae
2015 3886 2154 3966 misceri,

165 3972 279 4036 mundi
310 3973 491 4052 dementat,
526 3986 563 4037 ut
585 3974 658 4055 plus
679 3975 836 4058 improbis
868 3975 954 4039 ultro
976 3976 1132 4054 deferant,
1186 3984 1377 4039 nontamen
1402 3982 1603 4048 moveantur,
1627 3973 1708 4037 acsi
1728 3973 2154 4054 nullaaestangeretcura

165 4076 263 4138 qnam
298 4058 440 4124 innoxiis
474 4068 507 4125 et
539 4061 750 4143 simplicibus.
803 4060 985 4144 Fingamus
1018 4063 1134 4144 impios
1186 4061 1315 4145 generis
1332 4059 1478 4139 humani,
1500 4059 1594 4124 onius
1613 4067 1724 4121 tamen
1742 4057 1925 4140 specialiter
1943 4057 2057 4122 delecti
2077 4065 2155 4122 sunt

166 4163 302 4220 cesamo,
333 4165 437 4227 nequa
459 4145 656 4227 adulatione,
687 4166 793 4228 neque
816 4145 996 4225 fraudibus,
1027 4168 1134 4230 neque
1186 4144 1344 4212 custodes.
1379 4144 1458 4207 Dixi
1480 4153 1589 4208 autem
1612 4143 1709 4225 paulo
1731 4158 1816 4225 ante,
1840 4142 1916 4225 quid
1940 4144 2080 4207 maxime
2099 4164 2153 4208 eos

165 4230 314 4311 pecunia,
335 4250 440 4313 neque
462 4231 525 4295 alio
546 4232 682 4297 artificio
706 4232 767 4297 sibi
790 4232 956 4313 acquirere
978 4232 1133 4311 favorem,
1187 4233 1294 4314 privet
1314 4229 1549 4313 intelligentia,
1579 4229 1656 4311 quia
1678 4229 1800 4294 scilicet
1830 4230 2016 4293 caecutiunt
2039 4229 2073 4292 in
2096 4248 2154 4292 suo

166 4317 222 4397 qni
256 4325 365 4379 tamen
401 4316 628 4397 dominantur,
667 4327 704 4381 ut
737 4318 912 4398 plurimum
946 4319 979 4381 in
1015 4320 1133 4382 malam
1186 4318 1327 4399 fulgore:
1357 4325 1390 4378 et
1413 4336 1514 4397 quum
1537 4315 1688 4378 ferociter
1714 4314 1883 4377 excutiant
1910 4334 2006 4377 omne
2028 4316 2152 4395 iugum,

165 4413 294 4482 partem
323 4402 428 4484 magis
457 4403 611 4484 propensi
634 4412 741 4467 erunt.
786 4402 877 4467 Haec
899 4403 980 4467 ratio
1003 4416 1054 4468 est
1075 4424 1134 4468 our
1187 4403 1277 4467 nulla
1306 4402 1420 4485 religio
1451 4402 1490 4464 ad
1521 4400 1711 4464 modestiam
1742 4421 1796 4464 cos
1825 4400 1936 4464 flectit.
1980 4399 2064 4463 Nam
2093 4398 2153 4463 hoo

166 4484 342 4568 exprobret
374 4487 534 4569 propheta
566 4488 683 4571 impios
716 4489 790 4570 plus
821 4489 963 4573 reperire
1000 4492 1131 4567 laveris,
1186 4509 1284 4553 sanae
1312 4487 1432 4551 mentis
1463 4496 1495 4549 et
1524 4485 1716 4567 prudentiae
1749 4485 1879 4549 initium
1912 4495 1977 4559 est,
2010 4485 2154 4547 tribuere

165 4592 262 4653 qnam
287 4572 386 4637 bonos
410 4583 442 4636 ct
463 4574 617 4655 integros.
1186 4574 1258 4639 Deo
1288 4594 1381 4636 sunm
1406 4573 1575 4647 honorem,
1606 4582 1644 4635 nt
1665 4591 1724 4636 nos
1747 4572 1837 4636 verbi
1871 4571 1920 4633 sui
1944 4570 2054 4633 fraeno
2077 4589 2152 4632 con·

252 4657 282 4721 3.
310 4656 488 4743 (Iudicate.)
533 4658 686 4723 Breviter
708 4657 859 4724 admouet
881 4661 1039 4743 propheta
1061 4662 1132 4742 qui·
1186 4662 1298 4724 tineat.
1342 4658 1549 4723 Postremum
1573 4656 1632 4722 hoo
1654 4657 1852 4732 membrum,
1880 4660 2058 4718 moocurtlur
2079 4654 2153 4733 ficu-

165 4742 227 4808 bus
248 4743 451 4808 documentis
472 4742 610 4825 probarc
632 4745 805 4809 conveniat
828 4747 949 4809 iustum
972 4756 1005 4810 et
1026 4747 1133 4811 mode·
1185 4747 1331 4809 demente
1360 4749 1475 4822 terrac,
1504 4743 1649 4825 plerique
1679 4745 1745 4806 fere
1767 4762 1879 4805 omnes
1902 4740 1965 4804 alio
1988 4750 2152 4821 torquent,

166 4839 273 4892 ratum
307 4829 497 4911 imperium:
532 4850 648 4911 nempe
677 4831 704 4893 si
735 4831 786 4895 ius
816 4852 910 4896 suum
944 4833 1071 4896 miseris
1101 4842 1133 4895 et
1186 4831 1274 4894 acsi
1298 4829 1516 4893 intermundi
1545 4829 1747 4894 calamitates
1777 4828 1860 4890 hanc
1882 4847 1952 4890 esse
1974 4830 2153 4890 maximam

167 4915 296 4981 afflictis
318 4915 473 4979 tribuant.
508 4916 570 4979 Est
587 4914 717 4997 quidem
736 4916 769 4979 in
790 4916 897 4979 verbis
919 4918 1133 4999 synecdoche,
1159 4906 1162 5010 l
1188 4916 1309 4980 diceret
1331 4915 1498 4997 propheta,
1531 4915 1586 4977 nbi
1610 4915 1772 4995 principes
1794 4913 1898 4975 officio
1921 4932 1984 4975 non
2008 4911 2162 5008 lungun»

166 5003 241 5081 quia
272 5013 397 5066 certum
431 5010 481 5065 est
513 5001 701 5065 obstrictam
735 5021 806 5065 esse
839 5002 989 5066 omnibus
1023 5024 1132 5066 eoram
1188 5014 1256 5066 tur:
1287 5002 1362 5083 quia
1384 5011 1488 5063 status
1512 5010 1627 5076 terrae,
1656 5000 1716 5062 hoo
1739 5011 1788 5062 ost
1808 4998 1975 5061 hominum
2000 4996 2152 5072 conditio,

167 5085 281 5150 fidem:
312 5087 367 5151 scd
397 5109 462 5149 non
485 5085 542 5150 abs
564 5107 600 5150 re
623 5085 700 5151 dicit
732 5087 891 5168 propheta
920 5089 1047 5152 miseris
1078 5089 1134 5152 ho·
1159 5114 1162 5149 ι
1188 5085 1490 5151 huiofundamento
1508 5085 1670 5161 innititur,
1688 5084 1715 5147 si
1734 5084 1857 5146 iustitia
1875 5085 1992 5165 vigeat.
2028 5080 2153 5146 Sensus

167 5173 310 5236 minibus
339 5183 373 5236 et
396 5171 557 5253 oppressis
580 5172 672 5236 datos
700 5192 770 5236 esse
800 5183 969 5253 patronos,
999 5176 1074 5256 qnia
1102 5154 1162 5243 etl
1187 5193 1264 5256 ergo
1294 5182 1343 5235 est
1372 5170 1551 5235 secundum
1576 5190 1644 5246 cos,
1676 5168 1861 5232 labefactari
1891 5167 2000 5232 orbem
2030 5168 2154 5232 iniusta

168 5257 273 5323 alieno
301 5258 423 5322 auxilio
451 5257 616 5339 indigent,
650 5278 710 5322 nec
737 5257 815 5323 alibi
844 5259 1009 5339 reperient
1037 5280 1133 5342 quam
1159 5272 1162 5309 ¹
1187 5258 1369 5341 principum
1390 5253 1575 5341 tyrannide.
1607 5255 1687 5338 Ego,
1709 5274 1895 5337 quanquam
1915 5275 2046 5318 sensum
2066 5257 2154 5319 hune

239 5359 349 5414 Caluini
365 5375 459 5427 opero.
488 5358 547 5413 Vol.
560 5358 674 5414 XXXI.
1914 5355 1949 5409 49
