4658 5856
226 315 290 383 403
1031 309 1248 378 PSALMUS
1270 309 1438 376 XXXIX.
2153 313 2218 378 404

229 516 341 589 pacato
363 503 473 570 animo
495 501 917 586 expenderequidmeritus
939 501 991 576 sit,
1015 508 1047 564 et
1068 500 1197 565 veniam
1248 498 1313 564 illis
1346 498 1452 581 parcit
1485 499 1598 566 Deus?
1652 500 1764 566 Unum
1805 500 1907 585 igitur
1947 499 2128 565 remedium
2167 511 2218 568 est

230 591 364 675 precari.
395 588 533 655 Summa
554 599 665 653 autem
687 594 746 663 est,
769 596 807 651 ut
828 587 918 651 Deus
940 606 1076 668 poenam
1098 606 1196 668 quam
1249 584 1438 668 purgandae
1471 584 1658 669 superbiae,
1694 585 1751 651 ubi
1780 586 1885 651 territi
1914 586 1981 651 irae
2010 585 2074 651 Dei
2108 608 2217 666 sensu,

230 677 359 756 inflixit,
380 675 518 740 relaxet.
561 675 660 738 Ratio
684 670 824 750 additur,
847 672 924 754 quia
944 671 1067 752 defleat
1088 692 1109 735 a
1131 690 1197 736 cert·
1250 688 1316 734 non
1339 669 1432 734 modo
1455 670 1517 736 sibi
1547 671 1734 756 displicere,
1770 669 1826 736 sed
1854 692 1988 755 prorsus
2018 693 2051 737 se
2081 672 2219 740 deiicere

229 763 361 826 tentione
388 780 502 827 mauce
530 760 609 825 eius.
659 757 750 823 Nihil
777 757 995 823 excusationis
1031 758 1128 822 affert
1157 753 1198 820 ad
1250 755 1422 837 incipiunt.

230 846 404 912 levandam
427 846 572 929 culpam,
602 842 658 910 sed
680 843 867 908 infirmitati
888 863 965 907 suae
988 843 1077 925 parci
1098 841 1198 924 cupit.

232 931 326 1032 silut
353 940 462 1031 altem
491 930 654 1028 privatim.
686 951 720 994 ⁸⁰
738 938 980 1030 .⁰9¹¹⁸¹¹mpt¹¹m
1010 948 1080 995 ⁰⁸⁸⁶
1111 927 1199 1005 ‘iim’
1339 958 1389 1023 13.
1413 961 1504 1026 Audi
1515 962 1727 1042 precationem
1743 983 1844 1027 mecm
1862 962 1980 1029 Ielreuc
2010 963 2219 1029 eductorem

232 1037 310 1100 qma
332 1018 395 1085 Der
417 1036 550 1080 manum
573 1022 691 1113 sentiat
719 1015 781 1080 srbr
803 1014 990 1115 adversam:
1020 1034 1098 1079 mox
1121 1033 1198 1096 quo·
1251 1065 1353 1111 mmm
1374 1047 1531 1123 mmm,
1562 1047 1604 1112 ad
1637 1048 1793 1131 ,ammas
1813 1069 1900 1115 meas
1931 1015 2111 1130 ne’saeas,
2143 1054 2221 1132 quia

232 1124 294 1186 que
316 1101 500 1188 generalem
530 1107 726 1165 sententiam
756 1099 863 1165 addit:
893 1097 930 1165 Sr
952 1098 1045 1165 Deus
1074 1117 1200 1164 summo
1250 1132 1435 1215 ,mmm
1452 1152 1503 1215 ,9⁰
1524 1152 1630 1197 ,oram
1646 1138 1683 1213 te,
1706 1133 1881 1214 ,maim
1896 1136 1976 1200 Sim,
1993 1155 2094 1202 omnes
2110 1141 2222 1217 pam,

232 1190 306 1254 iure
342 1188 508 1254 nobiscum
541 1206 638 1269 agere
673 1206 847 1269 aggressus
876 1184 991 1267 fuerit,
1021 1183 1111 1283 nihil⁸
1133 1184 1201 1248 fore
1253 1216 1322 1282 mei·
1370 1218 1418 1281 14Ι
1443 1218 1561 1284 Desine
1580 1239 1601 1282 a
1623 1239 1670 1282 me
1713 1224 1746 1282 u,
1768 1219 1890 1285 whom
1918 1226 2082 1303 umquem
2103 1222 2213 1287 meum

233 1275 406 1356 reliquum,
430 1271 494 1337 nisi
516 1278 554 1336 ut
565 1291 679 1337 omnes
700 1293 737 1336 eo
753 1273 838 1336 irato
850 1269 1009 1347 deficiant,
1033 1290 1070 1336 ac
1081 1269 1201 1335 diserte
1254 1307 1364 1368 emm
1384 1304 1456 1367 Sim·
1678 1269 1685 1296 ’
2215 1272 2222 1300 ν

234 1358 378 1426 ostendit
407 1378 441 1422 se
474 1376 539 1421 non
574 1355 614 1421 de
647 1356 793 1439 quolibet
821 1356 953 1421 homine
983 1357 1034 1421 vel
1062 1355 1102 1420 de
1131 1374 1202 1438 gre-

234 1445 335 1530 gariis
363 1451 491 1508 tantum
519 1442 626 1525 loqui:
658 1441 736 1525 quia
763 1443 791 1507 si
819 1442 906 1507 viros
934 1442 1072 1525 castiget
1099 1440 1201 1519 Deua,

235 1527 392 1613 quidquid
412 1527 447 1592 in
459 1527 540 1611 ipsis
552 1529 731 1610 pretiosum
753 1534 813 1605 est,
835 1527 1030 1610 liquefaciet.
1064 1525 1203 1592 Summa
1341 1523 1391 1589 13.
1415 1523 1517 1608 (Aedi
1530 1525 1741 1607 precationem
1767 1525 1889 1612 mecm)
1912 1527 2084 1594 Gradutim
2108 1531 2225 1611 ampli-

234 1623 298 1693 est,
331 1615 494 1679 neminem
518 1613 704 1678 mortalium
734 1621 827 1678 tanta
856 1613 981 1677 virtute
1014 1621 1072 1677 aut
1100 1610 1203 1693 gloria
1255 1610 1331 1674 ficut
1363 1612 1518 1692 precandi
1551 1611 1799 1676 vehementiam.
1854 1612 2006 1679 Secundo
2035 1616 2124 1679 enim
2153 1614 2224 1682 loeo

234 1699 412 1782 excellere,
441 1720 538 1782 quem
567 1700 617 1764 ira
639 1699 719 1776 Dei,
751 1698 779 1764 si
811 1698 1036 1763 vehementius
1066 1697 1101 1761 in
1128 1717 1201 1761 eum
1254 1694 1420 1760 tumorem
1437 1697 1536 1779 ponit,
1560 1697 1655 1760 tertio
1673 1696 1839 1780 lacrymae.
1882 1698 1996 1782 Neque
2015 1714 2123 1766 tamen
2143 1701 2226 1768 haee

234 1785 411 1862 exarserit,
441 1784 574 1849 nonsit
602 1785 752 1866 protinus
780 1784 816 1848 in
845 1784 983 1848 nihilum
1013 1781 1203 1849 redactura:
1255 1778 1403 1863 gradatio
1425 1793 1474 1847 est
1497 1782 1666 1860 rhetorica,
1697 1802 1778 1864 quae
1807 1783 1849 1848 ad
1879 1795 2032 1849 ornatum
2061 1796 2094 1851 et
2115 1787 2226 1870 splen-

233 1871 290 1937 sed
313 1870 413 1936 verbe
434 1870 568 1952 propius
591 1877 743 1935 excutere
772 1869 937 1936 convenit.
981 1868 1095 1952 Neque
1117 1867 1202 1931 enim
1255 1866 1366 1930 dorem
1389 1868 1561 1933 verborum
1586 1879 1714 1932 tantum
1726 1867 1848 1934 valeat:
1872 1870 1928 1934 sed
1951 1871 2225 1952 quemadmodum

232 1955 342 2023 David
377 1954 570 2037 simpliciter
603 1963 834 2021 commemoret
864 1975 961 2037 quam
990 1952 1203 2019 formidabilis
1256 1951 1366 2016 David
1389 1973 1429 2016 ex
1451 1955 1536 2017 serio
1554 1962 1588 2017 ct
1609 1953 1724 2018 intimo
1742 1953 1848 2018 cordis
1865 1956 1984 2020 affectu
2006 1957 2107 2032 flevit,
2130 1957 2227 2024 nubis

234 2044 277 2109 eit
298 2043 347 2106 irs
368 2039 449 2104 Dei:
473 2040 588 2106 sedin
611 2040 762 2109 omnibus
779 2042 894 2122 poenis
916 2039 1087 2124 exigendis
1108 2038 1202 2103 iusti·
1256 2035 1406 2102 omnibus
1428 2037 1619 2120 praeseribit
1644 2036 1759 2102 orandi
1786 2038 1903 2122 legem.
1949 2040 2045 2121 Quod
2074 2064 2110 2107 se
2132 2064 2224 2124 pere-

235 2127 314 2192 tiam
354 2126 425 2191 eius
464 2125 639 2208 praedicat.
694 2125 844 2191 Profunis
883 2126 982 2190 etiam
1016 2124 1203 2189 hominibus
1253 2123 1383 2205 penem
1414 2129 1442 2187 et
1480 2125 1674 2206 inquilinum
1707 2132 1817 2203 vocat,
1850 2124 1903 2190 his
1936 2126 2070 2191 vocibus
2104 2129 2226 2194 iterum

235 2211 355 2278 iudicia
385 2211 448 2277 Dei
481 2209 648 2276 interdum
680 2219 839 2276 terrorem
867 2211 1049 2290 incutiunt,
1082 2209 1138 2275 sed
1168 2210 1203 2273 in
1256 2206 1399 2272 ostendit
1409 2230 1507 2290 quam
1519 2209 1712 2274 miserabilis
1734 2209 1777 2271 sit
1798 2230 1858 2275 sua
1869 2210 2025 2275 conditio:
2048 2223 2081 2277 et
2104 2213 2225 2280 diserte

235 2299 380 2362 furorem
402 2316 455 2360 eos
481 2295 620 2379 impellit
649 2316 708 2361 sua
736 2296 890 2375 caecitas,
919 2304 957 2361 ut
990 2295 1203 2360 nihilominus
1256 2291 1478 2372 addiscerem
1500 2294 1583 2360 Dee:
1605 2315 1672 2358 non
1694 2304 1821 2358 tantum
1844 2295 1929 2378 quod
1951 2317 1971 2360 a
1990 2297 2060 2362 Deo
2082 2301 2225 2384 peregri·

236 2404 311 2450 oum
334 2382 555 2465 ipsolitigent.
590 2381 655 2446 Per
677 2382 890 2462 corruptiones
906 2382 1063 2465 intelligit
1074 2400 1204 2447 severas
1257 2386 1378 2442 nantur
1399 2378 1548 2445 homines
1577 2377 1731 2463 quamdiu
1762 2380 1939 2446 inmundo
1970 2382 2135 2462 habitant,
2166 2386 2225 2451 sed

237 2488 366 2551 poenus,
389 2487 471 2548 quae
492 2467 574 2530 meri
595 2467 713 2550 rigoris
736 2475 834 2533 testes
856 2476 933 2532 sunt
955 2487 993 2532 ao
1009 2468 1078 2531 irae
1099 2467 1203 2550 signa.
1258 2463 1368 2527 eodem
1392 2484 1456 2547 quo
1485 2467 1573 2547 prius
1603 2485 1701 2530 sensu
1731 2462 1831 2548 dixit,
1865 2466 1947 2533 Dies
1976 2469 2040 2533 mei
2069 2482 2225 2553 tanquam

237 2553 368 2620 Scimus
402 2552 489 2617 enim
519 2554 627 2617 Deum
661 2572 757 2633 saepe
789 2551 905 2617 ferulis
937 2554 1005 2617 suis
1035 2562 1204 2634 pereutere
1258 2548 1397 2613 nihilum
1420 2550 1506 2632 apud
1529 2560 1574 2614 te:
1605 2551 1680 2634 quia
1708 2551 1833 2617 scilicet
1853 2552 1947 2618 Deus
1976 2554 2098 2636 absque
2120 2558 2225 2621 moni·

237 2639 363 2714 fideles,
397 2648 434 2702 ut
455 2636 621 2721 puniendo
650 2637 840 2702 clementiae
867 2645 902 2700 et
931 2638 1050 2702 amoris
1072 2646 1203 2720 gustum
1259 2642 1327 2697 tore
1360 2635 1440 2699 satis
1472 2637 1601 2701 noverit
1623 2635 1772 2703 homines
1795 2637 1895 2703 breve
1924 2638 2053 2704 itineris
2081 2643 2224 2724 spatium

237 2724 333 2788 simul
356 2721 527 2804 praebeat:
561 2743 620 2786 neo
643 2720 749 2786 solum
770 2730 930 2803 temperet
958 2724 1045 2802 ipsas
1075 2742 1204 2804 poenas,
1258 2718 1398 2784 interra
1419 2722 1585 2801 conficere,
1606 2722 1659 2788 vel
1682 2725 1957 2806 exiguotempore
1976 2725 2010 2788 in
2032 2745 2070 2790 ea
2092 2748 2226 2793 manere

237 2807 294 2874 sed
316 2807 422 2873 solatii
444 2807 649 2871 condimento
670 2826 787 2872 suaves
809 2805 932 2872 reddat.
962 2807 1028 2874 Hic
1046 2828 1123 2889 ergo
1142 2828 1205 2871 non
1259 2817 1412 2886 tanquam
1442 2806 1627 2887 inquilinos.
1683 2806 1820 2872 Summa
1849 2819 1915 2892 est,
1952 2809 2062 2875 Deum
2089 2832 2107 2876 e
2135 2813 2224 2878 coelo

239 2893 279 2957 de
301 2901 438 2974 paterna
449 2893 661 2975 castigatione
682 2893 888 2956 concionatur
901 2892 1017 2975 David,
1040 2893 1097 2957 sed
1109 2913 1206 2975 quam
1259 2889 1368 2955 videre
1396 2911 1494 2974 quam
1523 2893 1642 2957 misera
1670 2894 1713 2957 sit
1742 2903 1853 2959 nostra
1882 2895 2035 2979 conditio,
2069 2898 2130 2962 uisi
2165 2921 2226 2964 nos

239 2978 386 3059 reprobis
407 2976 543 3061 infligit,
567 2976 644 3042 dum
665 2976 831 3056 iudicium,
862 2978 957 3058 quale
984 2978 1091 3043 meriti
1120 2987 1205 3060 sunt,
1258 2996 1317 3040 sua
1338 2975 1560 3043 misericordia
1582 2978 1731 3059 excipiat.

239 3066 273 3129 in
307 3084 362 3128 eos
395 3071 549 3144 tanquam
588 3062 799 3129 inexorabilis
834 3063 934 3127 iudex
966 3072 1112 3129 exercet:
1145 3064 1206 3129 hoc
1345 3062 1394 3127 14.
1416 3060 1548 3147 (Desine
1568 3086 1589 3128 a
1610 3062 1680 3148 me.)
1723 3064 1776 3129 Ad
1807 3064 1941 3131 verbum
1965 3076 2029 3132 est:
2050 3066 2177 3133 Claude
2206 3091 2226 3134 a

240 3151 348 3231 rigore
371 3147 449 3215 dicit
471 3158 603 3215 cunctos
625 3150 779 3215 mortales
808 3149 920 3214 stetim
948 3149 1122 3233 liquefieri,
1152 3149 1205 3215 vel
1259 3168 1324 3212 me:
1347 3148 1564 3230 ideoquidam
1577 3163 1754 3234 exponunt,
1775 3151 1844 3217 Fac
1866 3164 1903 3217 ut
1925 3153 2066 3219 maceria
2083 3155 2226 3220 eitinter

240 3234 396 3300 tabescere.
442 3231 508 3299 Sed
529 3235 635 3318 primo
657 3234 779 3300 intuitu
802 3233 942 3299 absurda
969 3233 1074 3301 videri
1096 3245 1207 3317 posset
1259 3254 1318 3298 nos
1346 3233 1548 3318 interposita,
1581 3257 1623 3300 ne
1652 3255 1768 3300 manus
1802 3245 1859 3302 tua
1890 3239 1930 3304 ad
1964 3259 2017 3303 me
2045 3243 2224 3322 perveniet.

240 3319 438 3403 comparatio
456 3319 520 3384 Dei
542 3340 617 3385 oum
640 3321 730 3385 tinea.
769 3318 857 3401 Quid
879 3321 965 3385 enim
988 3320 1087 3386 affine
1110 3321 1207 3386 habet
1259 3319 1326 3383 Alii
1355 3318 1557 3385 subaudiunt
1578 3320 1714 3386 Oculos:
1747 3322 1804 3386 sed
1828 3323 1913 3404 quod
1940 3321 1981 3388 ad
2009 3344 2078 3388 rem
2110 3325 2224 3408 ipsam,

240 3406 418 3471 vermiculo
460 3407 619 3470 immensa
658 3405 723 3470 Dei
766 3406 939 3471 maiestas?
1003 3406 1206 3489 Respondeo,
1258 3426 1376 3488 parum
1397 3405 1547 3470 interest:
1571 3407 1648 3488 quia
1670 3406 1814 3487 postulat
1835 3408 1945 3475 David
1968 3409 2028 3475 sibi
2051 3410 2123 3474 dari
2144 3432 2224 3494 pau·

242 3492 408 3574 aptissime
426 3488 589 3556 Davidem
608 3489 668 3556 hue
690 3489 902 3555 similitudine
920 3490 1021 3555 fuisse
1043 3512 1147 3575 usum,
1170 3500 1207 3557 ut
1258 3491 1374 3556 xillum
1387 3491 1604 3568 relaxationis,
1627 3490 1704 3555 dum
1722 3493 1810 3560 vires
1832 3503 2009 3578 recuperet,
2033 3495 2086 3561 vel
2108 3497 2226 3562 saltem

241 3578 393 3658 sciamus,
416 3577 565 3660 quamvis
589 3596 651 3640 uon
675 3575 784 3658 palam
795 3575 946 3641 fulminet
967 3597 985 3641 e
1007 3576 1094 3641 coelo
1106 3577 1207 3660 Deus,
1258 3578 1396 3660 respiret
1417 3584 1493 3641 ante
1514 3585 1661 3642 mortem.
1685 3576 1859 3644 Caeterum
1882 3581 1963 3646 haec
1984 3580 2130 3646 clausula
2151 3604 2226 3666 per·

242 3684 308 3728 non
329 3661 424 3726 aliter
442 3670 553 3725 tamen
575 3662 699 3726 occulta
722 3662 792 3726 eius
809 3660 1036 3726 maledictione
1058 3664 1207 3728 consumi
1259 3663 1475 3728 turbationem
1504 3664 1611 3728 carnis
1639 3665 1788 3747 respicit:
1816 3665 1893 3747 quia
1921 3663 2052 3731 videtur
2074 3678 2226 3750 expostu-

241 3748 405 3831 reprobos,
427 3768 465 3812 ac
476 3748 564 3813 tinea
585 3766 678 3812 caeco
699 3767 809 3811 morsu
828 3766 975 3829 pannum
987 3747 1038 3812 vel
1061 3747 1207 3831 linguam
1260 3747 1355 3812 lando
1395 3746 1534 3814 liberum
1566 3750 1726 3813 moriendi
1761 3760 1890 3833 tempus
1923 3751 1984 3817 sibi
2017 3761 2145 3833 petere,
2189 3766 2227 3818 ut

242 3833 399 3899 absumit:
431 3843 463 3897 et
485 3833 581 3897 simul
605 3833 735 3915 respicit
766 3832 807 3897 ad
837 3832 1080 3915 excellentiam,
1109 3854 1206 3915 quam
1259 3832 1364 3898 solent
1385 3833 1535 3897 homines
1557 3835 1713 3901 moeroris
1742 3836 1793 3901 sui
1816 3837 1923 3902 taedio
1944 3836 2093 3902 confecti.
2138 3840 2227 3903 Vere

239 3920 317 3983 dicit
351 3919 443 4001 quasi
466 3917 639 4001 putredine
667 3919 848 4003 corrumpi,
879 3917 934 3983 ubi
955 3917 1047 3983 Deus
1068 3919 1207 3984 infestus
1258 3919 1388 4000 quidem
1418 3920 1580 4002 agnoscit,
1610 3919 1734 3985 nullam
1765 3942 1857 4006 spem
1887 3942 1957 3989 esse
1985 3923 2227 4006 recuperandae

238 4013 304 4085 est,
339 4004 434 4070 sicuti
463 4004 713 4087 pretiosissimus
735 4024 880 4087 quasque
910 4012 1018 4070 vestes
1044 4025 1103 4070 sua
1132 4004 1205 4069 tabe
1259 4004 1388 4088 salutis,
1418 4005 1519 4069 donec
1541 4003 1582 4067 ab
1614 4006 1664 4069 ira
1692 4009 1903 4088 supersedeat
1923 4008 2033 4073 Deus:
2063 4007 2121 4074 sed
2151 4030 2226 4093 per·

238 4089 369 4156 conficit
389 4089 488 4154 tinea.
533 4089 606 4154 Hoc
628 4090 723 4155 modo
744 4090 906 4173 scriptura
923 4091 1031 4155 varias
1053 4088 1205 4155 similitu·
1258 4110 1371 4172 peram
1405 4089 1553 4155 induciae
1585 4090 1649 4156 sibi
1681 4100 1809 4158 tantum
1842 4092 1883 4158 ad
1915 4093 2120 4159 moriendum
2154 4095 2224 4161 dari

239 4175 332 4240 dines
361 4196 401 4239 ex
431 4175 561 4256 optimis
598 4175 704 4240 causis
732 4185 878 4257 sumptas
908 4174 948 4239 ad
979 4175 1125 4241 diversos
1153 4197 1205 4240 re·
1257 4175 1409 4259 postulat.
1444 4175 1561 4240 Posset
1582 4175 1712 4258 quidem
1736 4179 1885 4243 excusari
1904 4179 1965 4244 hoo
1986 4189 2119 4244 votum:
2141 4200 2181 4247 ac
2198 4183 2224 4245 si

238 4268 368 4344 spectus
391 4269 503 4342 aptare
521 4262 611 4326 solet.
656 4260 826 4343 Ezechias,
849 4259 931 4326 Iesa.
955 4260 1006 4343 38,
1031 4261 1081 4345 13,
1104 4281 1205 4343 quum
1258 4261 1410 4343 dixisset,
1436 4260 1577 4326 Domine
1600 4263 1725 4344 quiesi
1747 4263 1795 4329 ita
1817 4264 1852 4329 in
1881 4286 1933 4328 me
1955 4265 2082 4330 saevire
2105 4266 2222 4349 pergis,

238 4346 349 4411 Deum
371 4345 511 4410 similem
534 4347 610 4411 facit
632 4346 734 4429 leoni,
757 4346 858 4410 refert
879 4345 940 4410 hoc
961 4347 1002 4411 ad
1025 4348 1126 4412 animi
1154 4347 1205 4412 sui
1258 4347 1339 4411 mihi
1362 4367 1492 4412 neeesse
1515 4347 1576 4410 erit
1597 4349 1716 4413 misere
1737 4351 1857 4431 perire:
1888 4349 1929 4414 ds
1954 4350 2071 4415 saltem
2093 4350 2223 4433 aliquod

239 4451 369 4498 sensum
403 4430 479 4513 quia
533 4451 631 4497 avere
663 4432 870 4497 exanimatus
898 4431 1089 4498 conciderat.
1140 4432 1205 4498 Hie
1257 4432 1412 4514 temporie
1430 4439 1628 4497 momentum
1651 4455 1716 4517 quo
1735 4435 1931 4517 tranquillus
1952 4436 2095 4500 animam
2117 4456 2222 4502 meam

238 4538 318 4585 vero
341 4516 494 4582 admonet
509 4454 635 4600 Iliavid,
658 4517 808 4600 quamvis
830 4537 894 4581 uon
917 4519 1092 4601 perspiciat
1113 4539 1206 4584 mun·
1257 4519 1291 4582 in
1314 4538 1431 4583 manue
1454 4524 1526 4581 tuae
1549 4516 1717 4602 deponam.
1762 4520 1829 4586 Sed
1850 4542 1892 4586 ex
1914 4520 2022 4586 verbis
2044 4520 2139 4587 facile
2160 4523 2223 4588 col·

239 4604 301 4669 dus
322 4601 507 4667 horribilem
531 4601 594 4666 Dei
616 4602 810 4684 vindictam,
840 4603 994 4684 reprobos
1023 4613 1131 4670 tamen
1153 4625 1204 4670 ar·
1258 4604 1407 4688 ligimus,
1441 4601 1562 4667 doloris
1595 4604 1812 4671 amaritudine
1840 4606 1999 4673 infectum
2031 4606 2131 4672 fuisse
2156 4609 2223 4674 eius

239 4710 320 4755 cano
343 4689 413 4753 eius
436 4708 545 4753 morsu
568 4688 723 4753 consumi.
769 4686 961 4771 Opportune
984 4710 1062 4755 vero
1087 4691 1205 4755 iterum
1259 4691 1414 4765 animum,
1438 4699 1475 4753 ut
1497 4709 1611 4769 puram
1635 4700 1668 4755 et
1685 4691 1759 4757 fidei
1782 4691 1951 4757 dulcedine
1969 4691 2133 4758 conditam
2152 4714 2223 4775 pre·

239 4797 326 4841 nunc
349 4775 507 4856 repetitur
530 4773 692 4838 sententia
714 4773 785 4856 illa,
816 4775 902 4854 quod
930 4776 1031 4841 certeis
1059 4775 1207 4841 desueuit
1258 4775 1416 4842 nationem
1440 4775 1608 4856 concipere
1630 4797 1696 4840 non
1720 4786 1839 4860 posset.
1884 4778 1973 4843 Dicit
2000 4778 2106 4858 enim,
2139 4783 2223 4844 aute·

239 4862 373 4939 canitae,
395 4860 472 4943 quia
493 4878 669 4942 nunquam,
693 4859 756 4924 nisi
779 4880 878 4925 manu
900 4860 962 4924 Dei
986 4862 1149 4945 prostrati,
1171 4863 1206 4927 iu
1257 4879 1351 4944 quam
1384 4859 1505 4938 abeam,
1537 4866 1564 4925 et
1595 4883 1657 4927 nou
1688 4864 1757 4927 aim.
1809 4862 1902 4943 Quae
1933 4862 2088 4945 loquendi
2120 4863 2223 4930 forme

240 4969 299 5012 nos
323 4944 559 5027 descendimus,
582 4955 619 5010 ut
636 4944 790 5010 vanitatis
811 4956 941 5010 nostrae
959 4949 1098 5031 cognitio
1117 4950 1206 5013 omni
1259 4966 1359 5030 prope
1381 4942 1422 5008 ed
1445 4943 1700 5027 desperationem
1729 4948 1868 5013 accedit:
1892 4970 1956 5012 non
1979 4948 2063 5030 quod
2085 4959 2222 5014 mortem

240 5033 362 5096 fiducia
384 5052 443 5096 nos
465 5031 642 5097 exinaniat.
687 5030 783 5098 Unde
811 5030 901 5094 enim
929 5032 968 5095 fit
997 5042 1035 5096 ut
1056 5032 1117 5097 sibi
1141 5045 1205 5097 tam
1259 5028 1369 5097 David
1392 5039 1522 5112 putaret
1545 5055 1614 5098 esse
1636 5034 1814 5110 interitum,
1838 5033 1889 5098 vel
1912 5033 2035 5100 abiecta
2058 5055 2115 5116 spe
2138 5035 2223 5100 salu·

241 5119 342 5182 stulte
354 5117 504 5199 placeant
526 5138 649 5201 omnes,
673 5130 769 5200 atque
792 5115 889 5181 etiam
912 5116 1120 5200 applaudent,
1143 5119 1207 5185 nisi
1259 5118 1302 5182 tis
1324 5116 1422 5180 exitio
1453 5136 1488 5180 se
1520 5117 1697 5185 addiceret:
1727 5119 1783 5183 sed
1812 5120 1887 5200 quia
1917 5119 2026 5184 dolore
2048 5130 2224 5203 occupatus

241 5204 316 5285 quia
338 5209 452 5285 sponte
465 5203 592 5270 adsuas
613 5205 820 5269 infirmitates
840 5203 1032 5286 caecutiunt,
1053 5203 1206 5286 quamdiu
1259 5202 1405 5268 animum
1428 5222 1523 5266 suum
1546 5225 1612 5269 non
1634 5207 1680 5269 itu
1702 5204 1858 5284 alacriter,
1882 5214 1918 5270 ut
1929 5205 2072 5287 decebat,
2095 5226 2223 5271 sursum
