4658 5856
113 359 174 425 rev
540 338 546 351 '
936 358 1153 426 varunna
1176 358 1274 425 xla.
2039 367 2100 433 ree

109 550 162 615 hic
184 549 290 614 instar
313 546 452 614 doctoris
473 548 514 613 de
536 548 640 631 gloria
662 549 726 613 Dei
755 551 1002 614 concionantem
1027 548 1078 611 in·
1130 546 1193 611 fuit
1214 547 1307 613 electi
1331 550 1444 632 pepuli
1467 551 1607 616 conditio
1630 553 1828 634 agentibus,
1851 554 1972 616 mirum
1991 566 2100 618 tamen

109 636 216 717 ducat,
247 634 365 715 frigida
394 645 481 700 esset
503 636 564 699 ista
585 634 741 717 loquutio,
771 634 890 699 lineam
916 635 1078 699 coelorum
1102 714 1105 721 .
1131 632 1235 696 videri
1257 656 1321 698 non
1345 633 1456 700 debuit
1482 635 1568 719 quod
1594 638 1739 718 utrisque
1762 637 1891 702 tandem
1917 640 2005 704 Deus
2027 660 2100 722 pro·

109 723 200 787 exire
229 722 264 785 in
294 720 426 785 ultimos
453 741 557 802 usque
588 730 695 785 terrae
724 723 816 787 fines.
860 721 964 799 Adde,
993 718 1079 801 quod
1103 724 1106 809 l
1130 719 1251 783 miscuo
1274 743 1309 784 se
1332 723 1489 803 patefecit.
1513 743 1593 804 quos
1616 722 1740 804 pridem
1764 725 1978 789 communiter
2001 726 2042 789 ad
2065 746 2101 790 se

109 808 219 873 statim
260 808 410 888 proximo
451 806 596 870 membro
637 808 736 872 verba
775 806 894 889 ubique
930 804 1079 870 exaudiri
1130 805 1345 870 invitaverat:
1375 808 1470 871 sicuti
1501 809 1578 874 alibi
1601 809 1688 887 dicit,
1719 830 1781 891 quo
1811 822 1956 891 tempore
1985 831 2101 893 passus

109 892 248 969 subiicit,
271 891 349 973 qnid
377 902 488 957 autem
518 891 627 957 verbis
648 893 747 957 affine
767 913 841 957 eum
864 893 970 975 specio
992 891 1079 955 aedi·
1103 818 1107 967 l
1131 900 1180 956 est
1202 890 1293 956 Deus
1315 906 1430 976 gentes
1453 915 1562 958 errare
1592 915 1650 977 per
1680 895 1749 958 vias
1776 916 1862 973 suas,
1896 916 1960 959 non
1991 910 2098 960 tamen

108 977 197 1046 ficii?
242 975 340 1058 Quod
361 979 389 1041 si
410 989 579 1042 vertamus
601 978 805 1060 scripturam,
829 978 908 1045 haec
930 977 994 1041 dno
1025 999 1080 1058 op·
1131 996 1166 1039 se
1195 978 1366 1059 reliquisse
1394 980 1584 1063 ἀμάρτυρον,
1618 980 1691 1045 Act.
1723 981 1772 1054 14,
1798 982 1846 1044 17.
1893 979 1990 1046 Unde
2011 981 2100 1045 eolli-

109 1065 188 1129 timc
215 1063 421 1139 convenient,
455 1064 488 1128 in
521 1062 629 1135 coelis,
663 1078 820 1147 tanquam
853 1065 887 1128 in
913 1064 1080 1128 volumino
1132 1062 1248 1143 gimus‚
1278 1063 1377 1129 nimis
1407 1087 1515 1130 cresse
1544 1070 1694 1147 deceptos
1716 1068 1816 1130 fuisse
1839 1068 1894 1148 qui
1918 1066 2101 1131 Pauluma

109 1150 260 1217 omnibus
292 1150 476 1230 conspicuo,
510 1148 706 1232 descriptam
741 1170 811 1215 esse
841 1149 903 1213 Dei
933 1149 1081 1232 gloriam,
1131 1147 1251 1212 literali
1280 1171 1378 1215 sensu
1409 1151 1594 1217 discessisse
1616 1160 1791 1216 linxerunt.
1838 1151 1935 1232 Quod
1966 1152 2102 1219 lectores

110 1246 142 1302 et
163 1235 261 1301 simul
283 1234 423 1299 inditam
445 1234 509 1300 illis
532 1256 603 1300 csse
623 1256 775 1301 sonoram
799 1256 911 1299 vocem
934 1255 1017 1317 quae
1038 1234 1080 1297 ad
1132 1233 1256 1300 facilius
1269 1237 1449 1301 etiamnum
1463 1260 1505 1300 ex
1521 1238 1639 1302 nostris
1654 1238 1689 1299 in
1705 1237 1810 1301 locum
1826 1238 1919 1301 illum
1936 1259 2100 1302 commen·

109 1323 254 1387 omnium
277 1340 373 1385 aures
394 1321 574 1402 perveniat.
619 1325 728 1404 Atque
751 1322 797 1385 ita
819 1342 999 1394 monemur,
1032 1321 1079 1383 vi·
1132 1319 1225 1385 tariis
1247 1320 1440 1405 intelligent.
1477 1322 1558 1408 (Soli
1575 1325 1683 1403 posuit
1704 1322 1956 1407 tabernaculam.)
1994 1322 2101 1389 Sicuti

110 1408 234 1474 euclem
257 1404 309 1492 (nt
330 1408 377 1471 ita
398 1405 524 1491 loquar)
555 1427 626 1471 esse
648 1428 828 1472 sermonem
853 1407 959 1485 illum,
988 1406 1081 1469 euius
1132 1426 1172 1469 ex
1214 1416 1282 1472 tota
1321 1407 1436 1472 mundi
1473 1409 1625 1474 machina
1657 1407 1762 1473 coelos
1796 1410 1966 1491 praecipue
2002 1409 2102 1492 clegit

110 1496 194 1559 iacta
215 1494 307 1574 prius
329 1493 391 1556 init
412 1494 543 1556 mentio.
587 1491 702 1558 Oculis
724 1492 822 1568 enim,
853 1513 917 1557 non
948 1489 1081 1555 auribus
1133 1491 1241 1555 David
1263 1493 1299 1555 in
1322 1494 1439 1574 quibus
1460 1495 1636 1576 imaginem
1661 1495 1722 1558 Dei
1746 1494 1955 1574 spectandam
1984 1515 2101 1577 propo-

109 1579 291 1662 loqnnntnr
323 1576 421 1642 coeli:
464 1588 499 1641 ut
532 1581 649 1643 merito
687 1598 800 1642 eornm
840 1579 978 1660 speciem
1014 1588 1080 1641 tam
1133 1587 1234 1654 neret,
1258 1577 1336 1660 quia
1356 1579 1423 1645 illic
1446 1590 1602 1662 tanquam
1626 1581 1661 1643 in
1684 1579 1814 1643 sublimi
1834 1580 1961 1644 theatro
1986 1579 2102 1644 melius

110 1664 261 1731 distincte
304 1663 489 1728 ordinatam
533 1665 713 1747 scripturae
756 1674 922 1747 comparet
959 1662 1079 1727 David.
1132 1664 1343 1745 conspicitur:
1375 1667 1420 1729 ita
1443 1687 1531 1730 nunc
1553 1666 1654 1731 solem
1677 1667 1711 1729 in
1734 1665 1894 1729 altissimo
1916 1663 2020 1748 gradu
2043 1685 2101 1748 pe·

108 1751 223 1831 Porro,
245 1750 329 1832 qnod
352 1769 470 1814 nomen
492 1760 534 1828 D
557 1771 688 1815 versum
719 1749 754 1814 in
778 1749 956 1832 scriptione
978 1748 1081 1831 signi·
1132 1747 1232 1812 sitnm
1255 1749 1467 1833 demonstrat,
1497 1753 1572 1833 quic
1600 1752 1632 1815 in
1656 1753 1725 1816 eius
1747 1750 1872 1834 fulgore
1902 1751 2102 1816 luculentius

107 1838 194 1911 ficet,
215 1836 297 1901 satis
318 1845 409 1917 patet
431 1855 473 1899 cx
491 1835 588 1900 isaia.
610 1837 661 1913 28,
687 1836 728 1899 10
750 1836 805 1900 ubi
827 1834 919 1899 Deus
942 1833 1081 1898 ludaeos
1132 1855 1167 1898 se
1196 1834 1320 1915 profert
1349 1836 1413 1901 Dei
1442 1838 1604 1902 maiestas.
1648 1836 1732 1900 Nam
1762 1838 1822 1910 ctai
1856 1837 1929 1902 aliis
1962 1837 2101 1918 planetis

108 1925 219 2007 pueris
253 1920 397 1985 nondum
431 1922 510 1985 satis
543 1941 601 2002 per
636 1940 776 1986 aetatem
807 1920 965 1987 docilibus
994 1940 1081 1985 eom·
1133 1934 1210 1984 sunt
1242 1922 1342 1984 etiarn
1376 1923 1427 1987 sui
1457 1944 1572 1988 cursus
1594 1935 1627 1987 et
1656 1923 1748 2004 qnasi
1779 1921 1894 1998 stadia,
1927 1936 1961 1987 et
1993 1925 2101 1986 firma-

108 2029 240 2092 parans.
262 2007 309 2071 sio
331 2005 487 2088 loquitur:
512 2007 585 2070 Erit
603 2007 668 2077 illia
690 2016 900 2090 praeceptum
923 2006 963 2071 ad
988 2025 1081 2087 prae-
1133 2017 1279 2069 mentum
1310 2007 1421 2072 stellas
1449 2030 1561 2072 omnes
1584 2010 1668 2072 fixas
1691 2008 1723 2070 in
1748 2028 1839 2071 snam
1863 2009 2100 2072 revolutionem

108 2106 247 2177 ceptum,
269 2103 479 2176 praeceptum
501 2091 543 2156 ad
566 2104 783 2174 praeceptum,
806 2113 921 2157 versus
943 2090 984 2155 ad
1007 2113 1080 2155 ver·
1133 2091 1251 2155 trahit:
1274 2092 1410 2159 rudibus
1434 2106 1540 2159 tamen
1564 2109 1597 2159 at
1618 2093 1758 2157 indoctis
1773 2093 1967 2176 astrologiae
1981 2113 2102 2157 arcana

109 2201 191 2256 snm,
213 2198 330 2244 verses
352 2177 392 2240 ad
411 2198 554 2261 versum,
579 2179 744 2262 paulisper
765 2178 820 2257 ibi,
841 2176 1007 2260 paulisper
1024 2176 1079 2243 ibi.
1132 2176 1242 2240 David
1273 2178 1394 2243 frustra
1419 2190 1555 2245 conatus
1584 2190 1669 2245 esset
1699 2179 1836 2243 tradere.
1881 2179 1998 2260 ltaque
2021 2179 2101 2242 satis

108 2264 225 2348 Itaque
252 2272 340 2340 (meo
368 2263 502 2348 indicio)
530 2285 647 2330 sensus
669 2278 727 2339 est,
757 2265 893 2347 gloriam
916 2262 979 2325 Dei
1013 2283 1080 2326 non
1132 2261 1248 2326 habuit
1286 2283 1394 2329 crasso
1426 2265 1512 2348 stylo
1545 2265 1790 2348 ingratitudinis
1823 2285 1961 2346 arguere
1994 2275 2100 2328 totum

108 2350 252 2417 obscuris
274 2349 414 2414 literulis
437 2361 595 2425 notatam,
619 2350 676 2415 sed
697 2348 868 2433 splendido
892 2349 1080 2412 charactere
1131 2347 1301 2424 mundum,
1324 2351 1388 2415 nisi
1410 2373 1451 2414 ex
1474 2351 1552 2416 solis
1567 2364 1740 2431 conspectu
1756 2351 1791 2413 in
1808 2351 1927 2431 pictate
1944 2352 2100 2431 proficiat.

109 2455 298 2520 expressam
327 2454 407 2511 esse,
438 2438 529 2500 onius
558 2437 653 2501 lectio
682 2436 833 2501 omnibus
861 2434 1009 2516 exposita
1037 2434 1081 2499 sit
1131 2433 1224 2499 Haec
1246 2434 1329 2498 ratio
1352 2446 1400 2500 est
1422 2457 1480 2502 cnr
1504 2438 1590 2502 dicat
1613 2437 1786 2500 tentorium
1802 2436 1832 2499 ei
1849 2449 1998 2516 paratum
2014 2455 2099 2499 esse:

109 2543 145 2591 aa
170 2522 286 2587 facilis.
329 2520 503 2605 Hactenus
531 2524 712 2606 genuinum
741 2521 918 2604 prophetae
947 2540 1080 2585 sensnm
1133 2518 1249 2584 deinde
1269 2519 1381 2604 egredi
1403 2523 1512 2603 ipsum
1542 2524 1581 2586 ab
1614 2542 1681 2585 nna
1709 2522 1791 2586 coeli
1820 2521 2037 2594 extremitate,
2068 2532 2102 2583 et

110 2609 254 2691 exposui.
299 2605 384 2671 Nam
410 2606 495 2689 quod
519 2628 595 2689 pars
617 2609 681 2673 ista
704 2606 823 2671 Psalmi
845 2606 887 2671 ad
909 2605 1081 2688 allegorias
1132 2608 1273 2670 transire
1314 2607 1463 2672 celeriter
1502 2609 1538 2673 in
1579 2624 1704 2690 partem
1740 2610 1930 2689 oppositam.
1985 2606 2101 2687 Neque

109 2694 235 2759 detnrta
256 2692 326 2771 fuit,
348 2691 439 2756 nulla
457 2694 582 2757 ratione
600 2693 721 2759 iactum
743 2713 813 2757 esse
832 2691 969 2757 lectores
986 2690 1080 2756 facile
1133 2692 1220 2755 enim
1248 2706 1364 2775 argute
1392 2694 1478 2757 inter
1501 2693 1707 2778 philosophos
1729 2691 1768 2756 de
1790 2694 1917 2774 integro
1940 2692 2017 2756 solis
2038 2693 2101 2754 cir·

110 2792 295 2863 morcant.
339 2775 438 2842 Initio
461 2780 584 2862 monui,
614 2779 700 2862 qnod
729 2778 826 2842 etiam
857 2800 899 2841 ex
927 2785 1080 2843 contextu
1133 2779 1221 2842 cuitu
1250 2776 1403 2859 disputat,
1435 2780 1491 2844 sed
1515 2779 1700 2859 rudissimis
1721 2780 1900 2860 quibusque
1922 2798 1957 2842 se
1980 2798 2102 2842 accom-

110 2872 207 2949 patet,
229 2873 402 2946 antequam
416 2864 696 2948 Davidadlogem
715 2866 837 2939 veniat,
860 2861 922 2928 Dei
943 2863 1080 2939 gloriam
1105 2810 1108 2919 l
1133 2863 1277 2939 medens,
1316 2864 1403 2929 intra
1431 2867 1592 2932 ocularem
1621 2866 1856 2947 experientiam
1885 2886 1919 2927 se
1948 2866 2100 2928 continet.

109 2953 142 3015 in
170 2950 285 3015 mnndi
312 2949 438 3031 opificio
468 2950 677 3032 spectandam
700 2969 889 3032 proponere.
934 2948 1030 3013 Nunc
1052 2947 1080 3012 si
1134 2947 1276 3031 Ideoque
1305 2949 1473 3015 dimidiam
1503 2972 1618 3015 cursus
1648 2964 1771 3032 partem
1801 2971 1883 3030 quae
1910 2950 1970 3013 sub
1999 2948 2100 3011 hemi·

111 3058 149 3101 ex
171 3035 271 3103 coelis
292 3035 462 3116 apostolos,
498 3048 530 3099 et
562 3059 603 3100 ex
633 3035 701 3101 sole
730 3035 901 3101 Christum
931 3035 1080 3115 iacimus,
1132 3036 1283 3115 sphaeris
1313 3047 1424 3101 nostro
1454 3058 1518 3101 non
1549 3037 1702 3113 cernitur,
1730 3036 1879 3101 subticet.
1925 3035 2002 3098 Tria
2026 3054 2102 3098 vero

111 3122 216 3188 locum
238 3120 377 3203 amplius
400 3141 466 3185 non
488 3120 620 3185 habebit
642 3122 698 3185 illa
720 3122 860 3203 partitio,
891 3119 972 3184 adde
995 3119 1080 3202 quod
1105 3118 1109 3215 l
1132 3120 1167 3182 in
1197 3119 1264 3184 sole
1294 3122 1531 3186 consideranda
1558 3123 1718 3203 proponit,
1749 3124 1872 3185 formae
1896 3119 2101 3200 splendorem

110 3224 318 3291 praepostera
347 3207 462 3271 fnisset
491 3207 583 3281 ratio,
611 3208 715 3289 legem
745 3209 781 3270 in
803 3216 956 3270 contextu
979 3226 1080 3270 evan·
1105 3222 1108 3283 l
1133 3225 1170 3269 ac
1192 3207 1441 3287 praestantiam:
1472 3207 1589 3271 deinde
1618 3228 1732 3270 cursus
1760 3206 1973 3270 celeritatem:
2006 3207 2101 3269 tertio

111 3294 195 3377 gello
218 3302 422 3376 postponere.
467 3291 534 3357 Sed
556 3293 631 3374 quia
653 3291 736 3356 nibil
760 3293 864 3374 magis
887 3292 1008 3356 clarum
1032 3304 1081 3354 est
1106 3290 1356 3356 'incredibilem
1385 3294 1451 3356 vim
1479 3293 1605 3358 caloris.
1656 3291 1860 3374 Dignitatem
1888 3303 1921 3355 ot
1949 3302 2098 3355 ornatum

110 3401 206 3461 qnam
241 3377 305 3441 Dei
334 3379 485 3442 notitiam
519 3376 572 3442 hie
603 3379 746 3456 tractari,
792 3397 875 3459 quae
904 3379 937 3439 in
969 3375 1081 3439 mundi
1132 3376 1346 3440 similitudine
1368 3380 1478 3458 sponsi
1502 3377 1722 3444 commendat:
1746 3376 1836 3441 addit
1853 3375 1968 3442 deinde
1986 3376 2101 3440 simili·

111 3463 243 3548 speculo
265 3463 462 3528 naturaliter
483 3461 631 3529 omnibus
654 3464 797 3536 offertur,
821 3462 997 3545 alongiori
1020 3460 1081 3525 dis·
1134 3460 1280 3525 tudinem
1303 3469 1453 3529 cursoris.
1488 3466 1575 3529 Mira
1597 3465 1685 3528 enim
1709 3463 1772 3526 suit
1793 3462 1868 3527 olim
1893 3482 2006 3526 eorum
2028 3484 2100 3544 per·

110 3550 279 3633 putatione
318 3548 524 3631 supersedeo.
580 3551 755 3625 'I’entum‚¹
779 3549 855 3630 quia
902 3570 942 3611 ex
985 3547 1081 3611 Pauli
1133 3547 1249 3613 nieitas
1272 3549 1328 3632 qui
1350 3551 1403 3614 vel
1426 3551 1594 3632 quadrigis
1616 3548 1668 3615 vel
1691 3548 1827 3630 pedibus
1849 3548 1882 3611 in
1906 3547 2010 3612 stadio
2032 3570 2102 3613 cer·

109 3636 219 3701 verbis
239 3636 440 3701 occasionem
463 3646 672 3717 sumpserunt
700 3634 867 3717 allegorici
897 3634 951 3698 isti
981 3633 1081 3697 inter·
1133 3634 1260 3699 tabant:
1283 3656 1367 3718 quae
1389 3638 1451 3700 etsi
1473 3636 1663 3720 longissime
1684 3634 1997 3699 abfuitaccleritate
2015 3634 2102 3707 solis,

110 3732 230 3805 pratas,
252 3718 357 3785 nodus
380 3720 433 3786 hic
448 3720 624 3787 solvendus
641 3721 710 3784 erit.
742 3718 1080 3802 Panlusdegentinm
1133 3718 1216 3783 nihil
1248 3731 1358 3786 tamen
1391 3723 1426 3785 in
1460 3725 1624 3788 communi
1659 3721 1827 3787 hominnm
1864 3741 1923 3783 usn
1952 3720 2103 3784 invenire

109 3806 277 3873 vocatione
288 3805 458 3879 disserens,
483 3808 679 3890 principium
698 3803 780 3869 illud
802 3806 918 3871 sumit:
944 3803 1081 3870 Salvum
1133 3804 1239 3887 potuit
1259 3804 1371 3871 David
1394 3807 1479 3889 qnod
1501 3810 1634 3891 propius
1657 3806 1831 3872 accederet.
1878 3803 1973 3885 Quod
2004 3827 2100 3889 vege·

109 3894 179 3957 sore
211 3892 359 3975 quisquis
388 3892 591 3957 invocaverit
623 3914 741 3956 nomon
775 3890 926 3956 Domini:
965 3887 1081 3954 deinde
1133 3890 1274 3955 tativnm
1304 3892 1445 3957 calorem
1476 3895 1510 3957 in
1539 3895 1634 3958 tertio
1666 3892 1810 3957 membro
1838 3890 1946 3955 notari
1968 3890 2102 3971 quidam

109 3978 200 4043 addit
228 3999 296 4042 non
323 3999 418 4059 posse
441 3978 597 4055 invocari,
625 3978 726 4045 donec
757 3998 796 4041 cx
820 3975 983 4059 evangelii
1006 3975 1080 4039 doc·
1133 3986 1261 4058 putant,
1291 3978 1371 4041 mihi
1401 4001 1464 4042 non
1496 3980 1662 4062 probatur.
1708 3978 1770 4042 Est
1797 3976 1930 4059 quidem
1952 3977 2103 4043 mirabile

111 4066 198 4130 trina
220 4066 371 4147 cognitus
393 4063 502 4128 fuerit.
536 4063 721 4140 Caeterum,
745 4064 820 4144 quia
842 4061 952 4127 Iudaei
974 4062 1082 4144 specie
1133 4061 1196 4125 hoc
1218 4062 1282 4128 Dei
1304 4084 1395 4146 opus,
1418 4076 1451 4129 et
1472 4065 1600 4147 insigne
1629 4063 1782 4131 bonitatis
1811 4063 1986 4145 specimen,
2017 4063 2101 4146 quod

111 4149 273 4233 sacrilegii
294 4171 359 4214 nnn
382 4169 492 4214 carere
514 4147 684 4225 ducebant,
715 4147 798 4232 qnod
821 4148 945 4212 Paulus
967 4147 1081 4211 salutis
1134 4148 1182 4214 'vis
1200 4149 1278 4214 selis
1297 4150 1329 4213 in
1350 4161 1469 4215 terram
1490 4172 1592 4234 usqne
1610 4161 1794 4234 penetrans,
1817 4169 1877 4212 sua
1888 4149 2102 4230 inspiratione

111 4236 361 4318 promissionem
383 4234 534 4318 gentibus
555 4234 714 4318 vulgaret,
737 4235 865 4317 quaerit
883 4255 924 4298 an
940 4254 1004 4298 non
1018 4233 1081 4316 ipsi
1133 4256 1204 4299 eam
1231 4233 1420 4301 foecundat:
1451 4236 1507 4301 sed
1529 4236 1605 4320 qnia
1633 4238 1720 4317 dicit,
1755 4236 1918 4299 neminem
1942 4236 1994 4298 vel
2019 4237 2099 4302 nihil

109 4342 236 4404 quoqne
257 4321 430 4386 audierint.
468 4323 519 4385 Aa
541 4321 724 4403 respondet,
747 4342 788 4385 ex
811 4318 872 4385 hoe
895 4318 964 4385 loco
987 4341 1080 4404 aper·
1132 4318 1283 4384 abscondi
1306 4320 1347 4385 ab
1368 4324 1440 4387 eius
1462 4322 1576 4400 calore,
1600 4321 1641 4385 de
1662 4324 1806 4386 violento
1829 4333 1931 4398 aestu,
1954 4333 2100 4404 quotam

110 4421 178 4473 tam
209 4405 276 4472 illis
308 4405 408 4471 feisse
441 4405 585 4471 scholam
618 4406 654 4469 in
683 4425 748 4490 qua
777 4407 929 4488 pietatem
953 4415 986 4470 ct
1018 4406 1080 4470 Dei
1131 4405 1280 4472 homines
1303 4427 1401 4489 quam
1424 4409 1549 4491 reliqua
1572 4409 1760 4484 animantia,
1783 4406 1914 4488 plantae
1943 4411 2040 4472 etiam
2068 4421 2101 4471 ot

111 4494 233 4560 cultum
256 4491 426 4571 discerent,
448 4492 524 4575 quia
544 4492 578 4557 in
593 4512 724 4557 omnem
745 4503 868 4557 terram
885 4493 995 4569 exivit,
1018 4502 1079 4557 etc.
1132 4491 1262 4557 arborea
1292 4503 1467 4573 torrentur,
1502 4495 1609 4576 potins
1638 4493 1797 4576 intelligo:
1826 4494 1903 4575 quia
1932 4496 2098 4558 vivificum

112 4577 236 4645 Verum
259 4578 487 4660 intempestive
509 4586 588 4643 tune
610 4577 734 4644 Paulus
759 4579 895 4643 dixisset
916 4576 1080 4660 evangelii
1131 4576 1365 4662 caloremque
1389 4601 1448 4645 nos
1471 4580 1614 4663 vegetari
1638 4581 1806 4657 scutimus,
1828 4579 1970 4662 effugere
1989 4579 2099 4645 nullus

111 4686 222 4731 vocem
254 4683 296 4729 ex
328 4685 385 4729 ore
417 4664 636 4745 apostolorum
665 4665 764 4731 inisse
790 4665 824 4729 in
859 4670 926 4727 toto
957 4663 1079 4728 mundo
1130 4664 1227 4745 cupit.

111 4750 263 4829 auditam,
284 4770 369 4833 quae
390 4748 526 4815 vixdum
549 4740 589 4813 ad
609 4768 726 4831 paucos
744 4757 956 4834 pervenerat·
981 4748 1079 4814 Certe

110 4836 239 4902 illorum
262 4834 458 4919 praedicatio
481 4834 625 4899 nondum
648 4838 772 4900 exierat
788 4835 823 4898 in
842 4836 990 4916 regiones
1008 4835 1078 4899 lon·
1217 4835 1245 4899 7.
1269 4835 1337 4901 Len
1369 4835 1504 4900 Domini
1530 4839 1685 4920 perfecto,
1727 4839 1911 4900 instaurans
1943 4838 2099 4901 ultimam:

111 4924 259 5006 ginqnas,
280 4919 500 4985 sedludaece
516 4921 638 4986 finibus
654 4920 760 4987 adhuc
776 4921 930 4985 manebat
944 4922 1077 4986 inclusa.
1128 4921 1337 4985 testimoniam
1372 4922 1503 4987 labeone
1534 4925 1642 5005 fidele,
1683 4921 1828 4987 cardicas
1867 4921 1902 4983 in
1940 4924 2098 5003 sapientie

112 5008 214 5073 Porro
235 5008 306 5071 eins
328 5007 502 5073 consilium
524 5007 659 5071 minime
685 5007 872 5089 ambiguum
887 5018 949 5072 est:
974 5008 1079 5075 dicere
1123 5006 1303 5086 parentam.
1360 5009 1390 5073 8.
1425 5007 1548 5072 Stnlntn
1581 5009 1713 5074 labeone
1749 5012 1845 5085 rectu,
1885 5006 2097 5072 redderentur

87 5090 198 5158 ¹enim
222 5092 334 5171 voluit,
356 5094 421 5157 iam
441 5093 598 5158 anteactis
616 5093 753 5158 saeculis
766 5095 871 5156 Deum
891 5095 1080 5175 patefecisse
1128 5112 1196 5157 cer:
1230 5100 1429 5176 pracceptum
1458 5095 1592 5161 Domini
1618 5115 1738 5174 parurn
1771 5091 1954 5157 illuminaus
1987 5096 2096 5160 oculos.

112 5179 263 5264 gentibus
273 5199 365 5243 snam
378 5178 526 5261 gloriam,
544 5190 643 5261 atque
662 5180 721 5247 hoo
736 5178 901 5262 amplioris
914 5178 1079 5245 doctrinae
1129 5178 1158 5242 9.
1190 5178 1299 5244 Timor
1320 5181 1453 5245 chovnc
1482 5183 1629 5255 sincerae,
1658 5200 1848 5262 permanens
1868 5179 1903 5241 r‘n
1924 5181 2098 5246 somnum:

112 5267 209 5332 inisse
236 5264 450 5347 praeludium.
495 5263 581 5329 Nam
613 5268 673 5331 etsi
704 5264 744 5330 ad
772 5274 901 5348 tempus
927 5278 1079 5349 separata
1128 5266 1250 5333 lacinia
1271 5265 1402 5331 Iebovcc
1423 5268 1547 5343 certina
1570 5267 1738 5347 iustificata
1760 5265 1863 5330 simul.

1844 5368 1894 5419 13*
