4658 5856
2150 297 2213 364 108

209 310 271 375 107
1142 305 1360 374 PSALMUS
1383 305 1426 369 X.

208 497 270 563 hae
292 494 449 579 precandi
471 496 586 575 forma,
618 495 829 578 quantumvis
849 495 1049 575 impotenter
1070 515 1183 577 snper·
1234 492 1265 557 le
1309 514 1342 556 m
1365 512 1479 558 eorum
1501 491 1670 556 audaciam
1693 491 1831 568 traduci,
1854 503 1891 555 ut
1913 493 1976 555 rei
2017 503 2212 574 anpparent

207 583 300 648 biant
327 580 438 645 hostes
467 582 581 657 nostri,
613 581 779 644 tamenin
803 600 902 644 manu
926 578 989 643 Dei
1011 599 1092 660 esse,
1124 600 1183 644 neo
1234 577 1406 643 riiculam
1428 576 1530 641 fuisse
1552 596 1651 658 quam
1669 574 1710 640 de
1727 598 1788 642 sua
1804 576 1967 642 virtutefi
1992 578 2096 643 nciam
2115 597 2212 658 prae·

208 665 282 749 plns
310 686 414 746 posse,
445 686 542 748 quam
572 665 639 730 illis
662 665 839 746 permittit:
871 686 932 730 nec
954 663 1089 730 dubium
1112 685 1183 729 esse
1233 674 1448 745 sumpserant.
1484 661 1655 742 Quantum
1673 662 1713 726 ad
1733 661 1853 726 electos
1872 660 1935 725 Dei
1955 670 2090 744 spectat,
2113 661 2212 726 aliter

207 752 287 834 quin
310 748 412 827 Deus,
443 751 570 831 quotics
592 750 689 826 volet,
712 747 902 815 redditurus
924 750 969 813 sit
991 769 1107 813 omnes
1129 769 1182 813 eo·
1234 768 1289 813 eos
1318 749 1475 829 proficere
1502 747 1668 824 convenit,
1705 758 1742 810 ut
1774 747 1974 810 infirmitatis
2002 766 2080 811 suae
2109 764 2212 811 sensu

207 856 280 899 rum
309 848 443 900 conatus
472 855 575 900 vanos
597 845 631 899 et
653 835 772 898 irritos.
817 833 961 917 Ideoque
982 855 1102 899 nomen
1124 833 1182 898 ho·
1234 830 1360 912 deiecti,
1381 841 1499 913 sponte
1520 852 1555 896 se
1578 833 1668 896 omni
1685 832 1807 896 fiducia
1824 831 2025 907 exinaniant,
2048 830 2112 895 hoo
2130 851 2210 896 vero

207 921 305 984 minis
328 921 421 1001 ponit
443 919 530 1000 quod
552 920 592 984 ab
616 920 783 983 aerumnis
806 919 978 984 deductum
1002 928 1064 997 est,
1094 939 1131 984 an
1154 919 1182 983 si
1232 918 1289 981 fiet
1311 917 1339 982 si
1362 916 1513 981 homines
1535 937 1571 980 se
1593 917 1816 981 meminerint.
1860 913 1950 981 Scite
1972 919 2061 980 enim
2083 925 2118 980 et
2135 935 2212 997 pru·

207 1006 281 1085 quis
299 1004 401 1069 latine
419 1004 541 1070 diceret
558 1003 729 1068 mortalem
749 1004 927 1082 hominem,
946 1004 996 1066 vel
1012 1004 1180 1068 caducum.
1233 1001 1349 1066 denter
1370 1002 1411 1067 ab
1434 999 1617 1084 Augustino
1639 1001 1762 1066 dictum
1781 1010 1840 1080 est,
1863 1009 1964 1065 totum
1983 1001 2128 1066 hominis
2147 1000 2210 1065 lm·

206 1090 321 1166 Porro,
344 1087 438 1153 Deus
455 1102 568 1171 gentes
586 1108 696 1152 coram
715 1090 795 1154 faeie
813 1109 873 1154 sna
890 1088 1035 1154 iudicare
1053 1087 1181 1167 dieitur,
1232 1086 1404 1151 militatem
1433 1087 1469 1149 in
1503 1086 1555 1151 sui
1578 1086 1693 1151 notitia
1716 1088 1855 1168 positam
1878 1106 1960 1151 esse.
2004 1086 2108 1149 Porro
2130 1106 2211 1167 quo·

207 1194 308 1255 quum
348 1194 404 1239 eas
440 1171 679 1256 quodammodo
712 1172 753 1236 ad
787 1172 930 1237 tribunal
964 1194 1061 1238 sunm
1093 1183 1181 1239 stare
1232 1172 1320 1236 niam
1357 1169 1510 1235 omnibus
1538 1171 1688 1254 ingenite
1716 1181 1766 1237 est
1799 1170 1962 1252 superbia,
1998 1190 2131 1235 necesse
2159 1182 2212 1234 ost

207 1259 303 1341 cogit.
348 1256 479 1324 Scimus
517 1258 604 1321 enim
645 1257 839 1335 incredulos,
883 1257 986 1323 donec
1018 1258 1181 1323 violenter
1232 1256 1416 1338 promiscue
1435 1254 1587 1321 omnibus
1604 1277 1624 1320 a
1641 1255 1713 1321 Deo
1732 1266 1892 1322 terrorem
1911 1255 2025 1332 incuti,
2043 1261 2082 1319 ut
2096 1254 2211 1319 fideles

207 1344 383 1411 trahantur
411 1345 446 1406 in
473 1352 702 1426 consepeotnm
731 1342 803 1422 Dei,
833 1353 963 1426 tergum
991 1343 1040 1407 illi
1064 1342 1181 1409 obver·
1233 1340 1393 1406 modestia
1422 1340 1563 1407 discant:
1600 1340 1729 1423 reprobi
1758 1362 1847 1419 vero,
1884 1341 1962 1405 licet
1990 1336 2211 1405 conscendere

208 1440 287 1506 tere,
311 1438 347 1491 nt
368 1426 508 1493 indicem
528 1449 625 1492 sunm
647 1448 714 1491 non
737 1428 890 1509 cogitent
1233 1446 1300 1490 non
1318 1425 1471 1490 desinant
1484 1446 1584 1508 supra
1602 1425 1781 1489 humanam
1801 1434 1933 1502 sortem,
1955 1446 2031 1491 cum
2049 1423 2211 1490 dedecore

293 1513 344 1575 21.
367 1510 510 1597 (Impone
537 1511 676 1597 Ieltcva.)
718 1525 819 1593 mm
849 1512 996 1578 Graecus
1018 1513 1180 1593 interpres
1233 1510 1446 1577 retrocedant.

207 1597 428 1680 legislatorem
460 1597 575 1662 vertit:
608 1619 628 1661 a
657 1610 727 1680 ,w
757 1598 929 1677 deducens,
958 1596 1043 1679 quod
1066 1596 1180 1662 docere

207 1680 372 1747 interdum
390 1682 563 1764 significat.
604 1681 671 1747 Sed
690 1683 936 1747 circumstantia
953 1682 1017 1747 looi
1036 1682 1182 1765 postulat

207 1780 245 1830 ut
267 1786 326 1848 pro
348 1776 439 1830 metu
462 1765 513 1830 vel
537 1776 661 1831 terrore
683 1787 862 1846 sumamus,
885 1766 984 1848 idque
1004 1768 1091 1832 inter
1110 1786 1178 1832 om·

206 1851 355 1916 nessani
373 1851 485 1915 iudicii
503 1850 650 1917 doctores
667 1852 831 1918 convenit.
862 1852 978 1931 Porro,
1000 1850 1180 1915 ridendum

206 1943 257 1999 cst
280 1935 320 1998 de
342 1954 406 2017 qua
427 1935 554 1999 timoris
576 1936 683 2017 speeie
700 1936 864 2018 loquatur,
887 1957 964 2001 nam
983 1935 1075 2001 Deus
1093 1957 1181 2001 oom-

207 2021 352 2084 mnniter
374 2019 493 2085 electos
515 2020 615 2085 etiam
639 2042 716 2085 suos
740 2022 856 2086 timore
877 2021 1002 2104 subigit
1023 2021 1064 2085 ad
1089 2021 1181 2086 obse·

176 2183 180 2191 Ι
207 2105 331 2186 quium.
376 2103 444 2168 Sed
465 2105 541 2184 quia
561 2126 659 2170 suum
681 2125 760 2189 erga
778 2127 833 2170 cos
850 2106 992 2188 rigorem
1010 2113 1180 2187 temperat,

207 2202 240 2253 et
261 2187 363 2255 simul
392 2188 515 2253 emollit
537 2189 667 2272 lapidea
695 2192 839 2272 ipsorum
868 2189 975 2266 eorda,
1006 2199 1044 2254 ut
1065 2199 1181 2273 sponte

1584 1845 1793 1916 Psttlws
1810 1846 1856 1913 X.

1231 2016 1315 2072 ABG.
1343 2016 1397 2073 Suc
1430 2023 1459 2072 et
1491 2017 1597 2085 piorum
1629 2018 1749 2069 omnium
1782 2017 1889 2069 nomino
1915 2018 2092 2086 conqueritur
2119 2016 2211 2069 David

1334 2088 1451 2151 fraudes,
1479 2086 1596 2153 rapinae,
1624 2083 1760 2137 crudelem
1779 2085 1945 2151 violentiam,
1978 2102 2113 2154 omneque
2138 2086 2211 2138 iniu-

1335 2155 1427 2208 stitiae
1453 2170 1539 2223 genus
1565 2153 1666 2220 passim
1692 2153 1811 2220 grassari
1837 2153 1865 2204 iu
1893 2152 2012 2206 mundos
2044 2168 2211 2221 canemque

1335 2225 1462 2289 assignat,
1480 2221 1553 2290 qnod
1570 2221 1647 2289 impii
1666 2228 1694 2273 et
1712 2221 1837 2273 scelerati
1854 2222 1977 2274 homines
1994 2223 2067 2275 laeto
2085 2230 2115 2275 θι
2132 2238 2213 2290 proe-

206 2290 240 2338 et
266 2271 393 2356 placide
421 2294 457 2338 se
484 2274 688 2352 submittant,
719 2275 850 2356 proprie
880 2296 946 2339 non
977 2275 1095 2340 dicitnr
1125 2294 1181 2339 eos

205 2368 296 2425 metu
315 2377 442 2441 eogere.
487 2359 579 2442 Erga
601 2358 755 2441 reprobos
777 2359 944 2425 diversum
968 2359 1087 2443 agendi
1111 2379 1180 2423 mo·

206 2443 285 2508 dum
303 2453 403 2525 tenet,
426 2443 501 2525 quia
522 2445 610 2508 enim
630 2443 818 2508 inflexibilis
836 2452 886 2509 est
903 2465 1015 2509 eornm
1034 2445 1181 2523 durities,

207 2542 242 2594 ut
274 2527 402 2592 facilius
435 2530 479 2591 sit
511 2549 565 2593 ece
596 2528 705 2611 frangi
733 2549 833 2610 quam
854 2529 983 2611 corrigi,
1019 2529 1181 2593 violenter

205 2613 399 2679 indomitam
420 2613 566 2694 ipsorum
588 2614 828 2678 contumaciam
851 2612 985 2692 subigit:
1009 2634 1074 2677 non
1093 2611 1181 2695 quod

207 2699 409 2781 resipiscant,
431 2697 487 2761 sed
511 2697 598 2778 quia,
620 2698 727 2761 velint
748 2697 865 2777 nolint,
897 2698 964 2762 illis
985 2699 1182 2780 exprimitur

206 2803 284 2848 sune
314 2782 516 2846 infirmitatis
545 2780 715 2847 confessio.
759 2780 983 2862 Quantnmvie
1004 2784 1094 2847 enim
1115 2783 1180 2848 fre·

207 2877 310 2942 mant,
328 2877 427 2947 atque
444 2864 580 2931 ebulliat
596 2867 743 2950 ipsorum
761 2867 877 2944 rabies,
895 2868 962 2932 imo
979 2866 1180 2932 truculentia

207 2965 363 3034 superent
392 2951 477 3016 seras
505 2950 645 3017 bellnae:
673 2950 799 3017 obiecto
825 2961 937 3017 tamen
960 2952 1024 3016 Dei
1046 2963 1180 3030 terrore,

208 3058 282 3103 cum
300 3056 360 3100 eno
378 3036 502 3117 impetu
520 3047 723 3116 sternuntur,
745 3051 842 3118 atquc
859 3037 958 3101 etiam
977 3035 1064 3101 mole
1083 3048 1183 3102 ruunt

208 3140 276 3187 sna.
321 3119 418 3201 Quod
448 3120 580 3203 qnidam
607 3135 779 3203 exponunt-
809 3120 849 3186 de
880 3120 1019 3199 Davide,
1056 3130 1094 3187 ut
1120 3121 1181 3188 sub

208 3208 279 3273 eius
307 3207 423 3290 iugum
457 3206 549 3271 Deus
578 3216 692 3289 gentes
730 3207 848 3282 mittat,
883 3207 1017 3289 eiusque
1046 3208 1183 3290 imperio

208 3289 325 3358 reddat
347 3290 542 3370 tributarias,
565 3291 720 3374 frigidum
738 3301 789 3355 eet
806 3312 843 3357 ac
860 3305 1017 3357 eoactum.
1062 3293 1183 3357 Terror

208 3378 295 3444 enim
318 3376 516 3459 generaliter
537 3377 674 3457 quaevis
696 3376 760 3440 Dei
777 3375 909 3458 flagella
925 3377 1183 3460 comprehendit,

209 3461 328 3544 quibus
350 3460 536 3558 retunditur
553 3479 670 3557 .⁰‘?¹¹¹l¹¹
694 3461 910 3535 contumacia,
932 3462 988 3542 qni
1007 3460 1079 3526 Deo
1097 3483 1183 3527 nnn·

1335 2307 1403 2360 pero
1426 2307 1517 2344 rernm
1543 2306 1651 2342 suerum
1675 2305 1801 2341 successu
1818 2289 1896 2352 ebrii,
1924 2305 2036 2343 excusso
2055 2290 2107 2343 Dei
2125 2298 2211 2355 metu,

1335 2361 1387 2413 sibi
1404 2359 1513 2428 quidvis
1530 2358 1640 2426 impune
1658 2358 1740 2409 licere
1757 2357 1902 2409 confident
1937 2357 2034 2427 ltaque
2058 2374 2139 2428 opem
2158 2359 2212 2411 Dei

1335 2429 1472 2496 implorat,
1491 2434 1522 2479 ut
1539 2424 1689 2479 remedium
1706 2425 1802 2478 alferat
1820 2425 1950 2478 extremis
1968 2428 2055 2479 malis
2086 2425 2211 2480 Tandem

1336 2513 1384 2564 spe
1413 2496 1581 2549 liberationis
1608 2510 1637 2546 ee
1665 2501 1693 2545 et
1718 2494 1786 2546 alios
1808 2493 1903 2546 fideles
1920 2496 2086 2547 consolatur.
2123 2495 2211 2548 Porro

1335 2566 1402 2617 haec
1419 2565 1569 2630 descriptio
1587 2563 1676 2614 vivam
1693 2562 1794 2629 publici
1812 2568 1901 2614 statne
1914 2578 1993 2615 ccrru
2013 2564 2076 2616 tiet
2085 2564 2211 2631 perversi

1336 2632 1480 2701 imaginem
1499 2632 1576 2699 qnasi
1592 2631 1621 2683 in
1638 2631 1748 2697 speculo
1766 2637 1962 2697 repraesentat.
1989 2580 2080 2695 guare
2098 2632 2147 2685 nbi
2160 2633 2212 2685 ini·

1337 2701 1427 2769 qnitas
1444 2701 1531 2752 instar
1548 2698 1645 2750 diluvii
1662 2698 1789 2761 exundat,
1816 2713 1849 2750 ne
1873 2698 1954 2752 fidem
2008 2701 2106 2753 rcellat
2122 2709 2213 2755 tenta-

1336 2769 1418 2822 tionis
1435 2769 1551 2821 novitas.
1575 2774 1606 2821 ut
1623 2766 1740 2819 animum
1763 2765 1952 2833 despondeant
1999 2767 2015 2780 '⁶
2035 2769 2095 2833 Dei,
2119 2769 2212 2823 oculos

1336 2837 1444 2889 adhoc
1466 2835 1604 2904 speculum
1628 2835 1730 2887 referre
1752 2834 1865 2887 discent.
1909 2834 1980 2888 Nem
2003 2836 2039 2889 nd
2065 2836 2212 2890 levandum

1337 2905 1468 2969 dolorem,
1492 2903 1641 3024 plurimum
1664 2903 1738 2955 velet
1754 2903 1822 2956 haec
1844 2905 2018 2971 comparatio,
2046 2904 2117 2957 nihil
2134 2903 2212 2959 noble

1335 2973 1417 3026 bodie
1435 2973 1491 3026 soci
1511 2987 1557 3025 ere
1575 2971 1648 3040 qnod
1665 2987 1721 3024 non
1744 2971 1811 3024 olim
1828 2980 1942 3037 experta
1959 2973 1997 3025 sit
2013 2974 2130 3026 ecclesis
2146 2974 2212 3026 Dei:

1337 3042 1392 3095 imo
1414 3042 1444 3094 in
1467 3040 1561 3094 cadem
1584 3055 1668 3092 arens
1689 3055 1739 3093 nos
1756 3040 1878 3092 exerceri
1896 3056 1957 3093 cnm
1975 3040 2079 3093 Doride
2097 3042 2212 3095 suetis·

1338 3126 1392 3178 qne
1418 3108 1478 3163 aliie
1500 3109 1632 3178 patribus.
1668 3107 1772 3160 Deinde
1796 3114 1940 3160 monentur
1957 3108 2061 3191 fideles,
2082 3110 2113 3163 in
2131 3110 2212 3163 rebus

1339 3179 1378 3231 ita
1401 3178 1519 3230 confusis
1543 3180 1727 3245 quaerendum
1745 3192 1804 3229 esee
1822 3175 1923 3228 Deum:
1970 3177 2015 3229 nia
2033 3178 2085 3230 nisi
2103 3193 2213 3232 succur-

1337 3245 1417 3298 rendi
1437 3252 1529 3313 partes
1546 3246 1670 3297 tribuant
1688 3244 1753 3307 Deo,
1771 3244 1838 3297 nihil
1856 3260 1938 3298 caeco
1997 3246 2066 3299 mitu
2084 3253 2115 3300 et
2133 3246 2213 3300 iestis

1336 3312 1366 3367 in
1383 3318 1473 3368 θὸιθιιι
1491 3313 1667 3382 querimoniis
1684 3313 1834 3380 proficient.

1322 3468 1351 3532 1.
1381 3466 1422 3533 Ul
1442 3468 1520 3549 quid
1541 3467 1660 3532 Iebooa
1675 3471 1743 3532 siue
1759 3463 1899 3547 moed?
1928 3468 2075 3533 mastices
2097 3468 2141 3534 ud
2158 3487 2211 3548 op·

209 3565 306 3629 quam
325 3554 481 3627 perorent
499 3565 561 3609 mer
579 3554 685 3608 1nv1t1.
718 3543 874 3626 Sequitur
892 3542 1009 3609 deinde
1026 3567 1183 3627 quorsum
1206 3540 1372 3634 ’ροήιθιθ
1403 3558 1541 3634 temporo
1573 3554 1609 3617 in
1642 3549 1859 3635 amatr)
1913 3551 1944 3616 2.
1979 3551 2023 3615 Ia
2060 3553 2213 3635 soperbia

209 3639 326 3715 gentes
348 3628 438 3712 adigi
460 3640 616 3711 oporteat,
639 3650 757 3710 nempe
779 3641 816 3694 nt
848 3649 883 3694 se
906 3630 1060 3694 mortales
1079 3631 1184 3695 homi·
1234 3638 1354 3719 impiae
1362 3639 1561 3719 ρονοθθιιιιιιν
1573 3656 1758 3718 pauperent,
1776 3635 2212 3717 comprelteadoaturiuuetu·

211 3737 269 3781 nes
305 3724 512 3797 cognoscant.
558 3712 654 3794 Quod
690 3715 752 3779 etsi
779 3715 886 3795 prima
918 3714 1026 3797 specie
1052 3715 1185 3780 videtur
1233 3722 1291 3787 tiis
1311 3743 1393 3804 quus
1413 3721 1615 3806 nauare.)

210 3801 292 3866 levis
312 3820 383 3864 esse
404 3799 573 3878 momenti,
595 3819 660 3862 non
684 3798 854 3881 vulgarem
873 3808 985 3864 tamon
1002 3799 1184 3865 doctrinam

210 3886 366 3951 eontinet.
418 3882 508 3964 Quid
536 3884 626 3948 enim
655 3893 706 3949 est
735 3884 843 3964 bomo,
872 3895 910 3950 nt
938 3883 1077 3967 digitum
1108 3905 1185 3950 nse
1323 3892 1353 3955 1.
1375 3889 1436 3974 (Ul
1458 3891 1537 3972 quid
1559 3888 1704 3976 Ianua.)
1733 3890 1894 3955 Videmus
1912 3901 1949 3953 ιιι
1977 3892 2140 3973 propheta
2157 3892 2214 3958 ds-

210 3972 281 4052 ipso
300 3988 430 4033 movero
447 3968 588 4033 audeat?
632 3969 734 4051 Atqui
752 3968 888 4051 perinde
906 3970 1050 4034 exsultat
1068 3970 1184 4052 impio·
1235 3978 1374 4058 speratis
1402 3976 1498 4042 malis
1520 3976 1701 4041 remedium
1723 3996 1891 4058 quaerens,
1920 3975 2032 4039 atatim
2054 3976 2096 4041 ab
2118 3978 2216 4044 initio

212 4077 285 4119 rum
312 4055 457 4118 omnium
486 4053 627 4128 licentia,
658 4075 696 4118 ac
723 4056 750 4119 si
773 4056 925 4120 omnibns
945 4053 1186 4137 impedimentis
1236 4061 1346 4126 Deum
1380 4071 1467 4125 recte
1489 4061 1672 4144 compellet.
1717 4061 1827 4141 Atque
1849 4060 1930 4124 haee
1952 4061 2046 4126 nobis
2069 4061 2217 4128 tenenda

211 4140 309 4205 soluti
332 4148 451 4203 essent.
494 4136 568 4202 Sibi
589 4138 721 4219 quidem
744 4139 828 4204 falsa
845 4139 1077 4221 imaginatione
1095 4161 1185 4205 arro·
1237 4159 1287 4210 est
1314 4146 1409 4225 ratio,
1440 4158 1477 4210 ut
1506 4148 1630 4213 turbati
1651 4158 1685 4210 et
1706 4146 1798 4210 anxii
1819 4145 1974 4209 solanum
1995 4159 2148 4227 petamus
2169 4169 2217 4213 ex

213 4237 293 4309 gant
313 4222 471 4306 quidquid
493 4223 557 4320 Dei
578 4228 747 4305 proprium
769 4233 835 4289 eet:
860 4224 998 4305 deniquo
1016 4244 1184 4306 nunquam
1238 4232 1302 4295 Dei
1324 4232 1546 4312 providentia:
1568 4235 1643 4314 quia
1660 4233 1748 4295 inter
1764 4251 1919 4297 curarum
1937 4244 2126 4297 nostrarum
2142 4234 2216 4317 agi·

213 4331 251 4375 θο
276 4310 548 4389 intemperantiae
583 4318 725 4385 ruerent,
764 4309 828 4372 nisi
856 4307 922 4372 illis
954 4308 1072 4393 ignota
1100 4319 1186 4375 esset
1238 4317 1379 4380 tationes
1400 4325 1435 4381 et
1456 4326 1568 4382 aestus
1584 4317 1652 4380 fixa
1670 4336 1804 4380 manere
1820 4314 1916 4379 debet
1934 4315 2015 4382 baec
2032 4320 2217 4401 pessumo,

213 4414 274 4459 sus
289 4392 442 4459 conditio.
487 4392 561 4456 Non
580 4392 735 4476 intelligit
752 4392 883 4474 quidem
900 4392 1010 4458 David
1028 4415 1066 4459 eo
1084 4415 1186 4476 usque
1237 4402 1408 4484 proprium
1426 4400 1495 4465 eins
1513 4421 1585 4466 esse
1603 4422 1722 4465 munus
1740 4402 1876 4466 miseros
1894 4400 2218 4468 etsfflictnsauxilio

213 4480 415 4563 prolecturus
437 4497 508 4541 esse
528 4477 647 4559 impios
668 4476 730 4542 sub
752 4477 817 4542 Dei
839 4478 963 4558 ferulis,
992 4488 1030 4543 ut
1052 4500 1128 4544 vere
1150 4500 1187 4545 se
1237 4488 1359 4551 invare.
1378 4485 1563 4568 Improprie
1574 4496 1687 4550 ιθιιιθιι
1698 4495 1732 4550 οι
1743 4506 1801 4568 per
1811 4483 2122 4568 anthropopathiam
2131 4487 2217 4573 m),

213 4578 305 4631 etex
323 4564 432 4627 animo
450 4562 641 4626 humilient:
660 4562 717 4627 sed
735 4563 879 4645 cognitio
896 4562 936 4626 de
954 4584 1018 4644 qua
1031 4564 1185 4646 loquitur,
1236 4571 1346 4637 Deum
1367 4571 1403 4635 in
1424 4570 1495 4636 looo
1518 4580 1643 4636 remoto
1664 4580 1753 4635 stare
1775 4570 1865 4647 dieit,
1886 4570 1981 4636 ouius
1997 4572 2109 4638 oculos
2127 4572 2216 4637 nihil

214 4662 345 4717 tantum
367 4660 418 4714 eet
438 4647 719 4730 experimentalis:
743 4668 782 4713 ao
803 4648 830 4712 si
852 4647 1005 4713 dixisset:
1028 4649 1095 4715 Fac
1118 4650 1186 4714 Do·

214 4738 311 4813 mine,
342 4731 471 4817 qnando
504 4752 559 4796 eos
581 4732 744 4814 ignoratio
766 4733 817 4797 sui
838 4732 872 4795 in
896 4733 1038 4798 furorem
1062 4734 1185 4815 praeci-
1340 4766 1369 4833 ι)
1386 4782 1420 4817 ⁸,
1446 4778 1535 4831 m
1561 4782 1613 4833 que
1639 4782 1756 4819 ,om
1782 4784 1817 4819 cn
1843 4767 2012 4834 mmmm
2044 4784 2079 4822 g,
2103 4782 2218 4836 mm,

215 4822 306 4902 pitnt,
337 4832 435 4884 utre
464 4820 534 4900 ipsa
563 4817 707 4881 sentiant
736 4818 823 4882 vires
844 4838 922 4882 snas
944 4818 1064 4883 stultae
1085 4820 1184 4883 oonfi-
1235 4834 1305 4888 Heb.
1324 4851 1378 4887 anx
1396 4835 1594 4901 opportunitas,
1613 4851 1648 4887 on
1666 4852 1719 4888 anx
1736 4841 1826 4903 tempe
1844 4844 2005 4904 opportuna

216 4904 345 4968 dentiae
374 4924 445 4969 esso
473 4904 624 4985 impares,
653 4923 691 4966 no
721 4901 775 4965 nbi
804 4921 859 4967 cos
889 4902 1066 4967 frustratae
1088 4914 1186 4968 crunt
1321 4901 1368 4969 ⁸⁸)
1385 4900 1426 4953 Le
1444 4902 1583 4954 moechans
1600 4919 1633 4955 ⁰¹¹
1652 4904 1896 4983 058⁰0i¹P911r⁸⁰st
1910 4907 2041 4972 imm,
2059 4918 2095 4959 ⁶⁸
2184 4920 2217 4960 ⁶³

1234 4987 1286 5037 on,
1312 4972 1338 5023 le
1365 4986 1451 5038 poure
1469 4979 1511 5023 eet
1533 4978 1684 5039 persecute,
1711 4987 1760 5036 on,
1787 4973 1807 5024 11
1834 4970 1925 5027 brnsle
1950 4990 1985 5026 en
2011 4973 2137 5043 l’orgueil
2183 4991 2218 5029 es

216 5007 321 5055 venae
337 5008 420 5069 spes,
444 4988 604 5070 pudefacti
622 4989 759 5052 iaceant.
803 4986 876 5053 Hoc
894 5008 971 5052 vero
988 5010 1084 5070 saepe
1102 4989 1185 5053 acei-
1235 5038 1384 5092 mmm

217 5071 293 5137 dere
305 5086 420 5156 potest,
445 5090 482 5137 ut
499 5084 689 5137 tamennon
703 5070 903 5153 resipiscant,
926 5072 1043 5152 quibus
1054 5083 1186 5139 ostensa
1305 5106 1369 5173 m)
1387 5122 1422 5159 0„
1444 5122 1551 5174 mg,
1577 5107 1649 5161 cest
1666 5109 1759 5176 quand
1776 5124 1843 5161 m,
1861 5110 2050 5164 ,gripum-g
2066 5112 2146 5179 Diffi·
2172 5112 2217 5168 1⁰⁸

216 5170 267 5224 eet
288 5178 348 5223 suu
369 5158 560 5224 infirmitas:
583 5156 640 5223 sed
662 5157 744 5222 setis
766 5167 816 5221 est
837 5178 911 5222 cum
930 5156 1069 5223 ludibrio
1087 5161 1185 5225 sacri·
1236 5177 1368 5244 passione,
1386 5175 1527 5230 allectione
1544 5184 1573 5229 et
1589 5176 1683 5243 inpone
1701 5176 1734 5229 de
1752 5176 1820 5231 faire
1835 5177 1886 5230 dee
1903 5178 2031 5232 hommes
