4658 5856
209 121 221 184 l
945 112 1160 181 PSALMUS
1190 112 1375 181 XXXVII.

193 307 265 371 avid
300 306 527 372 formidolosas
560 326 619 389 per
659 326 693 369 se
732 325 803 370 esse
842 303 978 369 insidias
1011 303 1130 387 quibus
1182 317 1336 368 maneant
1380 314 1567 369 constantes
1609 304 1642 368 in
1687 303 1840 386 obsequio
1878 305 1950 370 Dei.
2004 304 2155 370 Primum

186 394 248 475 opii
274 412 341 457 non
371 390 467 456 modo
496 392 645 457 fortunas
674 391 834 455 bonorum
863 397 1042 473 appetunt,
1072 388 1129 454 sed
1181 389 1290 472 itaque
1312 391 1353 452 ad
1376 411 1465 472 spem
1497 401 1530 453 et
1550 391 1743 472 patientiam
1774 410 1828 454 eos
1859 388 2026 471 hortatur,
2058 410 2095 454 ao
2125 392 2155 454 si

180 479 270 558 itam,
289 477 366 559 quia
384 477 560 544 crudeliter
578 477 613 541 in
631 496 745 541 eorum
763 476 902 540 exitium
921 476 1129 557 conspirant:
1182 474 1307 539 iuberet
1324 476 1357 539 in
1381 478 1478 540 rebus
1500 477 1644 540 confusis
1666 475 1810 540 intentos
1828 496 1899 541 esse
1920 475 1962 541 ad
1981 476 2098 552 Deum,
2122 488 2155 541 et

174 562 249 628 ubet
272 576 382 627 tamen
406 584 466 628 nos
488 563 634 628 infractis
662 563 782 627 animis
803 569 907 627 stare:
937 562 1015 643 quia
1037 560 1129 625 Deus
1182 561 1349 642 quiescere
1372 559 1597 626 doneclaoiem
1610 581 1712 640 suam,
1730 582 1827 643 quam
1845 560 2021 637 abscondit,
2045 560 2152 626 denuo

165 670 193 714 se
210 648 374 714 vindicem
397 651 465 713 fore
487 648 646 731 promisit.
690 648 736 713 Et
754 645 896 712 notanda
918 656 968 712 est
989 649 1127 712 eircum-
1181 645 1341 711 ostendat.
1387 647 1475 712 Hinc
1501 645 1647 710 nascitur
1677 644 1765 711 istud
1786 648 1943 726 alterum,
1971 666 2015 710 ne
2040 645 2154 712 defleo-

158 735 277 800 stantia
288 734 497 814 liberationis,
515 731 600 817 quod
613 755 684 798 eam
703 733 826 798 scilieet
843 753 985 814 eousque
997 732 1128 797 differat
1181 742 1254 797 tant
1276 751 1294 794 a
1317 734 1370 796 via
1391 732 1542 796 Domini:
1572 732 1757 814 ubicunque
1787 734 1875 797 enim
1899 730 2058 815 vigebunt
2078 752 2154 814 spes

159 818 238 884 dum
260 823 325 884 iam
349 842 435 885 mors
456 820 614 883 imminet.
658 819 814 884 Proximo
841 818 988 882 membro
1015 838 1127 883 mone·
1181 829 1213 882 et
1235 818 1406 900 patientia,
1437 818 1530 882 facile
1552 829 1678 882 mentes
1700 818 1893 883 fraenabunt
1914 839 1956 882 ne
1985 817 2027 881 ad
2056 818 2152 899 quid-

155 926 230 970 mur
251 906 367 983 etiam,
398 905 546 987 quamvis
576 903 689 969 sedulo
712 905 788 970 boni
811 904 871 970 sibi
900 904 941 967 ab
964 905 1053 967 omni
1076 904 1126 967 in·
1180 925 1278 985 quam
1304 904 1455 969 illicitum
1485 903 1664 986 prosiliant.
1710 904 1754 967 Et
1783 914 1871 968 certe
1900 902 1986 984 quod
2015 905 2154 985 quisque

154 990 243 1057 vidia
271 1001 424 1068 careant,
459 999 618 1054 conentur
641 991 680 1054 de
706 989 858 1054 omnibus
887 989 969 1053 bene
998 990 1127 1069 mereri,
1180 989 1276 1053 malis
1297 989 1421 1054 artibus
1443 1010 1503 1054 sua
1524 989 1693 1054 commoda
1715 997 1879 1071 procurat,
1901 988 1986 1054 hanc
2008 990 2152 1071 reperie-

157 1076 285 1160 lugiant
307 1097 419 1140 omnes
448 1075 587 1142 offensas
610 1083 644 1141 et
665 1075 780 1158 iurgia,
814 1075 883 1139 fore
905 1086 1014 1138 tamen
1038 1074 1127 1139 falsis
1180 1096 1253 1139 mus
1275 1097 1346 1140 esse
1368 1094 1516 1153 oausam,
1547 1076 1623 1156 quia
1655 1095 1751 1139 nemo
1779 1076 1813 1138 in
1835 1072 1943 1140 Deum
1972 1074 2152 1140 recumbit:

156 1160 412 1228 accusationibus
441 1162 617 1243 expositos.
669 1161 784 1243 Neque
813 1161 908 1224 enim·
936 1161 1128 1241 pronuntiat
1179 1161 1232 1224 vel
1252 1159 1308 1223 ubi
1331 1181 1407 1224 mox
1430 1160 1562 1224 fortuna
1584 1181 1648 1223 non
1672 1160 1810 1235 arridet,
1834 1161 1957 1224 frustra
1978 1160 2154 1243 integrita-

156 1245 276 1323 David,
300 1245 475 1330 plaudente
498 1257 567 1311 toto
589 1247 730 1324 mundo,
753 1267 864 1310 eorum
890 1247 1026 1310 virtutes
1044 1247 1126 1311 cele·
1180 1255 1243 1308 tem
1274 1245 1337 1311 coli
1367 1254 1469 1328 putat
1514 1245 1617 1309 Porro
1646 1245 1808 1309 discamus
1841 1267 1881 1310 ex
1912 1246 1972 1310 hoo
2001 1244 2091 1324 loeo,
2123 1249 2152 1312 si

155 1333 284 1399 bratum
316 1333 357 1395 iri
389 1332 482 1403 iustis
516 1331 681 1396 laudibus:
724 1331 780 1419 sed
814 1331 870 1397 ubi
905 1332 939 1394 in
969 1330 1126 1397 iudicium
1180 1331 1273 1395 multi
1296 1332 1392 1396 etiam
1415 1353 1458 1394 ex
1481 1331 1589 1412 probis
1618 1341 1653 1394 et
1680 1331 1881 1413 simplicibus
1903 1333 2005 1395 vitam
2030 1332 2153 1396 misere

154 1417 403 1495 tractiluerint,
427 1428 460 1482 et
481 1418 654 1483 calumniis
684 1419 752 1482 fere
777 1417 940 1500 oppressi,
970 1428 1008 1481 ut
1040 1417 1126 1481 dam·
1179 1417 1212 1479 in
1236 1416 1398 1482 continuis
1416 1416 1581 1481 laboribus
1599 1417 1745 1491 trahunt,
1768 1437 1906 1498 poenam
1926 1415 2011 1481 bano
2032 1419 2151 1482 merito

153 1503 241 1569 natis
269 1504 337 1567 sint
362 1504 502 1582 similes,
530 1513 701 1569 contentos
723 1524 794 1568 esse
824 1501 915 1566 iubet
942 1502 1008 1567 Dei
1036 1523 1126 1585 prae·
1180 1503 1279 1578 luere,
1302 1502 1389 1584 quod
1407 1503 1465 1567 vix
1485 1502 1682 1568 centesimus
1704 1502 1841 1584 quisque
1858 1501 1965 1566 Deum
1985 1502 2151 1586 patienter

153 1588 244 1666 sidio,
267 1590 322 1671 qui
345 1589 478 1654 tandem
501 1589 541 1653 ab
559 1588 683 1671 iniquis
701 1588 871 1652 hominum
890 1587 1019 1652 iudiciis
1041 1609 1126 1653 asse·
1179 1598 1361 1670 exspectat,
1394 1598 1584 1670 rectumque
1606 1608 1738 1654 cursum
1761 1590 1986 1670 prosequitur:
2018 1598 2150 1654 tantum

156 1682 206 1738 ret
227 1695 339 1739 eorum
361 1676 590 1741 innocentiam.
637 1673 767 1756 Siquis
789 1673 920 1739 obiiciat
942 1674 1063 1738 multos
1084 1696 1127 1739 ex
1179 1673 1270 1737 abest
1292 1683 1328 1737 ut
1345 1685 1433 1739 certo
1455 1681 1602 1738 statuant
1622 1675 1791 1757 proprium
1814 1672 1902 1739 illius
1924 1694 1994 1740 esse
2016 1692 2148 1750 munus,

154 1759 232 1824 filiis
245 1759 308 1824 Dei
327 1769 498 1843 postquam
517 1761 665 1825 damnati
683 1760 823 1837 fueraut,
841 1779 939 1824 saeva
958 1769 991 1824 et
1010 1760 1126 1826 acerba
1180 1779 1245 1823 non
1264 1758 1360 1824 modo
1378 1780 1420 1824 ex
1438 1771 1579 1824 stercore
1596 1780 1671 1825 suos
1688 1758 1825 1840 erigere,
1843 1758 1900 1824 sed
1918 1779 2035 1823 eruere
2049 1759 2147 1824 etiam

153 1857 258 1909 morte
276 1845 376 1911 luisse
394 1844 569 1912 multatos:
588 1847 775 1928 respondeo,
794 1866 905 1909 eorum
923 1855 1033 1910 tamen
1052 1846 1126 1909 vin·
1178 1865 1221 1909 ex
1243 1845 1409 1927 sepulcris.
1454 1844 1523 1909 Nec
1542 1865 1622 1908 vero
1642 1844 1749 1909 David
1772 1842 1951 1910 anltuadi
1967 1843 2069 1909 verbo
2089 1845 2149 1911 aba

153 1930 257 1996 dicem
280 1930 315 1994 in
338 1930 435 1997 coelis
458 1932 580 1998 sedere.
624 1931 710 1996 Nam
732 1931 884 2013 quamvis
905 1929 947 1994 ad
968 1931 1125 1996 crudelis·
1178 1951 1213 1994 re
1236 1951 1315 1996 usus
1337 1942 1397 2007 est,
1418 1939 1456 1995 ut
1477 1930 1617 1996 sciamus
1635 1939 1713 1995 tuno
1730 1927 1861 1994 demum
1880 1929 2029 1995 fidelibus
2050 1950 2149 2014 saepe

154 2017 269 2081 simam
291 2028 428 2080 mortem
452 2036 524 2081 oum
547 2038 675 2083 summa
692 2016 875 2100 ignominia
892 2027 1005 2098 raptus
1026 2015 1126 2081 fuerit
1178 2037 1197 2080 a
1218 2015 1290 2081 Deo
1308 2037 1442 2081 manum
1460 2016 1594 2098 porrigi,
1618 2015 1670 2080 ubi
1689 2014 1911 2080 calamitatum
1933 2014 2017 2081 mole
2037 2016 2148 2082 obruti

155 2101 318 2182 Christus,
342 2103 382 2167 ab
404 2103 460 2166 illa
484 2115 592 2167 tamen
616 2102 836 2167 damnationis
864 2103 1019 2185 angustia
1047 2103 1124 2167 sub·
1177 2102 1341 2166 videntur.
1389 2101 1529 2168 Subiioit
1559 2109 1671 2184 postea
1701 2100 1809 2165 David
1839 2102 2002 2183 perituros
2029 2103 2147 2182 impios

153 2187 239 2252 latus
261 2199 327 2267 est,
350 2186 400 2273 (ut
422 2188 501 2252 dicit
522 2188 644 2253 lesaias
666 2209 736 2271 cap.
759 2188 811 2265 53,
835 2186 879 2273 8,)
908 2197 942 2251 et
969 2189 1015 2252 sic
1033 2188 1125 2254 Deus
1177 2208 1286 2252 coram
1309 2188 1411 2253 ooulis
1433 2189 1577 2270 piorum:
1608 2188 1685 2268 quia
1713 2186 1776 2252 nisi
1799 2186 1947 2252 diversus
1973 2195 2058 2253 essct
2077 2189 2147 2251 exi·

154 2274 221 2355 agit
248 2273 392 2356 quotidie
421 2294 495 2339 oum
521 2275 592 2339 eius
621 2273 787 2339 membris.
826 2274 869 2338 -si
893 2273 966 2354 quis
987 2295 1124 2339 *rursum
1176 2282 1241 2352 tus,
1263 2275 1402 2355 optimos
1424 2293 1567 2355 quosque
1598 2272 1690 2338 facile
1719 2272 1759 2336 ad
1784 2272 1982 2354 peccandum
2004 2272 2149 2339 alliserat

153 2357 309 2440 excipiat,
339 2358 502 2424 Davidem
524 2359 578 2426 hic
600 2379 665 2423 non
689 2359 861 2424 defutura
883 2360 967 2436 vita,
997 2358 1054 2424 sed
1085 2358 1125 2424 de
1177 2357 1319 2423 conditio
1345 2360 1379 2423 in
1413 2379 1477 2441 qua
1500 2357 1540 2422 ad
1570 2369 1698 2440 tempus
1729 2357 1857 2439 reprobi
1887 2357 2059 2424 laetantur.
2104 2358 2149 2422 Et

153 2447 318 2527 praesenti
350 2445 480 2534 piorum
510 2453 598 2511 statu
625 2444 825 2524 concionari,
858 2443 1035 2526 repetenda
1074 2453 1126 2511 est
1178 2464 1256 2508 sane
1274 2444 1433 2509 eiusmodi
1451 2444 1644 2527 spectaculis
1662 2465 1721 2510 nos
1738 2443 1883 2525 quotidie
1902 2444 1993 2509 Deus
2008 2443 2150 2510 oblecta

153 2549 249 2613 quam
272 2530 364 2612 prius
386 2530 492 2610 attuli,
514 2531 649 2608 solutio,
672 2539 819 2595 terrenas
840 2528 962 2595 scilicet
983 2529 1047 2594 Dei
1070 2530 1124 2596 be·
1178 2537 1228 2594 ret
1247 2531 1274 2595 si
1297 2529 1337 2594 ad
1359 2529 1522 2596 oernenda
1543 2528 1612 2593 eius
1635 2528 1752 2595 indicia
1773 2529 1890 2594 oculati
1913 2549 2067 2595 essemus.
2102 2529 2150 2593 Et

155 2614 356 2680 nediotiones
383 2617 537 2700 restringi
564 2614 606 2679 ad
632 2615 704 2681 eius
731 2615 920 2681 eonsilium:
954 2623 1050 2697 atque
1079 2615 1126 2679 ita
1178 2624 1288 2679 tamen
1309 2616 1458 2697 quamvis
1481 2624 1568 2679 totus
1591 2614 1732 2680 mundus
1754 2615 1920 2690 caecutiat,
1943 2636 2008 2680 non
2027 2614 2150 2680 desinit

154 2710 316 2783 quatenus
333 2698 487 2784 expedire
501 2701 603 2784 novit,
621 2722 709 2766 nunc
727 2701 886 2783 supprimi
897 2698 949 2765 vel
964 2701 999 2764 in
1010 2710 1125 2780 totum,
1178 2699 1270 2766 Deus
1291 2700 1468 2767 sceleribus
1490 2701 1660 2765 hominum
1680 2702 1798 2765 iustam
1828 2700 2009 2766 mercedem
2033 2720 2149 2784 repen·

154 2784 207 2852 vel
230 2806 270 2851 ex
293 2796 402 2869 parte,
425 2807 514 2852 nuno
534 2789 724 2869 conspicuas
746 2795 892 2866 exstare,
920 2807 984 2849 non
1014 2796 1125 2852 autem
1179 2784 1271 2862 dere,
1305 2787 1367 2851 nisi
1401 2785 1486 2869 quod
1514 2783 1742 2852 occultioribus
1774 2785 1879 2853 modis
1908 2785 1966 2851 illa
1997 2787 2147 2869 puniens,

154 2873 255 2937 fluere
288 2872 448 2955 aequabili
484 2871 590 2938 modo.
658 2873 836 2957 Continget
880 2891 958 2953 ergo
997 2884 1125 2938 sanctos
1177 2873 1318 2937 fructum
1341 2871 1431 2937 hune
1448 2893 1512 2954 quo
1534 2893 1593 2937 nos
1612 2873 1722 2955 privat
1739 2881 1854 2955 stupor
1871 2885 1990 2949 noster,
2013 2893 2033 2938 a
2055 2872 2149 2938 nobis

154 2965 326 3041 martyres,
349 2957 404 3022 ubi
428 2958 575 3023 damnati
601 2958 739 3036 fuerint,
767 2958 865 3023 morti
893 2959 991 3021 etiam
1021 2957 1125 3023 addici
1178 2958 1337 3024 subducit.

153 3045 246 3126 quasi
275 3043 387 3108 aDeo
416 3045 559 3109 relictos:
589 3047 666 3128 quia
695 3066 737 3109 ne
764 3044 845 3126 ipsis
874 3041 1006 3126 quidem
1031 3043 1125 3127 quid·
1263 3043 1314 3109 35.
1349 3042 1446 3128 (Vtut
1466 3041 1625 3128 impium.)
1675 3043 1813 3126 Propria
1841 3045 2045 3126 experientia
2071 3063 2149 3108 oon-

155 3149 252 3211 quam
276 3130 394 3195 melius
417 3130 470 3194 vel
492 3133 597 3213 magis
619 3129 759 3212 optabile
781 3136 847 3206 est,
877 3149 974 3210 quam
1004 3139 1041 3195 ut
1062 3129 1126 3194 Dei
1178 3130 1289 3194 firmat
1321 3130 1403 3211 quod
1435 3147 1541 3210 nuper
1570 3127 1657 3202 dixi,
1686 3131 1837 3212 quamvis
1865 3130 1980 3212 impios
2008 3126 2151 3193 inebriet

156 3214 293 3298 gloriam
321 3223 426 3277 morte
454 3236 513 3280 sua
542 3216 718 3279 illustrent.
768 3215 882 3296 Neque
919 3224 1028 3279 tamen
1057 3217 1126 3297 ipse
1179 3237 1239 3280 sua
1258 3215 1403 3292 felicitas,
1423 3224 1457 3278 et
1474 3213 1681 3279 admirationi
1699 3216 1741 3279 sit
1752 3215 1837 3298 apud
1852 3236 1973 3291 omnes,
1992 3213 2148 3280 oaducm

156 3298 242 3363 idem
265 3298 321 3380 qui
334 3299 455 3381 ,impiis
478 3300 519 3364 ad
541 3300 757 3364 exercendam
786 3300 954 3364 saevitiam
977 3301 1125 3364 fraenum
1179 3311 1288 3365 tamen
1311 3320 1382 3365 esse
1403 3312 1436 3363 ot
1459 3298 1649 3380 evanidam,
1675 3299 1812 3383 ideoque
1834 3300 1917 3365 nihil
1939 3300 2027 3365 aliud
2049 3320 2150 3383 quam

156 3384 262 3460 laxat,
293 3395 437 3449 assertor
459 3406 530 3450 esse
559 3383 677 3450 desinit
699 3385 841 3449 iustitiae
871 3404 1021 3455 suorum,
1052 3387 1127 3466 quia
1179 3407 1305 3450 merum
1335 3388 1536 3469 figmentum.
1583 3388 1631 3451 Ac
1658 3387 1766 3468 priore
1796 3387 1929 3468 quidem
1958 3405 2058 3451 versu
2089 3385 2150 3452 boo

156 3490 265 3535 ooram
288 3470 414 3552 angelis
443 3482 476 3533 et
504 3480 572 3534 tota
600 3469 735 3536 eeclesia
757 3470 818 3534 sibi
841 3469 970 3551 probari
994 3469 1125 3534 demon·
1180 3492 1244 3535 non
1269 3490 1484 3536 essenorum
1506 3471 1560 3535 vel
1582 3472 1728 3537 insolens
1751 3471 1844 3549 dicit,
1875 3472 1904 3536 si
1933 3472 2053 3553 impius
2075 3491 2150 3553 pro·

157 3564 250 3631 strat,
273 3565 358 3619 etse
376 3557 577 3638 cognitorem
596 3557 664 3621 lore
681 3555 841 3622 ostendit:
864 3556 930 3620 imo
947 3576 965 3619 e
983 3554 1127 3620 tenebris
1179 3578 1274 3639 spera
1295 3555 1427 3620 fortuna
1448 3556 1563 3634 elatus,
1586 3578 1621 3622 se
1643 3558 1740 3641 longe
1762 3558 1889 3640 lateque
1910 3556 2085 3637 extendat,
2114 3567 2149 3622 et

158 3640 327 3722 inquibus
348 3641 487 3706 demersi
503 3652 589 3719 suut,
608 3663 663 3707 eos
681 3641 845 3722 attollens,
863 3642 941 3706 facit
957 3649 996 3705 ut
1013 3661 1127 3706 eorum
1180 3654 1335 3706 terrorem
1358 3644 1455 3706 etiam
1477 3642 1615 3706 incutiat
1643 3644 1852 3725 simplicibus.
1896 3643 2018 3707 Postea
2046 3642 2149 3721 addit,

158 3726 282 3790 cineres
304 3727 533 3792 suavissimum
556 3725 688 3793 odorem
715 3729 850 3809 spirent.
896 3728 1049 3808 Denique
1071 3726 1126 3790 ubi
1179 3738 1344 3792 momento
1366 3747 1560 3793 evanescere
1580 3728 1671 3793 illam
1696 3727 1954 3812 magnitudinem
1976 3748 2059 3809 quae
2082 3749 2149 3794 non

158 3832 272 3893 passus
293 3812 391 3876 luerit
409 3813 574 3878 Dominus
596 3813 740 3896 indignis
762 3815 888 3895 pmbris
910 3812 999 3894 ipsos
1022 3809 1126 3894 obrui,
1178 3815 1248 3878 sine
1270 3813 1484 3877 admiratione
1505 3824 1649 3893 spectata
1669 3816 1740 3880 fuit.
1775 3813 1872 3896 Quod
1890 3814 1933 3879 ad
1950 3813 2051 3878 verba
2073 3835 2149 3897 per-

158 3895 242 3959 feret
263 3899 332 3978 ipse
348 3898 555 3974 sententiam,
579 3919 645 3981 qua
662 3900 781 3963 iustam
804 3920 915 3962 eorum
935 3917 1065 3963 causam
1086 3898 1126 3964 ab
1180 3900 1278 3978 tinet,
1308 3911 1405 4016 γῆν
1429 3909 1497 3962 tam
1526 3900 1620 3963 fortis
1642 3901 1695 3964 vel
1718 3901 1884 3977 robustus,
1915 3919 2010 3982 quam
2034 3900 2150 3964 lormi-

159 3982 290 4045 iniustis
311 3982 482 4049 calumniis
504 3994 638 4049 asserat.
1180 3983 1295 4049 dabilis
1317 3985 1435 4066 exponi
1453 3994 1568 4065 potest,
1589 3988 1666 4067 quia
1683 3986 1817 4051 verbum
1841 4007 1861 4050 a
1882 4005 1947 4067 quo
1966 3984 2150 4063 deducitur,

202 4117 207 4126 .
1179 4091 1267 4134 nune
1289 4078 1419 4146 terrere,
1444 4090 1531 4133 nuno
1552 4071 1705 4136 roborare
1727 4071 1896 4156 significat.
1931 4071 2149 4153 Partioipium

245 4153 296 4216 34.
332 4151 491 4232 Exspecta
512 4153 677 4232 Ieltoeam,
706 4156 873 4218 dmswdt'
893 4157 978 4222 mam
1000 4159 1128 4229 eistad
1179 4167 1325 4252 myli&
1357 4155 1489 4238 quidam
1520 4157 1682 4239 accipiunt
1718 4178 1776 4240 pro
1805 4158 1919 4222 viridi:
1949 4154 2005 4220 sed
2035 4159 2149 4240 potius

162 4237 309 4305 enodabit
341 4243 386 4319 te,
419 4244 447 4301 et
479 4239 666 4305 huceditate
692 4241 859 4321 possideas
891 4246 1025 4308 terrum·
1053 4241 1127 4304 deors
1180 4242 1375 4306 tantundem
1394 4240 1482 4304 valet
1502 4259 1540 4304 ae
1557 4263 1592 4306 se
1613 4241 1700 4306 disco
1718 4245 1866 4325 operiens
1883 4243 1936 4309 vel
1955 4241 2148 4320 extendens,

159 4325 337 4391 excidentur
353 4323 456 4404 impii,
473 4322 599 4389 uidebis,
635 4324 687 4390 35.
717 4325 793 4391 Vidi
809 4327 941 4405 impium
957 4329 1127 4406 robustum,
1180 4329 1263 4392 siout
1285 4327 1416 4392 arbores
1438 4345 1590 4406 procerae
1612 4338 1644 4391 et
1665 4329 1797 4411 patulae
1819 4349 1926 4393 ramos
1948 4326 2148 4396 diffundunt

160 4417 240 4476 etse
261 4410 466 4476 medeam
486 4410 589 4473 inetur
611 4411 697 4475 lutei
717 4411 849 4476 uiridis:
891 4412 941 4478 36.
965 4415 1009 4480 Et
1024 4420 1127 4480 trans-
1180 4413 1249 4479 Neo
1270 4431 1349 4475 vero
1377 4410 1490 4474 dubito
1520 4413 1599 4493 quin
1622 4412 1777 4479 ferociam
1807 4434 1918 4479 eorum
1946 4415 2150 4498 perstringat

159 4498 224 4572 ivit,
259 4501 286 4560 et
307 4517 370 4564 eote
398 4515 459 4562 non
479 4499 562 4560 erut:
590 4499 618 4558 el
639 4497 780 4576 quaesiui
802 4496 900 4566 Deum
920 4502 1003 4584 eius,
1033 4519 1129 4581 nepte
1180 4497 1306 4577 David,
1345 4496 1402 4578 qui
1434 4516 1469 4560 se
1502 4497 1757 4581 intemperanter
1789 4500 1937 4565 efferunt.
1995 4499 2150 4566 Transire

160 4583 300 4648 trivettus
321 4587 374 4648 est.
520 4607 524 4615 ·
1180 4583 1321 4649 seeundo
1349 4603 1444 4646 versu
1474 4584 1614 4664 positum
1644 4596 1694 4649 est
1722 4606 1780 4667 pro
1809 4605 2020 4659 evanescere,
2051 4599 2149 4668 atque

1178 4669 1225 4733 ita
1243 4668 1405 4744 admonet,
1427 4668 1588 4751 paulisper
1600 4669 1777 4735 sedendum
1789 4692 1867 4746 esse,
1887 4670 1966 4735 dum
1977 4691 2019 4735 ex
2038 4683 2148 4736 trans·

246 4752 298 4819 34.
328 4751 498 4837 (Easpcota
515 4751 684 4836 Ieltooam.)
716 4751 841 4817 Iterum
863 4752 904 4816 ad
928 4754 1126 4819 exhortatio·
1179 4755 1227 4817 itu
1267 4766 1437 4836 appareat,
1473 4753 1624 4820 nebulam
1665 4757 1822 4820 duntaxat
1855 4758 1954 4822 fuisso
1987 4756 2147 4840 quidquid

162 4858 235 4902 nem
260 4837 343 4903 redit
361 4838 479 4915 David,
503 4851 540 4903 ut
558 4837 668 4903 fideles
685 4838 760 4902 freti
778 4836 841 4901 Dei
860 4839 1126 4919 promissionibus
1179 4838 1318 4903 mundus
1340 4839 1375 4902 in
1398 4840 1528 4903 fortuna
1549 4841 1724 4925 impiorum
1747 4846 1893 4908 miratur.

160 4942 197 4988 ao
216 4924 351 5002 suffulti,
374 4923 473 4988 nullis
492 4924 726 4989 tentationibus
749 4944 783 4988 ss
802 4923 866 4988 huo
882 4923 960 4990 illue
978 4946 1037 5006 por
1053 4925 1125 4990 vias

159 5007 305 5091 obliquas
339 5020 371 5074 et
403 5031 573 5091 perversas
612 5010 788 5075 trahendos
817 5009 1024 5091 permittant,
1068 5009 1124 5074 sed
