4658 5856
165 366 230 432 817
944 364 1162 433 PSALMUS
1185 363 1384 432 LXXXIX.
2095 372 2158 437 818

166 556 289 623 boeio
310 555 344 621 iu
365 555 504 634 nomiae,
533 553 728 637 etqioriotio
756 555 791 620 ia
819 556 952 621 iustitio.
996 554 1135 641 Summa
1186 575 1239 621 aee
1258 557 1347 637 filius
1366 557 1546 637 iniquitatis
1568 557 1686 640 affliget
1707 578 1784 625 eum.
1830 560 1880 625 24.
1900 559 1944 625 Et
1961 565 2115 627 conteram
2137 582 2159 624 o

165 643 256 707 enim
278 654 336 718 est,
359 640 438 706 satis
462 649 494 706 et
516 659 614 722 super
635 641 670 706 in
689 639 761 706 Deo
780 644 921 724 reperire
941 640 1051 708 fideles
1072 663 1135 725 quo
1185 642 1266 722 fosse
1293 643 1363 707 aios
1389 662 1586 724 oppressores
1607 644 1689 722 eius,
1716 645 1820 726 etqui
1841 646 1969 711 oderam
1994 666 2064 711 eum
2086 665 2160 727 per-

165 727 334 795 exeultent
356 738 388 793 et
410 725 601 810 glorientur.
645 726 710 792 Per
733 747 844 793 vocem
865 728 1000 810 quotidie
1022 741 1136 794 notare
1186 729 1311 794 otiliam.

167 813 296 879 videtur
317 815 445 879 firmam
476 823 509 876 et
536 810 673 877 solidam
704 812 1005 879 eontinuationem:
1039 824 1136 897 atque

165 901 214 964 ita
235 899 365 982 oblique
388 898 607 981 perstringere
629 897 762 964 stultam
785 918 897 964 eorum
916 901 1137 985 arrogantiam
1273 900 1325 964 20.
1348 899 1451 986 (Tune
1479 900 1626 983 loquutus
1654 901 1720 986 ost.)
1774 901 1892 967 llusius
1921 903 1985 968 iam
2016 903 2160 985 explieat

166 985 222 1068 qui
244 997 342 1050 vento
366 992 492 1048 tentum
517 983 639 1063 inflati,
672 984 888 1067 superbiendo
910 986 946 1050 in
968 987 1035 1052 suis
1057 986 1136 1051 viri·
1188 1006 1246 1049 our
1267 985 1388 1051 dixerit
1417 1007 1529 1070 regem
1557 988 1649 1052 eleoti
1673 988 1784 1070 populi
1807 989 1932 1053 eooelo
1960 989 2071 1054 datum
2090 1008 2160 1054 esse

165 1072 239 1153 bus,
262 1090 382 1136 oornua
404 1069 438 1134 in
461 1068 598 1134 sublime
620 1068 749 1135 tollunt.
789 1070 874 1135 Nam
897 1083 933 1136 ut
956 1073 1039 1138 male
1061 1086 1137 1138 sunt
1189 1071 1230 1135 ad
1259 1070 1405 1154 publioae
1434 1073 1549 1138 salutis
1585 1074 1882 1138 conservationem:
1923 1076 2002 1156 quia
2037 1075 2161 1175 sqilioet

166 1156 310 1235 fundati,
339 1154 471 1220 tandem
499 1155 668 1221 eonoidere
691 1177 821 1221 neeesse
850 1165 910 1221 est.
960 1157 1057 1224 Unde
1087 1178 1137 1222 se·
1190 1177 1293 1239 neque
1308 1158 1473 1241 suffragiis
1489 1158 1657 1223 bominum
1673 1158 1734 1224 luit
1749 1158 1880 1236 electus,
1901 1181 2005 1242 neque
2020 1160 2161 1243 sumpsit

166 1243 293 1326 quitur,
325 1239 450 1306 nullam
479 1262 548 1306 esse
582 1262 696 1306 veram
723 1243 1045 1327 magnanimitatem,
1078 1264 1138 1308 neo
1190 1243 1259 1324 ipse
1288 1242 1348 1308 sibi
1379 1243 1603 1328 tyrannidem,
1634 1245 1686 1310 vel
1717 1245 1813 1309 malis
1842 1244 1967 1311 artibus
1997 1246 2158 1328 obrepsit:

166 1328 269 1393 ullam
290 1327 447 1393 virtutem
471 1335 574 1406 stare,
603 1327 665 1392 nisi
689 1347 772 1409 quae
798 1328 896 1394 unius
919 1327 983 1393 Dei
1013 1328 1139 1413 gratiae
1190 1328 1247 1393 sed
1269 1331 1345 1411 quia
1367 1330 1524 1395 divinitus
1546 1330 1668 1413 electus
1690 1339 1761 1395 erat
1783 1328 1930 1412 publioae
1962 1331 2077 1396 salutis
2099 1331 2160 1394 mi·

166 1415 332 1478 innititur:
355 1412 451 1479 sicuti
474 1414 573 1477 etiam
595 1414 767 1497 magnifiee
789 1413 913 1479 Paulus
935 1415 1030 1480 Rom.
1049 1414 1079 1495 8,
1097 1415 1136 1479 31
1191 1414 1307 1493 nister,
1336 1415 1395 1481 sub
1419 1415 1565 1480 eiusdem
1588 1416 1651 1480 Dei
1680 1415 1835 1497 auspioiis
1863 1427 1897 1481 et
1926 1417 2025 1481 duotu
2055 1417 2161 1482 officio

165 1519 201 1565 se
223 1501 330 1578 iactat,
354 1499 393 1564 Si
414 1497 506 1563 Deus
528 1519 587 1582 pro
610 1498 719 1578 nobis,
748 1499 819 1583 quis
842 1501 1042 1582 praevalebit
1064 1522 1138 1565 oon·
1191 1521 1249 1565 suo
1278 1501 1439 1584 perfungi.
1490 1501 1673 1566 Consilium
1702 1502 1791 1566 enim
1821 1501 1997 1584 prophetae
2029 1511 2095 1584 est,
2125 1512 2162 1565 nt

165 1599 218 1651 tra
241 1584 323 1652 nos?
356 1586 401 1650 Et
422 1583 519 1649 malis
541 1585 692 1650 omnibus
711 1594 779 1649 tam
797 1586 1024 1668 praesentibus
1042 1607 1138 1669 quam
1191 1586 1288 1669 paulo
1310 1597 1383 1669 post
1405 1586 1525 1651 alarius
1547 1586 1747 1669 videbimus,
1770 1586 1918 1652 divinum
1942 1589 2030 1652 huno
2052 1608 2161 1668 regem

164 1672 284 1738 suturis
306 1670 453 1736 insultat.
1191 1693 1211 1736 a
1233 1672 1366 1755 reliquie
1388 1673 1538 1736 omnibus
1561 1671 1753 1738 discernere.
1788 1672 1873 1736 Nam
1896 1675 1957 1738 etsi
1975 1695 2052 1739 vere
2070 1672 2163 1739 dooet

253 1758 303 1823 18.
327 1755 428 1841 (Quia
453 1755 581 1840 quaa.)
634 1753 816 1821 Confirmat
843 1756 980 1822 eandem
1012 1766 1139 1823 senten·
1192 1758 1316 1823 Paulus
1337 1758 1433 1822 Rom.
1458 1757 1509 1837 13,
1534 1758 1551 1821 1
1575 1778 1641 1822 non
1661 1779 1731 1823 esse
1750 1769 1941 1841 potestatem
1962 1761 2022 1824 nisi
2042 1782 2062 1823 a
2079 1759 2161 1835 Deo,

165 1843 363 1926 tiam„quod
387 1840 510 1909 soilioet
533 1860 701 1922 nunquam
724 1840 816 1908 Deus
839 1842 950 1908 fideles
973 1864 1049 1909 suos
1072 1844 1139 1907 vir·
1192 1844 1324 1924 longum
1358 1853 1467 1908 tamen
1501 1842 1674 1908 disorimen
1708 1844 1769 1908 fuit
1801 1845 1886 1908 inter
1917 1845 2096 1925 Davidem,
2130 1855 2163 1909 et

165 1941 237 1995 tute
259 1929 426 1994 destituat.
463 1927 606 1994 Gloriam
628 1928 715 1992 enim
739 1928 865 1993 uirtutis
886 1949 991 1994 eorum
1010 1950 1139 2008 vooans,
1192 1939 1338 1994 terrenos
1358 1950 1471 1995 omnes
1494 1950 1586 2012 reges
1609 1930 1665 2011 qui
1686 1929 1836 1994 humanis
1856 1928 1969 1995 mediis
1989 1931 2160 2014 imperium

166 2016 328 2098 signifieat
348 2035 402 2080 eos
423 2015 470 2078 ita
493 2034 622 2096 semper
643 2014 751 2079 luleiri
773 2015 936 2095 praesenti
964 2016 1023 2080 Dei
1047 2016 1140 2079 auxi·
1191 2015 1299 2097 adepti
1321 2028 1406 2080 sunt.
1438 2015 1532 2079 Deus
1554 2017 1640 2079 enim
1664 2035 1758 2080 servo
1781 2036 1839 2080 suo
1858 2014 1980 2080 Davidi
1998 2030 2160 2099 soeptrum

166 2100 229 2178 lio,
259 2110 297 2166 ut
318 2101 435 2165 merito
457 2099 492 2164 in
514 2101 587 2183 ipso
610 2099 808 2182 glorientur:
843 2099 909 2182 vel,
939 2101 1023 2181 quod
1052 2100 1138 2165 idem
1191 2100 1230 2165 de
1253 2122 1351 2164 manu
1374 2099 1472 2184 (quod
1495 2099 1599 2184 aiunt)
1623 2102 1657 2164 in
1682 2122 1816 2165 manum
1850 2101 2042 2181 tradiderat,
2070 2123 2161 2166 eum·

167 2186 263 2266 valet,
285 2186 440 2251 virtutem
464 2184 528 2250 Dei
552 2187 583 2249 in
607 2184 672 2249 illis
697 2184 849 2250 iuvandis
877 2205 914 2251 au
937 2186 1139 2251 sustinendis
1191 2207 1253 2268 que
1283 2207 1341 2251 sua
1370 2188 1562 2251 auctoritate
1592 2187 1755 2252 locaverat
1787 2188 1822 2250 in
1855 2186 1946 2251 solio.
1997 2188 2162 2253 Particula

167 2292 297 2353 semper
318 2282 447 2337 exstare
469 2270 655 2355 gloriosam.
700 2269 896 2352 Quanquam
922 2270 1047 2336 interea
1070 2292 1139 2337 mo·
1191 2287 1251 2355 px,
1285 2293 1369 2354 quae
1398 2273 1529 2356 proprie
1558 2272 1720 2356 signifieat
1750 2282 1842 2348 tuno,
1877 2273 2035 2355 aooipitur
2063 2275 2161 2338 etiam

166 2371 286 2423 nentur
314 2358 366 2424 sui
392 2358 507 2436 offitii,
542 2366 577 2421 ut
604 2355 687 2439 quod
719 2367 808 2422 stant
837 2355 921 2420 salvi
948 2366 981 2420 et
1009 2358 1138 2441 integri,
1190 2379 1248 2440 pro
1276 2358 1363 2422 olim.
1407 2357 1534 2423 Sensus
1564 2379 1642 2441 ergo
1671 2367 1737 2435 est,
1767 2379 1866 2441 quum
1898 2359 1954 2422 alii
1985 2374 2163 2425 nasoantur

166 2442 295 2509 laudem
326 2442 397 2508 Deo
422 2443 574 2507 referant.
620 2440 716 2523 Quod
745 2443 773 2508 si
803 2462 879 2508 vere
906 2440 944 2506 de
975 2443 1138 2524 praesenti
1191 2464 1298 2523 reges,
1329 2443 1384 2526 qui
1413 2443 1630 2508 haereditario
1660 2445 1731 2509 iure
1754 2444 1932 2509 suooedunt
1962 2446 2162 2527 parentibus,

167 2530 234 2593 vita
256 2528 377 2593 dietum
400 2541 460 2607 est,
482 2528 579 2612 longe
601 2528 707 2612 magis
730 2530 764 2591 in
786 2528 990 2611 spiritualem
1009 2529 1138 2593 animae
1191 2528 1246 2592 alii
1268 2542 1436 2606 areentur,
1460 2529 1515 2592 alii
1538 2530 1571 2594 vi
1593 2539 1625 2594 et
1648 2551 1747 2595 manu
1769 2531 1945 2612 potantium
1969 2531 2030 2595 sibi
2054 2531 2162 2613 aequi·

166 2616 269 2680 vitam
291 2615 455 2697 competit.
499 2614 570 2679 Iam
593 2635 656 2696 quo
678 2613 794 2678 melius
821 2613 1025 2678 oommendet
1054 2614 1138 2681 hano
1190 2625 1277 2678 rant:
1311 2614 1420 2678 Deum
1444 2613 1541 2679 huius
1564 2617 1657 2699 regni
1685 2636 1755 2680 esse
1785 2626 1948 2692 autorem,
1978 2616 2054 2697 quia
2086 2638 2162 2682 vooe

166 2700 229 2765 Dei
252 2700 515 2775 beneficentiam,
547 2698 644 2764 simul
668 2699 762 2763 dooet
784 2721 803 2764 a
826 2718 916 2763 mero
948 2700 1017 2763 eius
1040 2701 1137 2764 bene·
1190 2721 1249 2764 sua
1278 2698 1440 2763 Davidem
1471 2699 1579 2783 elegit.
1626 2701 1698 2766 Etsi
1729 2711 1837 2766 autem
1867 2701 2036 2766 eonsilium
2066 2723 2161 2766 suum

165 2786 285 2869 plaoito
309 2786 458 2868 pendere.
502 2784 599 2851 Unde
621 2786 779 2869 sequitur,
801 2785 837 2850 in
860 2783 1000 2850 solidum
1025 2784 1137 2850 devin·
1190 2785 1341 2868 pateleoit
1364 2783 1527 2850 Samueli:
1551 2787 1627 2868 quia
1650 2798 1758 2851 tamen
1783 2787 1900 2868 plurali
1923 2808 2060 2851 numero
2082 2786 2160 2852 dieit

166 2878 235 2938 etos
268 2881 301 2936 et
333 2871 502 2939 adstrictos
536 2891 606 2936 esse
637 2871 725 2950 Deo,
756 2872 810 2953 qui
844 2870 913 2936 sola
943 2870 1137 2935 liberalitate
1190 2870 1363 2953 propheta,
1395 2870 1543 2951 pluribus
1572 2870 1658 2934 idem
1680 2874 1848 2935 oraculum
1871 2872 1972 2937 fuisse
1995 2871 2164 2952 traditum,

166 2967 197 3023 et
226 2957 370 3042 gratuita
402 2957 443 3022 ad
478 2956 740 3040 prosequendum
773 2977 868 3021 suum
898 2956 1058 3021 auxilium
1087 2957 1136 3020 in·
1190 2967 1278 3020 oerto
1308 2955 1459 3037 colligere
1487 2956 1563 3020 lieet
1591 2955 1701 3038 plures
1733 2957 1832 3020 fuisse
1862 2968 1959 3022 testes
1990 2957 2161 3038 adhibitos,

168 3042 307 3110 duaitur.
1190 3042 1244 3124 qui
1274 3061 1339 3105 uno
1364 3059 1523 3106 consensu
1549 3051 1733 3105 assererent
1762 3040 1925 3106 Davidem
1953 3042 2049 3106 fuisse
2080 3041 2162 3107 divi·

252 3130 301 3195 19.
331 3129 431 3216 (Quia
463 3127 615 3213 Ieltoooe.)
671 3124 758 3206 Quia
791 3126 824 3191 in
859 3147 936 3276 reqe
969 3147 1135 3191 summum
1190 3127 1281 3191 nitus
1314 3134 1456 3191 oreatum
1490 3147 1610 3209 regem.
1662 3127 1707 3190 Et
1737 3138 1824 3191 oerte
1857 3148 1957 3208 quum
1992 3137 2071 3194 tuno
2106 3128 2161 3193 alli

165 3228 235 3282 erat
267 3215 393 3299 populi.
410 3213 623 3296 praesidium,
657 3213 842 3295 spetialiter
874 3222 1028 3278 amonet
1060 3233 1136 3296 pro·
1189 3211 1367 3293 prophetae
1385 3212 1566 3290 floruerint,
1584 3212 1754 3295 probabile
1772 3232 1838 3275 non
1857 3225 1942 3277 osset
1961 3212 2000 3277 de
2019 3222 2163 3279 retanta

165 3301 279 3384 pheta,
309 3301 370 3367 hoo
392 3320 519 3382 quoque
544 3298 604 3363 Dei
633 3299 753 3365 donum
776 3319 864 3378 esse,
899 3299 985 3382 quod
1013 3320 1033 3362 a
1059 3320 1136 3382 rege
1190 3299 1288 3362 luisse
1329 3298 1458 3363 uelatos.
1519 3295 1618 3363 Solus
1650 3307 1760 3363 tamen
1796 3299 1983 3362 nominatur
2016 3298 2160 3377 Samuel,

163 3388 235 3471 ipso
262 3387 443 3470 protegitur
474 3384 562 3450 salue
591 3384 746 3450 fidelium.
791 3383 987 3467 Quanquam
1020 3394 1135 3450 notan·
1188 3386 1264 3465 quia
1286 3392 1319 3448 et
1342 3404 1456 3464 praeeo
1480 3383 1541 3447 fuit
1564 3383 1728 3462 vatioinii,
1759 3393 1790 3447 et
1813 3383 1964 3448 minister
1987 3385 2160 3452 unctionis.

163 3473 241 3538 dum
264 3481 322 3552 est,
345 3470 538 3554 prophetam
563 3491 627 3535 non
650 3472 696 3536 ita
716 3471 815 3536 fuisse
837 3469 979 3536 defixum
998 3471 1031 3535 in
1054 3481 1135 3535 tem·
1187 3471 1289 3534 Porro
1311 3490 1409 3552 quum
1433 3469 1485 3534 vel
1507 3490 1566 3552 per
1584 3471 1758 3548 somnium,
1781 3468 1833 3534 vel
1853 3491 1910 3552 per
1929 3469 2069 3536 visiones
2087 3492 2161 3553 pro·

162 3557 267 3641 porali
289 3567 322 3623 et
343 3556 462 3623 oaduoo
485 3576 601 3638 regno,
629 3556 709 3639 quin
730 3559 828 3621 finem
851 3557 950 3622 simul
973 3556 1135 3639 expende·
1188 3555 1297 3638 phetis
1322 3565 1400 3620 tuno
1428 3553 1581 3638 loquutus
1610 3556 1653 3620 sit
1674 3555 1781 3635 Deus,
1813 3555 1865 3620 hio
1893 3556 2027 3638 ponitur
2055 3556 2158 3621 altera

163 3651 228 3721 ret,
258 3643 354 3710 sieuti
383 3663 459 3708 mox
490 3642 682 3708 videbimus.
726 3641 858 3708 Solebat
885 3643 973 3708 enim
1005 3644 1135 3706 nonnisi
1186 3644 1317 3724 speeies.
1354 3639 1510 3723 Sequitur
1533 3641 1648 3707 deinde
1670 3661 1798 3707 summa
1816 3641 1947 3724 oraonli,
1970 3641 2161 3724 quodDeus

163 3730 288 3796 (lhristi
316 3736 464 3812 respectu
498 3729 643 3794 favorem
676 3728 741 3793 Dei
773 3750 793 3793 a
826 3730 931 3810 eapite
961 3728 993 3792 in
1029 3741 1135 3794 totum
1187 3728 1308 3792 auxilio
1329 3726 1440 3807 fortem
1463 3726 1514 3791 vel
1538 3726 1707 3793 robustum
1723 3728 1918 3793 instruxerit
1937 3749 2031 3809 quem
2055 3728 2161 3810 elege-

163 3816 316 3883 eoolesiae
338 3835 455 3898 eorpus
478 3814 629 3879 defluere.
674 3815 724 3880 Ao
751 3813 1008 3898 primoquidem
1032 3825 1135 3879 meta·
1187 3824 1248 3896 ret,
1272 3820 1308 3877 ut
1330 3832 1431 3895 regno
1456 3813 1653 3895 praeficeret.
1688 3813 1798 3878 Fortis
1820 3828 1965 3890 voratur,
1990 3834 2055 3877 non
2075 3813 2160 3895 quod

162 3901 296 3984 phoriee
318 3922 428 3984 regem
453 3920 571 3966 vooans
592 3899 739 3983 elypeum,
769 3900 862 3965 siouti
885 3899 970 3965 hano
996 3902 1134 3983 figuram
1186 3900 1317 3981 propria
1347 3897 1535 3962 fortitudine
1562 3898 1753 3964 excelleret:
1787 3899 1930 3986 (quando
1959 3909 1992 3962 et
2021 3899 2160 3980 exiguae

162 3991 324 4070 scriptura
346 4006 442 4069 saepe
465 3993 612 4067 usurpat,
634 3985 704 4050 eius
727 3995 836 4050 tamon
859 4007 961 4050 manu
982 3995 1014 4051 et
1037 4006 1135 4067 opera
1186 3994 1328 4049 staturae
1352 3983 1421 4061 fuit,
1445 3996 1478 4046 et
1500 3983 1586 4048 inter
1607 3985 1725 4048 fratres
1744 3984 2006 4067 contemptibilis,
2031 3997 2067 4049 ut
2085 4006 2160 4048 eum

162 4075 293 4139 nonnisi
315 4072 472 4138 divinitus
491 4072 613 4136 fatetur
629 4070 788 4154 populum
808 4069 945 4136 defendi.
982 4072 1030 4137 Aa
1048 4070 1133 4135 idem
1186 4069 1320 4134 Samuel
1355 4089 1483 4150 quoque
1517 4070 1691 4152 neglectim
1731 4069 1953 4155 praeterirem)
1993 4069 2048 4134 sed
2083 4070 2161 4152 quia

162 4159 302 4225 seeundo
323 4156 470 4222 membro
493 4157 627 4239 repetit,
649 4154 865 4240 pronuntians
889 4177 999 4240 regem
1023 4178 1042 4221 a
1064 4156 1135 4221 Deo
1187 4164 1258 4238 post
1281 4154 1470 4218 electionem
1493 4167 1627 4220 ornatus
1650 4156 1713 4219 luit
1736 4178 1819 4220 nova
1843 4156 1983 4233 virtute,
2007 4167 2039 4220 et
2061 4156 2160 4240 regiis

161 4265 231 4310 esee
253 4243 365 4309 datum
388 4245 443 4326 qui
466 4242 622 4326 populum
645 4240 821 4326 gubernet:
855 4241 991 4324 ideoque
1023 4242 1133 4306 defen·
1187 4240 1259 4304 aliis
1283 4237 1428 4303 dotibus:
1453 4240 1547 4304 sieuti
1572 4262 1671 4324 quum
1695 4242 1856 4323 apostolos
1878 4241 1978 4325 elegit
1995 4241 2157 4320 Christus,

161 4331 285 4396 sionem
309 4350 390 4412 quae
413 4349 432 4393 a
455 4348 531 4412 rege
553 4329 717 4412 provenit,
748 4326 811 4391 Dei
834 4327 1025 4392 benefitium
1053 4347 1133 4392 esse.
1187 4347 1252 4390 ηοη
1275 4324 1370 4389 titulo
1392 4323 1556 4390 duntaxat
1578 4347 1632 4390 eos
1654 4328 1800 4404 ornavit,
1824 4327 1880 4392 sed
1902 4327 1997 4391 simul
2020 4327 2159 4392 eontulit

161 4415 233 4480 Iam
256 4414 512 4492 meminerimus,
534 4412 621 4495 qnod
640 4412 679 4479 de
698 4412 865 4478 umbratili
885 4434 985 4497 regno
1004 4413 1133 4488 dieitur,
1185 4431 1267 4493 quae
1289 4409 1330 4473 ad
1353 4431 1474 4475 munus
1496 4412 1738 4494 exsequendum
1762 4421 1856 4478 erant
1879 4411 2068 4477 necessaria.
2115 4413 2158 4476 m

163 4501 291 4584 proprie
319 4498 479 4583 quadrare
509 4499 545 4562 in
575 4498 701 4566 christi
729 4520 919 4582 personam,
957 4500 1013 4581 qui
1042 4498 1134 4563 nobis
1185 4496 1322 4562 eandem
1357 4496 1453 4560 bodie
1488 4498 1624 4578 spiritus
1658 4499 1797 4580 gratiam
1832 4501 1865 4563 in
1898 4499 1965 4562 suis
1998 4497 2160 4563 ministris

163 4586 257 4652 datus
278 4595 328 4653 est
350 4605 370 4650 a
392 4596 484 4668 patre
506 4584 623 4652 salutis
645 4595 764 4668 eustos,
787 4594 824 4650 ut
846 4587 916 4651 eius
939 4606 1037 4649 mann
1061 4605 1133 4667 pro·
1185 4583 1316 4650 exserit.
1360 4581 1475 4647 Robur
1497 4603 1574 4665 ergo
1597 4581 1748 4666 Davidis,
1771 4585 1863 4649 euius
1885 4583 1939 4647 hio
1962 4584 1998 4647 fit
2027 4585 2159 4667 mentio,

165 4682 322 4756 tegamur.
1185 4667 1353 4735 electionis
1388 4669 1523 4734 effeetus
1552 4668 1630 4746 luit,
1660 4670 1737 4751 quia
1758 4669 1849 4734 Deus
1879 4688 1988 4751 regem
2018 4670 2160 4734 creando

1186 4756 1309 4821 virtute
1331 4753 1430 4819 simul
1453 4753 1613 4819 instruxit
1633 4774 1715 4836 quae
1737 4753 1778 4819 ad
1801 4754 1910 4836 populi
1937 4755 2159 4820 conservatio·

248 4843 301 4909 20.
326 4841 414 4909 Tuae
434 4842 578 4924 loquelus
598 4862 631 4908 es
659 4843 693 4906 ia
719 4842 838 4909 uisiom
863 4843 1033 4909 manassis
1061 4844 1134 4922 tuis,
1186 4863 1261 4906 nem
1284 4841 1456 4905 sufficeret.
1502 4839 1598 4921 Quod
1619 4841 1716 4904 etiam
1740 4839 1858 4904 clarius
1881 4851 2014 4921 apparet
2043 4861 2084 4903 ex
2107 4861 2158 4903 se-

162 4928 336 5010 oldioisli,
371 4928 472 4994 Posui
499 4928 692 4995 adiutorium
720 4948 817 5010 super
844 4929 969 5011 fortem,
999 4929 1136 4994 wallari
1185 4928 1293 4993 cundo
1322 4926 1485 5003 membro,
1521 4926 1577 4992 ubi
1607 4926 1697 5007 origo
1726 4933 1859 4989 notatur
1883 4924 2024 4989 inviotae
2059 4924 2158 4991 huius

162 5015 288 5082 oleatum
315 5034 332 5079 e
354 5014 481 5096 popolo.
523 5015 575 5081 21.
600 5013 714 5079 Iaoeai
735 5013 846 5079 Dooid
874 5034 995 5080 seorim
1023 5035 1134 5093 meam,
1185 5012 1397 5091 fortitudinis,
1421 5013 1496 5095 quia
1518 5010 1640 5077 scilieet
1662 5009 1787 5076 oleorum
1806 5009 1897 5075 Deus
1920 5032 1937 5075 e
1960 5009 2051 5092 plebe
2074 5016 2158 5075 eolo

161 5101 226 5167 oleo
257 5100 433 5167 sanctitatis
464 5120 550 5166 meae
580 5101 660 5165 onai
692 5119 777 5165 eum:
830 5100 882 5164 22.
914 5099 988 5166 Ideo
1020 5121 1135 5167 monos
1184 5099 1271 5165 ierat.
1317 5099 1407 5163 Sunt
1436 5099 1524 5163 enim
1553 5116 1648 5162 voees
1678 5116 1790 5161 omnes
1829 5094 2046 5178 emphatioae:
2082 5097 2159 5179 quia

161 5206 231 5252 meo
252 5186 428 5253 slobtiietor
448 5207 517 5252 oum
539 5206 589 5264 eo,
618 5186 725 5268 otique
741 5184 904 5252 asaiam
927 5207 1030 5253 meum
1050 5188 1135 5254 robo-
1185 5206 1287 5268 quum
1310 5185 1503 5266 pronuntiat
1524 5182 1616 5248 Deus
1637 5203 1672 5247 se
1690 5182 1861 5259 exaltasse,
1883 5181 2078 5264 intelligitur
2096 5182 2155 5248 hu·

162 5272 248 5339 robii
276 5293 355 5339 eom.
399 5272 451 5339 23.
477 5272 550 5339 Noa
575 5274 635 5339 erit
662 5277 786 5340 eoootor
814 5273 964 5340 inimious
991 5274 1026 5340 io
1055 5294 1133 5352 eum,
1186 5271 1272 5336 milis
1294 5282 1327 5335 et
1349 5268 1473 5335 obieeta
1503 5268 1663 5348 uenditio,
1693 5268 1727 5333 in
1757 5288 1821 5350 qua
1850 5267 2006 5334 obseurus
2036 5268 2158 5335 latebat

262 5372 374 5435 Ooloiai
387 5390 482 5448 opero.
502 5375 563 5435 Vol
577 5375 695 5432 XXXI.
1920 5369 1954 5425 52
