4672 5864
111 336 176 401 217
944 344 1162 412 PSALMUS
1183 345 1282 411 XXI.
1839 330 1845 341 ⁸
2049 344 2113 412 218

113 532 189 597 dam
222 530 437 612 interpretes:
474 552 512 597 ac
544 533 573 596 si
607 531 730 598 dictum
762 543 856 609 esset,
891 555 1010 600 manus
1032 544 1089 599 tna
1140 535 1228 618 ipsos
1257 554 1385 617 quoque
1414 533 1497 600 lilios
1527 531 1768 618 pervagabitur.
1818 532 1880 598 Est
1908 539 2020 598 autem
2049 533 2110 602 hoc

112 616 267 684 omnibus
289 615 433 681 inimicis
455 618 606 693 sufficiet,
628 617 762 684 dextera
785 632 842 685 tua
863 621 1011 685 inveniet
1033 621 1088 703 qui
1140 621 1220 687 satis
1252 622 1368 685 tritum
1402 619 1571 685 doctrinae
1603 629 1702 703 caput
1732 621 1768 684 in
1797 618 1967 702 scriptura,
2002 620 2110 686 Deum

113 713 146 770 to
182 702 331 767 oderunt.
375 700 430 767 Ita
466 702 628 787 gradatim
668 706 879 772 adscenderet
908 709 1087 772 sententia:
1140 728 1205 772 non
1235 706 1330 772 mode
1359 704 1399 771 de
1430 706 1544 788 primis
1578 706 1736 771 scelerum
1774 705 1942 770 autoribus
1972 726 2110 787 poenam

113 809 232 855 manus
264 800 321 853 tua
354 786 394 853 ad
428 788 645 854 resistendum
680 812 741 874 par
769 794 840 864 erit,
874 793 1011 857 dextera
1032 804 1090 857 tua
1139 796 1280 878 exigere,
1324 791 1380 856 sed
1418 793 1551 856 reiicere
1582 791 1617 855 in
1650 791 1759 856 sinum
1791 790 1940 855 filiorum.
1994 790 2109 873 Neque

112 877 226 941 hostes
248 872 481 956 apprehendet,
511 888 546 939 ut
568 873 693 940 cladem
717 899 783 943 non
806 879 974 962 effugiant.
1020 878 1087 943 Ad·
1140 888 1249 944 tamen
1271 877 1349 942 dum
1371 877 1418 940 ita
1439 877 1620 942 vindictam
1642 898 1737 942 suam
1759 876 1966 959 persequitur
1988 877 2023 939 in
2046 887 2110 941 ter·

113 962 204 1027 ditur
236 961 335 1025 etiam
373 958 541 1026 horribilis
582 962 746 1027 vindictae
779 967 911 1048 species,
952 986 992 1029 ex
1025 986 1089 1046 qua
1139 965 1217 1028 tiam
1252 975 1287 1028 et
1326 977 1473 1046 quartam
1515 964 1767 1045 generationem,
1808 974 1931 1026 temere
1962 961 2108 1028 insontes

112 1047 299 1130 colligimus
328 1066 395 1110 non
425 1046 466 1111 de
494 1046 693 1129 quibuslibet
722 1049 776 1116 hio
804 1052 873 1115 fieri
895 1058 1088 1126 sermonem,
1139 1049 1284 1115 scelestis
1305 1049 1462 1113 involvit:
1494 1046 1549 1113 sed
1572 1069 1673 1131 quum
1696 1047 1907 1112 maledictum
1929 1047 1972 1113 sit
1993 1048 2108 1129 impio·

113 1133 169 1200 sed
200 1132 242 1197 de
270 1132 381 1213 impiis
410 1140 445 1195 et
473 1135 604 1197 vesanis
626 1132 690 1197 Dei
712 1138 998 1218 contemptoribus,
1031 1137 1087 1218 qai
1140 1157 1212 1200 rum
1235 1156 1345 1200 semen
1369 1134 1455 1217 quod
1478 1136 1585 1217 gratia
1607 1156 1667 1199 sua
1685 1135 1838 1217 privavit,
1860 1142 1894 1198 et
1911 1154 2023 1198 omnes
2041 1134 2109 1199 sint

112 1229 228 1287 contra
255 1217 462 1301 unigenitum
486 1220 556 1283 eius
578 1219 680 1283 filium
714 1223 886 1305 gigantum
922 1244 1012 1287 more
1034 1221 1086 1285 in·
1139 1223 1198 1285 filii
1232 1224 1299 1286 irae
1330 1220 1446 1285 ultimo
1485 1221 1585 1285 exitio
1618 1219 1742 1285 devoti:
1784 1239 1851 1283 non
1883 1220 1993 1284 minus
2024 1219 2109 1284 filios

113 1314 265 1389 surgunt,
298 1305 369 1387 ipsa
392 1304 479 1367 onim
504 1325 627 1387 poenae
649 1310 803 1372 atrocitas
825 1308 956 1373 sceleris
978 1307 1087 1392 gravi·
1139 1327 1236 1388 quam
1259 1309 1292 1371 in
1315 1318 1424 1387 patres
1445 1307 1532 1370 iusta
1549 1316 1599 1369 est
1616 1306 1686 1370 eius
1704 1307 1871 1371 severitas.
1916 1302 2000 1385 Quis
2017 1305 2108 1371 enim

113 1400 213 1456 tatem
245 1389 397 1454 ostendit.
443 1390 568 1455 Putant
596 1392 726 1473 quidam
758 1392 918 1458 Davidem
944 1394 1087 1459 alludere
1139 1393 1228 1457 litem
1265 1395 1413 1468 intentet,
1450 1392 1478 1455 si
1507 1391 1647 1475 gratiam
1675 1413 1741 1474 qua
1769 1411 1844 1456 suos
1872 1390 2108 1473 complectitur,

112 1477 154 1542 ad
175 1475 327 1558 supplicii
360 1496 463 1558 genus
487 1476 571 1559 quod
595 1498 668 1541 eum
693 1477 732 1543 de
755 1479 952 1544 Ammonitis
975 1501 1085 1564 sump·
1139 1478 1179 1543 ab
1208 1477 1352 1560 indignis
1380 1476 1554 1542 subducit?
1598 1477 1745 1558 Utroque
1767 1479 1855 1542 enim
1878 1476 1984 1555 modo,
2008 1497 2107 1560 quam

112 1563 193 1628 sisse
216 1563 316 1627 refert
344 1580 436 1627 sacra
459 1560 610 1627 historia:
641 1563 697 1628 sed
721 1569 825 1649 magis
848 1565 1015 1649 probabile
1037 1578 1087 1630 est
1138 1563 1198 1630 sibi
1217 1584 1327 1630 carum
1345 1564 1389 1628 sit
1406 1583 1444 1628 ao
1461 1563 1641 1645 pretiosum
1659 1564 1784 1628 Christi
1802 1583 1950 1645 regnam,
1972 1562 2108 1627 demon-

111 1647 335 1730 metaphoriee
353 1647 475 1729 erponi
493 1646 692 1713 horrendum
712 1652 848 1715 exitium
867 1650 951 1733 quod
973 1671 1088 1715 omnes
1138 1663 1235 1715 strat:
1257 1648 1341 1733 quod
1366 1650 1406 1714 ad
1428 1649 1575 1713 fidelium
1598 1661 1742 1732 posteros
1760 1648 2012 1714 misericordiam
2032 1669 2107 1731 pro·

111 1733 237 1799 Christi
268 1732 474 1797 adversarios
503 1744 625 1801 manet.
669 1735 830 1816 Quamvis
858 1739 946 1802 enim
975 1737 1087 1801 furore
1138 1734 1227 1801 duoit
1257 1756 1359 1817 usque
1386 1734 1427 1801 ad
1457 1736 1546 1799 mille
1579 1736 1816 1818 generationes,
1849 1745 1882 1798 et
1903 1735 1936 1797 in
1960 1732 2107 1817 reprobis

111 1819 251 1886 ardeant
279 1828 394 1884 contra
415 1819 596 1903 ecelesiam,
629 1828 662 1884 et
685 1843 744 1887 sua
766 1824 903 1888 saevitia
925 1823 1084 1887 mundam
1137 1822 1257 1887 residet
1284 1823 1333 1885 ira
1355 1821 1426 1887 eius
1449 1823 1606 1905 usquein
1630 1821 1760 1886 tertiam
1783 1829 1815 1885 et
1837 1831 1985 1903 quartam
2008 1839 2106 1903 gene·

111 1906 340 1971 inflamment:
363 1905 417 1969 ubi
440 1916 549 1968 tamen
573 1904 614 1969 ad
637 1908 802 1973 cumulum
826 1910 1015 1991 pervenerit
1036 1929 1086 1972 eo
1137 1908 1305 1973 rationem.

110 2012 186 2057 rum
218 1990 382 2073 impietas,
417 1991 497 2056 haec
526 1991 591 2055 illis
620 2013 744 2060 meroes
767 1995 907 2077 reposita
929 2006 977 2058 est
1000 1993 1086 2077 apud

110 2078 232 2153 Deum,
264 2090 302 2145 ut
334 2077 369 2140 in
403 2096 497 2141 snam
531 2076 694 2143 fornacem
730 2083 893 2145 coniectos
926 2081 1086 2145 absumat.
1224 2079 1275 2145 12.
1303 2077 1386 2159 Quia
1407 2075 1660 2162 erpaudeeuat’)
1681 2097 1775 2158 saper
1795 2082 1824 2142 te
1843 2078 1974 2160 multem,
1996 2079 2108 2161 capita

111 2163 226 2228 Primo
245 2172 354 2226 autem
374 2160 520 2226 membro
539 2184 597 2228 rex
617 2165 686 2247 ipse
704 2166 793 2230 ultor
806 2177 949 2246 vocatur,
968 2165 1086 2230 deinde
1136 2171 1247 2230 oeraut
1267 2185 1362 2246 super
1384 2170 1412 2228 te
1428 2163 1578 2247 fraudem
1599 2184 1695 2245 qaum
1717 2183 1777 2228 uou
1788 2169 1936 2246 poterut
1946 2162 2106 2244 reficere.

111 2249 311 2314 transfertur
340 2269 461 2312 munus
491 2248 552 2314 hoe
582 2248 622 2313 ad
647 2250 708 2315 Dei
733 2273 922 2335 personam:
953 2253 1085 2317 tandem
1139 2249 1189 2314 13.
1229 2252 1386 2332 Quoniam
1414 2269 1513 2330 ponta
1541 2269 1592 2314 eos
1618 2249 1780 2327 tumulum,
1813 2249 1849 2314 itt
1877 2249 2010 2329 sunibtta
2042 2251 2108 2315 tetis

64 2363 67 2367 ·
110 2335 249 2399 ultionis
271 2335 465 2415 exaequatio
486 2333 555 2418 igni
580 2335 744 2411 tribuitur,
775 2358 858 2420 quae
881 2339 943 2402 tria
965 2337 1086 2420 optime
1132 2337 1343 2419 praeparabis
1382 2341 1488 2401 contro
1527 2335 1625 2416 facies
1665 2355 1778 2400 eorum.
1848 2335 1899 2400 14.
1951 2335 2108 2401 Exotero

111 2423 200 2485 inter
221 2440 256 2485 se
278 2419 490 2486 conveniunt.
536 2417 666 2486 Scimus
688 2424 775 2488 enim
799 2423 933 2488 Christo
951 2423 1085 2487 manda·
1138 2421 1255 2487 choea
1277 2423 1309 2486 ia
1331 2422 1444 2486 moute
1465 2426 1532 2501 tuo,
1562 2419 1757 2486 mutabimus
1776 2425 1805 2484 et
1819 2421 1995 2501 psallerent
2014 2421 2106 2502 sorli-

112 2517 185 2571 tnm
207 2506 309 2570 fuisse
332 2504 487 2570 iudicium
512 2505 681 2591 uthostes
703 2530 778 2575 suos
800 2511 833 2574 in
852 2510 961 2593 ignem
981 2521 1085 2573 aeter·
1136 2507 1274 2574 tudinem
1295 2513 1390 2573 tuam.

111 2612 192 2657 num
223 2591 433 2674 praecipitet:
468 2591 525 2656 sed
555 2612 671 2675 operae
701 2595 842 2676 pretinm
871 2595 934 2659 fuit
964 2595 1085 2660 diserto
1856 2622 1861 2629 ·

110 2677 264 2761 exprimi,
297 2696 363 2741 non
394 2676 538 2742 hominis
559 2677 631 2758 hoo,
660 2680 715 2744 sed
739 2679 803 2745 Dei
826 2701 896 2747 esse
919 2680 1084 2744 iudicium.
1227 2679 1273 2745 12.
1296 2678 1397 2763 (Quia
1418 2676 1654 2763 expanderunt.)
1697 2677 1772 2743 Hoc
1793 2695 1893 2743 versu
1912 2678 2107 2761 pronunciat

110 2763 189 2828 Non
212 2766 321 2828 minus
343 2761 443 2826 etiam
466 2763 546 2827 utile
568 2764 629 2828 luit
651 2778 829 2831 extremam
853 2780 886 2832 et
909 2768 1083 2832 terrificam
1136 2763 1246 2829 David
1275 2764 1370 2847 quale
1399 2765 1561 2847 praedixit
1590 2763 1753 2829 excidium
1784 2763 1902 2848 impios
1930 2785 2000 2830 esse
2033 2785 2108 2848 pro·

111 2847 276 2916 vindictae
299 2848 440 2931 speciem
464 2849 594 2933 exponi,
625 2870 690 2932 quo
713 2854 949 2936 expergefieret
971 2873 1083 2917 eorum
1137 2853 1288 2916 meritos:
1323 2850 1400 2932 quia
1430 2873 1494 2915 non
1528 2850 1653 2915 homini
1683 2850 1790 2914 solum
1818 2861 1950 2915 terreno
1979 2850 2107 2917 molesti

110 2946 223 3018 torpor
252 2933 309 3017 qai
339 2934 402 2999 Dei
431 2937 539 3001 minas
572 2935 692 3018 alioqui
724 2960 837 3003 securo
858 2950 1083 3004 contemnunt.
1137 2937 1267 3015 fuerint,
1288 2936 1344 3000 sed
1367 2936 1525 3020 impetum
1548 2957 1626 3000 suae
1643 2934 1814 3019 superbiae
1831 2938 2054 3002 converterint
2071 2937 2107 3001 in

110 3020 184 3086 lam
205 3021 269 3086 hoe
287 3019 373 3084 idem
398 3019 439 3083 ad
463 3021 589 3103 piorum
612 3022 863 3089 consolationem
885 3046 949 3089 non
969 3044 1084 3105 parum
1135 3020 1243 3086 Deum
1267 3022 1384 3105 ipsum.
1428 3019 1713 3101 Quemadmodum
1736 3021 1821 3084 enim
1845 3021 1978 3087 Psalmo
2000 3021 2106 3089 atiu-

111 3106 215 3174 valet:
238 3106 361 3171 seimus
383 3106 469 3171 enim
494 3128 591 3189 quam
612 3107 829 3175 formidabilis
846 3112 889 3175 sit
906 3109 1082 3191 impiorum
1136 3120 1204 3172 tum
1238 3108 1310 3182 fuit,
1343 3127 1481 3189 regnum
1516 3105 1596 3170 illud
1630 3107 1665 3169 in
1698 3104 1838 3171 Davidis
1871 3128 2011 3190 persona
2041 3107 2107 3174 Dei

109 3191 300 3270 crudelitas,
329 3191 381 3255 oui
410 3190 504 3257 facile
527 3192 753 3259 succumberet
774 3196 855 3260 fides
878 3208 998 3274 nostra,
1022 3195 1083 3258 nisi
1136 3191 1289 3257 mandato
1327 3202 1550 3256 consecratum
1588 3190 1711 3256 violare
1747 3212 1842 3255 nemo
1873 3193 1986 3275 potuit,
2025 3194 2106 3274 quin

109 3277 153 3345 ad
175 3279 238 3342 Dei
260 3278 417 3343 indicium
441 3287 637 3363 assurgeret.
682 3281 825 3363 'Pempus
844 3280 912 3345 irae
930 3280 1084 3345 admonet
1136 3278 1206 3343 Deo
1230 3278 1392 3342 nefarium
1415 3298 1452 3342 ao
1474 3276 1667 3359 sacrilegum
1686 3275 1808 3340 bellum
1827 3278 1977 3342 inferret:
2000 3278 2106 3345 multo

107 3363 276 3449 patienter
313 3362 479 3428 terendam
517 3385 587 3429 esse
623 3384 761 3436 erucem,
800 3365 903 3430 donec
932 3386 1084 3431 exercere
1135 3376 1242 3427 autem
1266 3364 1371 3445 magis
1394 3362 1426 3426 in
1449 3364 1691 3446 oppugnatione
1709 3363 1804 3444 regni
1822 3362 1947 3428 Christi
1966 3363 2107 3429 violatur

108 3471 171 3516 nos
189 3462 222 3515 et
240 3449 414 3515 humiliare
432 3449 577 3516 Domino
595 3450 763 3534 placuerit.
803 3449 980 3516 Discamus
998 3471 1085 3532 ergo,
1134 3447 1197 3513 Dei
1221 3449 1383 3524 maiestas,
1416 3451 1473 3531 qui
1496 3470 1560 3513 non
1584 3450 1647 3513 nisi
1669 3470 1727 3531 per
1748 3450 1819 3515 eius
1840 3470 1976 3514 manum
2001 3449 2104 3514 domi·

109 3536 141 3601 si
162 3556 228 3600 non
250 3537 361 3600 statim
386 3536 566 3617 potentiam
589 3556 682 3601 suam
704 3538 827 3602 exserit
845 3537 884 3600 ad
904 3537 1085 3620 perdendos
1135 3536 1205 3599 nari
1230 3534 1301 3598 vult
1323 3534 1358 3598 in
1382 3534 1515 3599 mundo.
1559 3534 1662 3600 Porro
1684 3535 1759 3617 qnia
1781 3534 1918 3600 verbum
1940 3549 2020 3620 nm
2037 3536 2105 3601 He·

109 3622 239 3705 impios,
270 3642 377 3706 spem,
394 3634 539 3687 nostram
570 3621 609 3686 ad
643 3636 773 3705 tempus
796 3622 874 3686 illud
898 3622 1085 3703 extendere,
1136 3619 1241 3685 braeis
1270 3641 1359 3685 nune
1390 3619 1585 3705 expandere,
1619 3641 1708 3686 nunc
1736 3620 1900 3686 divertere
1931 3623 2103 3705 signifieat,

109 3707 198 3791 quod
227 3708 377 3773 coelestis
407 3717 501 3791 pater
527 3707 647 3774 iudicio
678 3729 737 3773 suo
765 3711 928 3792 praefixit,
961 3717 994 3773 et
1026 3729 1083 3773 rex
1135 3720 1271 3788 utroque
1302 3707 1396 3771 modo
1427 3728 1492 3771 non
1524 3706 1726 3771 incommode
1755 3707 1838 3772 verti
1867 3719 1990 3790 potest:
2017 3707 2105 3789 quod

109 3803 226 3858 noater
261 3794 403 3858 terrifica
436 3814 495 3858 sua
524 3795 646 3860 virtute
687 3800 833 3859 armatus
870 3794 1013 3877 prodibit
1043 3794 1082 3858 ad
1135 3793 1258 3858 scilieet
1280 3793 1371 3874 impii
1394 3793 1484 3874 quasi
1506 3793 1659 3873 expansis
1680 3792 1804 3857 retibus
1826 3793 1935 3856 eonati
1954 3794 2021 3856 sint
2038 3792 2105 3858 Dei

108 3879 303 3946 sumendam
335 3879 504 3945 ultionem.
559 3880 658 3944 Nunc
687 3881 773 3945 enim
804 3880 959 3962 quamdiu
990 3878 1084 3945 dissi·
1135 3881 1312 3960 potentiam
1331 3878 1391 3941 sibi
1409 3877 1576 3954 subiicere,
1601 3877 1651 3941 vel
1669 3879 1740 3941 eins
1758 3877 1989 3961 opprimendae
2007 3899 2104 3945 causa

109 3965 315 4044 malathan
339 3964 461 4030 oblitus
483 3975 533 4031 est
555 3967 607 4030 vel
627 3966 688 4047 sni,
711 3966 762 4030 vel
781 3968 902 4031 nostri:
924 3964 981 4031 sed
1001 3966 1085 4031 ridet
1135 3965 1290 4029 malitiam
1320 3982 1411 4028 suam
1437 3961 1645 4026 deflexerint:
1687 3961 1960 4043 quemadmodum
1983 3965 2104 4046 siquis

108 4071 223 4117 eorum
247 4053 422 4116 amentiam
446 4052 502 4131 qui
524 4053 658 4135 impune
680 4051 859 4135 grassando
882 4052 956 4134 plus
984 4052 1084 4117 auda·
1134 4060 1322 4125 torrentem,
1361 4060 1477 4112 cavata
1498 4045 1594 4129 fossa,
1616 4048 1649 4110 in
1673 4047 1778 4112 locum
1802 4048 1944 4130 aliquem
1966 4048 2102 4117 derivet.

109 4137 181 4202 ciac
214 4137 248 4200 in
282 4137 352 4202 dies
381 4136 549 4220 colligunt.
605 4138 678 4203 Etsi
707 4151 815 4203 autem
847 4137 939 4203 nobis
966 4158 1083 4220 parum
1134 4134 1223 4199 Dicit
1246 4148 1357 4217 postea
1379 4136 1538 4217 cogitasse
1559 4133 1715 4208 fraudem,
1749 4133 1801 4198 vel
1823 4135 1993 4200 eonsilium
2017 4137 2102 4219 quod

108 4221 225 4289 suavis
253 4235 303 4287 est
324 4225 385 4288 iste
407 4220 470 4287 Dei
495 4224 590 4299 risus,
620 4224 737 4288 militia
759 4234 867 4288 tamon
893 4238 1004 4289 nostra
1027 4223 1083 4288 de·
1134 4222 1249 4285 effectu
1283 4217 1414 4295 carebit,
1454 4218 1571 4301 quibus
1608 4218 1716 4284 verbis
1749 4222 1941 4303 perstringit
1973 4241 2102 4288 caecam

107 4308 205 4392 fungi
228 4329 286 4373 nos
308 4318 447 4391 oportet,
470 4309 572 4373 donee
593 4308 748 4374 adveniat
770 4310 903 4375 ultionis
926 4310 1007 4393 dies,
1027 4309 1082 4391 qui
1133 4328 1245 4371 eorum
1264 4305 1442 4383 audaciam,
1472 4305 1527 4387 qui
1545 4303 1701 4370 adversus
1718 4304 1822 4372 Deum
1843 4306 1993 4372 bellando
2012 4308 2104 4391 quid-

106 4393 197 4459 idem
247 4394 480 4478 redemptionis
534 4415 640 4459 annus
690 4396 762 4472 erit,
814 4395 910 4462 sicuti
961 4395 1083 4460 Iesaias
1135 4394 1183 4456 vis
1206 4404 1333 4455 tentare
1355 4413 1419 4456 non
1443 4390 1603 4456 dubitant.

107 4499 181 4563 cap.
204 4479 256 4555 34,
280 4503 363 4546 vers.
387 4480 407 4545 8
429 4480 585 4561 loquitur.
630 4479 814 4555 Caeterum,
837 4504 901 4546 non
926 4480 1082 4564 displicet,
1219 4477 1269 4542 13.
1292 4475 1406 4563 (Pouet
1427 4496 1478 4541 eor
1498 4474 1677 4561 tumulum.)
1719 4474 1806 4557 Quia
1828 4491 1920 4562 mv
1941 4478 2103 4544 Hebraeis

106 4566 143 4631 in
174 4581 339 4648 postremo
369 4565 525 4649 membro,
563 4566 689 4631 Christi
720 4566 868 4634 hostibus
895 4567 1082 4632 denuntiari
1134 4563 1305 4628 humerum
1335 4564 1463 4645 proprie
1492 4564 1665 4645 significat,
1695 4563 1827 4644 quidam
1851 4585 1984 4628 sensum
2007 4564 2101 4630 illum

107 4651 247 4717 exitium
278 4673 341 4735 quo
372 4651 550 4718 Sodomam
580 4660 613 4716 et
645 4651 866 4719 Gomorrham
889 4654 966 4718 olim
990 4650 1082 4717 Deus
1134 4651 1286 4728 retinent,
1320 4668 1358 4714 ao
1379 4651 1406 4713 si
1429 4648 1551 4714 diceret
1573 4650 1678 4732 capita
1699 4650 1844 4731 ipsorum
1868 4649 2026 4714 deiectum
2049 4651 2101 4730 iri,

106 4736 263 4822 perdidit.
309 4735 398 4818 Quia
427 4739 512 4803 enim
534 4736 613 4802 illud
637 4737 701 4802 fnit
723 4760 800 4819 prae
822 4740 897 4804 aliis
919 4738 1024 4804 divini
1046 4739 1081 4802 in
1133 4748 1171 4800 ut
1200 4737 1236 4801 in
1269 4736 1456 4819 corporibus
1489 4737 1634 4800 curvatis
1670 4735 1801 4800 humeri
1833 4738 2016 4799 emineant:
2055 4735 2102 4802 ita

108 4842 226 4888 omnes
269 4823 387 4908 impios
430 4823 540 4888 iudicii
583 4823 794 4889 memorabile
838 4825 1081 4903 documentum,
1132 4822 1309 4886 secundnm
1340 4842 1394 4886 eos
1421 4822 1642 4902 metaphorice
1672 4833 1804 4884 notatur
1826 4821 1934 4885 lutura
1956 4821 2099 4888 hostium

106 4909 176 4974 imo
197 4908 255 4973 illa
277 4910 339 4974 luit·
359 4909 495 4975 visibilis
513 4910 622 4993 imago
640 4921 792 4974 aeternae
810 4910 981 4994 gehennae
998 4930 1082 4993 quae
1131 4909 1296 4973 subiectio.
1351 4906 1460 4990 Magis
1484 4919 1593 4971 tamen
1615 4906 1718 4971 altera
1740 4906 1899 4988 expositio
1920 4907 2008 4970 inter
2032 4908 2101 4974 He·

105 4993 257 5078 reprobis
275 5006 392 5077 parata
413 5008 478 5061 est:
502 4997 688 5079 frequenter
704 4996 740 5059 in
759 4998 922 5078 scriptura
939 4997 1083 5064 occurrit
1132 4995 1245 5058 braeos
1274 5013 1399 5076 qnoque
1429 5006 1559 5076 recepta
1588 5004 1647 5067 est,
1681 4992 1764 5074 quod
1786 4990 1878 5056 Deus
1900 4993 1933 5055 in
1957 4992 2100 5075 aliquem

106 5080 192 5146 haec
212 5082 390 5146 simiitado.
1131 5079 1292 5163 angulum
1321 5091 1465 5144 retrusos
1487 5102 1507 5144 a
1528 5077 1697 5143 maleficiis
1719 5076 1852 5143 arcebit.
1896 5077 1985 5142 Nam
2007 5093 2099 5164 mv

197 5165 249 5232 11.
271 5164 439 5253 (Fructum
456 5187 563 5232 eoram
579 5189 596 5234 e
612 5165 720 5252 terra)
750 5164 823 5231 Hau
837 5166 1081 5232 circumstantia

106 5253 288 5338 amplificat
316 5252 426 5320 David
455 5254 524 5319 irae
554 5254 618 5320 Dei
640 5252 910 5340 magnitudinem,
940 5254 1017 5335 quia
1040 5251 1082 5318 ad
1201 5267 1231 5334 ·)
1248 5267 1377 5338 arpenna,
1393 5282 1429 5322 eu
1444 5281 1553 5335 marce·
1570 5282 1605 5320 ου
1623 5264 1734 5319 decline.
