4658 5856
224 349 288 420 2⁷1
1024 350 1244 419 Perenne
1266 350 1419 417 nm
2155 355 2227 419 272

221 542 368 629 piabo?
416 542 448 609 2,
472 540 576 624 θιοοοι
597 542 848 625 propinquaret
866 540 911 606 ud
928 560 979 606 me
998 542 1132 626 seipsi
1152 541 1197 607 ud
1247 540 1484 622 promissiones
1511 541 1654 625 amplexi
1680 563 1795 606 sumus
1815 540 1907 625 (quia
1931 540 2084 625 persuasi
2104 563 2223 607 sumus

225 627 398 698 modum
421 646 546 695 mem
572 646 683 711 meoet,
717 645 914 710 oppressores
949 629 1013 691 soei
1039 632 1068 692 d
1095 627 1198 693 boda
1248 645 1324 689 eum
1346 626 2224 709 meminimuleimpcrmuminsublime

225 713 872 790 monstruosissumam.
915 712 946 778 3.
968 710 1198 780 semiraso
1247 710 1407 776 extollere
1435 714 1599 790 convenit,
1627 712 1962 778 utanimosnostrcs
1984 712 2094 778 insui
2116 711 2222 776 admi·

226 801 394 869 murum
415 819 464 865 ete
484 802 599 877 maru,
626 818 688 864 nou
715 797 832 863 times
850 817 904 864 cor
923 818 1042 864 mm:
1068 800 1101 865 si
1123 819 1197 865 eor·
1220 878 1223 885 ,
1247 797 1409 862 mooun
1429 797 1546 880 rapiat
1567 795 1725 863 Tenenda
1746 799 1835 862 euim
1854 806 1907 863 eat
1924 801 1988 863 ista
2003 798 2221 882 comparatio:

226 892 335 973 serpe
350 886 388 952 ir
407 904 457 951 me
475 883 641 968 proelium,
662 885 699 950 in
718 883 774 951 hoc
792 903 849 967 epo
866 885 1029 966 confidem,
1247 879 1339 961 Quid
1359 882 1401 947 ad
1423 883 1534 948 Deum
1554 904 1671 948 omnes
1691 882 1888 948 aestum?
1910 882 2012 948 Porro
2033 883 2120 949 haue
2141 883 2223 947 fidu-

533 978 538 986 '
1220 969 1333 1045 ¹ciam
1360 968 1494 1053 lougius
1525 968 1704 1034 extendere
1731 969 1898 1046 convenit,
1930 982 1968 1033 ut
1996 989 2110 1034 omnes
2142 989 2221 1033 oon-

316 1059 344 1124 1.
367 1054 499 1159 (lm
518 1054 574 1120 lter
597 1054 691 1140 meo.)
733 1053 943 1139 sicquidem
965 1056 1068 1140 aceipi
1091 1068 1199 1139 potest
1248 1053 1405 1119 scientiae
1444 1054 1636 1122 formidines
1675 1054 1845 1120 discutim
1888 1054 1985 1120 sicuti
2016 1053 2139 1120 Paulus
2180 1055 2221 1119 de

228 1146 291 1213 boc
311 1142 454 1220 initium,
486 1150 525 1207 nt
554 1139 751 1206 Desidiam
773 1139 838 1206 Dei
861 1139 1116 1207 miscricordiam
1138 1163 1198 1207 ex·
1221 1160 1226 1227 q
1247 1152 1383 1204 aeterna
1409 1140 1516 1206 salute
1542 1139 1706 1206 &merem
1732 1140 1837 1205 libere
1863 1139 2040 1206 meimet:
2069 1137 2107 1206 Si
2128 1141 2220 1206 Deus

227 1241 342 1316 pertus
377 1227 600 1295 testimouium
633 1225 846 1311 gratitudinis
877 1246 958 1290 suae
993 1227 1080 1294 edat.
1130 1226 1199 1295 Sed
1221 1238 1227 1319 j
1247 1245 1309 1308 pro
1331 1226 1437 1306 nobis,
1458 1225 1533 1308 quis
1553 1240 1670 1290 centn
1692 1225 1773 1291 nos?
1796 1225 1893 1291 Rom.
1914 1229 1948 1303 8,
1968 1223 2022 1292 31.

228 1334 292 1403 ego
321 1314 355 1381 in
393 1313 557 1380 divonem
594 1312 703 1396 potius
723 1311 923 1378 sententiam
944 1312 1076 1391 inclino,
1111 1314 1197 1398 quod
1329 1311 1366 1376 -2,
1388 1310 1510 1396 (Quem
1537 1310 1849 1396 appropinquarent.)
1892 1309 1963 1378 cur
1989 1311 2070 1377 baso
2090 1321 2220 1376 senten·

227 1399 431 1489 propositum
459 1396 523 1465 sibi
549 1418 624 1464 oum
645 1397 850 1481 meinimis
870 1399 1111 1466 tentationibus
1131 1419 1200 1465 cer-
1248 1396 1298 1461 tia
1318 1396 1478 1462 reddatur
1498 1398 1535 1462 in
1554 1399 1665 1462 futuru
1685 1408 1844 1480 tempore,
1870 1395 1970 1463 sicuti
1992 1396 2118 1462 facium
2139 1419 2222 1463 non·

230 1504 341 1555 tamen
362 1482 489 1567 ridens,
519 1504 554 1551 se
575 1483 785 1567 praemuniat
805 1502 844 1549 ac
864 1481 1005 1551 fiduciae
1026 1487 1198 1552 materiam
1249 1480 1332 1546 nulli
1364 1484 1569 1566 interpretes,
1608 1482 1700 1548 nmio
1731 1494 1784 1548 est
1815 1485 1910 1548 ratio.
1965 1481 2153 1561 Caeterum,
2187 1497 2224 1548 ut

228 1571 378 1659 colliget:
411 1569 510 1640 abuti
543 1588 676 1636 necesse
708 1583 758 1635 est
785 1579 915 1636 sanctos
942 1571 1062 1637 acriter
1087 1593 1199 1638 seeum
1249 1568 1452 1634 retineamus
1481 1570 1696 1650 praeteritum
1725 1578 1855 1652 tempus
1884 1588 1948 1651 quo
1975 1589 2055 1635 usus
2076 1578 2128 1634 est
2148 1589 2224 1652 pro·

229 1656 357 1738 iuoteri,
387 1669 424 1723 ut
445 1652 711 1733 dubitationibus,
734 1653 776 1721 ad
797 1675 879 1740 quas
899 1653 1000 1722 nimis
1020 1678 1201 1742 prospensa
1249 1653 1361 1737 pheta,
1384 1654 1506 1737 duplex
1527 1662 1638 1720 tamon
1658 1654 1769 1720 adhuc
1788 1675 1907 1720 seusus
1927 1673 2000 1720 esse
2064 1662 2147 1720 test:
2171 1654 2222 1720 vel

229 1756 280 1812 est
301 1762 386 1821 earo,
415 1740 556 1827 repulsis
583 1750 641 1806 sut
663 1740 814 1820 subactis,
842 1740 967 1808 alacres
994 1754 1028 1809 et
1055 1741 1200 1826 expediti
1250 1749 1289 1803 ut
1310 1739 1420 1805 David
1441 1740 1584 1806 celebret
1604 1760 1703 1823 quam
1723 1740 1787 1804 Dei
1809 1739 1967 1806 beneficio
2033 1750 2129 1823 eptus
2153 1759 2225 1805 erat

230 1828 272 1899 ed
293 1826 454 1896 orandum
500 1836 665 1912 reperent,
709 1825 819 1893 David
842 1846 922 1912 ergo
939 1828 1040 1895 variis
1056 1830 1200 1913 agitatus
1251 1824 1437 1891 veronam:
1468 1825 1519 1891 vel
1549 1826 1670 1891 referat
1696 1825 1836 1909 qualiter
1856 1846 1893 1892 se
1920 1824 1964 1890 ad
1985 1824 2067 1892 bene
2088 1846 2222 1910 speran-

230 1913 393 2002 prooellis,
416 1848 549 1979 taudem
571 1932 607 1978 se
624 1913 733 1995 ipsum
750 1911 885 1996 colligit,
907 1922 941 1978 et
959 1914 1126 1997 pistricem
1143 1911 1200 1979 sd-
1252 1909 1331 1975 dum
1360 1911 1559 1977 animaverit
1587 1913 1622 1976 in
1652 1912 1725 1994 ipsa
1747 1910 1936 1991 tentatione,
1966 1912 2077 1995 priora
2096 1910 2223 1978 scilicet

231 2019 347 2068 rmus
376 2020 482 2077 ouras,
515 1995 633 2082 quibus
664 2006 881 2077 aestuarent
921 2019 1034 2066 rocem
1067 2000 1200 2078 emittit,
1251 1996 1315 2062 Dei
1353 1996 1512 2063 beneficia
1552 2017 1664 2062 secum
1699 1996 1899 2080 reputando:
1939 2018 2025 2080 quae
2062 1998 2223 2080 posterior

233 2087 304 2153 Deo
344 2082 487 2169 propitio
526 2095 561 2149 et
591 2083 720 2150 faremo
755 2082 840 2149 nihil
872 2104 944 2151 esse
977 2086 1200 2152 mettiendum.
1250 2083 1411 2166 expositio
1439 2084 1544 2166 magis
1566 2081 1699 2148 arridet.
1743 2080 1883 2148 Summa
1910 2093 2021 2149 autem
2042 2082 2106 2150 buo
2127 2080 2223 2163 redit,

231 2172 308 2239 fluo
329 2173 428 2237 etiam
451 2180 576 2254 spectat
592 2169 769 2236 verborum
788 2170 1074 2324 wngfflssfim
1091 2170 1200 2238 Deum
1251 2191 1318 2234 nou
1339 2190 1411 2236 esse
1431 2190 1491 2234 eur
1511 2166 1638 2236 dubitet
1658 2170 1696 2233 in
1717 2179 1883 2252 posterum
1903 2166 2017 2235 David
2037 2168 2077 2235 de
2097 2168 2222 2235 auxilio

233 2278 299 2325 nou
321 2255 417 2324 modo
438 2253 547 2323 lucem
574 2276 669 2321 susm
691 2254 849 2334 nominat,
1011 2268 1103 2323 utem
1124 2279 1201 2342 quo
1251 2253 1326 2333 Dei,
1356 2254 1445 2338 qnod
1465 2261 1544 2320 ante
1564 2263 1721 2336 expertus
1743 2255 1860 2332 fuerat,
1885 2255 1964 2337 quia
1984 2253 2028 2319 ad
2047 2254 2123 2320 fidei
2144 2275 2224 2321 con·

231 2364 295 2428 que
316 2353 350 2409 et
380 2341 469 2409 ritae
501 2362 579 2410 suae
611 2360 727 2424 rupem
759 2341 814 2408 vel
845 2340 956 2408 robur.
998 2341 1084 2409 Nam
1112 2342 1201 2412 buno
1251 2341 1469 2406 firmationem
1490 2339 1575 2405 nihil
1596 2341 1701 2424 magis
1722 2339 1821 2418 valet,
1849 2361 1949 2423 quam
1975 2360 2090 2407 earum
2111 2361 2222 2405 rerum

230 2428 325 2515 qussi
349 2427 509 2513 triplicem
538 2428 689 2513 clypeum
711 2426 813 2493 variis
834 2427 1015 2495 terroribus
1036 2448 1201 2514 opponere
1252 2426 1442 2500 recordatio,
1483 2425 1520 2490 in
1559 2426 1677 2508 quibus
1708 2424 1802 2491 Dens
1837 2427 1963 2491 clarum
1995 2434 2065 2492 tam
2097 2425 2225 2512 gratiae

229 2514 345 2595 voluit,
378 2513 434 2599 qui
468 2512 509 2581 sd
542 2535 599 2581 eos
628 2511 837 2597 excipiendos
869 2513 1043 2580 sufficeret.
1098 2515 1200 2581 Lucis
1252 2533 1350 2595 quam
1378 2512 1526 2577 veritatis
1547 2528 1582 2577 et
1602 2513 1767 2595 potentiae
1788 2511 1954 2595 specimen
1975 2510 2076 2580 nobis.
2091 2509 2225 2578 eddidit.

229 2615 340 2669 cutem
369 2600 504 2668 nomine
531 2596 768 2667 iucunditatem
796 2607 831 2663 et
858 2595 971 2664 beatae
1000 2599 1090 2664 vitae
1111 2619 1201 2665 sum·
1252 2597 1370 2678 Itaque
1398 2597 1488 2663 huno
1516 2617 1649 2663 vamum
1678 2607 1712 2663 et
1741 2598 1890 2681 proxime
1910 2608 2102 2681 sequentem
2126 2598 2227 2663 simul

230 2708 318 2754 mum
340 2684 457 2764 notari,
486 2683 569 2751 satis
597 2682 713 2748 tritum
743 2692 801 2748 cst
845 2681 1073 2766 Expositiouis
1100 2705 1201 2752 cause
1251 2691 1418 2747 connecto.
1451 2681 1493 2747 Iu
1516 2683 1578 2748 hoo
1599 2683 1688 2748 enim
1709 2684 1820 2767 priore
1841 2682 1952 2749 David
1973 2684 2009 2749 iu
2031 2685 2227 2749 memoriam

231 2770 382 2856 adiungit
410 2770 550 2836 salutem
579 2787 650 2834 esse
671 2788 709 2834 ao
728 2766 828 2834 robur
848 2768 950 2833 ritae:
980 2768 1058 2852 quis
1078 2770 1202 2836 scilicet
1251 2767 1315 2833 sibi
1342 2765 1471 2834 reducit
1500 2788 1582 2851 quas
1610 2779 1689 2834 ente
1720 2770 1781 2834 sub
1803 2767 1869 2834 Dei
1890 2770 2045 2854 auspiciis
2067 2769 2227 2836 victorias

231 2856 294 2922 ltei
316 2875 377 2940 opo
398 2864 490 2920 tutus
511 2853 564 2935 sit,
597 2862 631 2917 et
662 2852 819 2919 immunis
849 2860 1001 2920 servetur
1033 2875 1055 2919 a
1085 2856 1201 2923 mortis
1252 2852 1384 2918 tulerat.
1427 2853 1509 2919 Inde
1539 2876 1616 2920 vero
1638 2853 1812 2932 ooncludit,
1841 2853 2085 2939 quibuscunque
2114 2855 2228 2922 obses·

232 2941 384 3018 tenebris,
416 2938 494 3006 iude
519 2947 607 3007 certe
633 2946 741 3006 metus
769 2958 882 3006 omues
910 2940 990 3006 oriri
1019 2939 1200 3025 deprehen·
1253 2959 1310 3004 sus
1330 2939 1429 3004 fuerit
1456 2939 1568 3022 copiis,
1596 2950 1630 3005 et
1657 2938 1815 3024 quidquid
1842 2941 2073 3007 machinentur
2101 2940 2227 3022 hostes,

231 3027 356 3105 demus,
384 3024 469 3109 quod
498 3023 596 3091 rimis
624 3044 701 3092 esre
727 3025 770 3090 sit
792 3023 887 3091 nobis
917 3025 1003 3092 vita:
1030 3027 1101 3093 eius
1122 3048 1200 3095 vero
1253 3046 1288 3089 se
1310 3022 1472 3107 intrepide
1498 3037 1673 3090 staturum.
1725 3037 1810 3135 Ἀρ
1831 3026 2089 3111 appropinquare
2122 3029 2229 3111 signi·

233 3133 298 3178 uon
321 3110 528 3195 agnoscimus
549 3110 658 3177 Deum
676 3108 853 3177 custodem.
897 3108 1012 3195 Itaque
1030 3112 1121 3179 nulla
1137 3115 1201 3179 erit
1253 3112 1344 3176 ficet:
1374 3109 1431 3176 sed
1460 3110 1514 3178 hic
1542 3111 1685 3177 refertur
1713 3110 1754 3175 ad
1775 3113 1991 3195 irruptionem
2019 3132 2117 3195 quam
2140 3114 2227 3178 feee-

231 3195 350 3263 euirnie
379 3204 451 3263 tren
476 3196 608 3275 tillitus,
642 3194 746 3264 donec
772 3197 922 3280 persuasi
953 3199 1076 3266 snmus
1098 3198 1200 3266 vitam
1253 3209 1331 3260 runt
1360 3195 1470 3262 hostes
1499 3195 1647 3278 Doridis,
1676 3218 1776 3281 quum
1806 3217 1881 3262 eum
1910 3207 2074 3282 urgerent.
2127 3197 2228 3279 Quod

232 3289 376 3349 nostrum
404 3302 462 3366 pro
532 3282 694 3348 munitam
722 3302 804 3364 esse,
832 3283 908 3432 qluia
936 3303 1009 3349 cam
1037 3284 1201 3352 Dominus
1252 3281 1309 3346 alii
1340 3302 1488 3365 pugnare
1518 3290 1662 3361 vertunt,
1696 3283 1851 3367 frigidum
1880 3295 1940 3350 est.
1984 3283 2087 3350 Vocat
2114 3294 2228 3350 sutem

231 3387 331 3435 mareu
361 3367 547 3451 virtuteque
573 3388 634 3433 sue
671 3377 791 3433 tuetur.
861 3371 1061 3452 nterrogatio
1090 3381 1200 3437 autem
1253 3388 1309 3432 eos
1337 3389 1509 3450 perversos
1538 3368 1591 3435 vel
1618 3369 1789 3452 malignos,
1821 3367 1990 3435 metandae
2022 3388 2100 3435 suae
2126 3369 2228 3435 inno·

232 3450 376 3519 ostendit
394 3463 552 3536 quantum
571 3451 636 3518 Dei
654 3451 815 3535 praesidio
832 3453 1084 3536 tribuutDavid,
1101 3478 1200 3539 quum
1252 3453 1377 3519 centies
1398 3475 1506 3520 oense.
1550 3453 1734 3520 Immunem
1762 3475 1839 3520 vero
1861 3455 2088 3521 truoulentiom
2110 3455 2226 3538 expri-

232 3558 345 3605 tooure
366 3540 492 3604 eunetis
515 3537 661 3603 hostibus
683 3550 716 3602 et
738 3538 844 3603 noxiis
861 3538 1006 3605 insultat.
1050 3541 1096 3605 Et
1112 3552 1201 3609 certe
1252 3539 1321 3616 mit,
1363 3559 1418 3603 eos
1458 3540 1499 3604 ad
1541 3541 1719 3606 vorandam
1759 3560 1891 3605 earnem
1930 3561 2024 3606 susm
2062 3541 2229 3606 institisse

233 3646 298 3691 nou
321 3623 416 3691 aliter
439 3623 509 3689 Deo
529 3624 634 3689 iustus
652 3620 799 3688 defertur
817 3623 930 3700 honor,
953 3623 1017 3689 nisi
1036 3625 1113 3689 dum
1133 3629 1201 3693 eius
1252 3623 1409 3691 referens.

231 3732 292 3797 opo
314 3710 387 3777 freti
410 3708 449 3777 de
472 3719 561 3777 certe
582 3706 688 3775 seluta
718 3707 850 3792 gloriari
875 3707 1041 3776 eudemus.
1086 3711 1201 3794 Itaque
1338 3709 1367 3774 3.
1389 3707 1445 3794 (st
1473 3712 1643 3778 οοοοίοιοιιί
1671 3712 1837 3779 adesam
1865 3711 1938 3798 ms.)
1989 3711 2097 3776 Infert
2126 3708 2229 3795 (siout

236 3793 342 3863 Dauid
365 3794 459 3881 quusi
489 3795 523 3861 in
546 3794 673 3861 trutina
704 3793 891 3877 appendens
913 3793 1070 3877 quidquid
1089 3807 1202 3880 poten·
1253 3794 1336 3881 dixi)
1358 3817 1399 3861 ex
1416 3818 1476 3862 sue
1497 3798 1710 3881 experientia,
1733 3797 1889 3880 quidquid
1909 3797 2063 3864 acciderit
2084 3795 2225 3879 οάιοιοί,

233 3882 296 3948 tioo
319 3895 368 3949 ost
390 3882 424 3948 in
452 3880 574 3948 mundo
602 3890 636 3947 et
655 3880 778 3960 inieris,
807 3888 912 3946 totum
941 3880 1003 3947 hoo
1022 3880 1136 3965 pluma
1157 3882 1201 3948 le·
1253 3882 1335 3947 bene
1362 3882 1561 3964 sperandum
1583 3906 1654 3951 esse
1676 3905 1737 3950 nec
1759 3883 1799 3948 de
1821 3884 1967 3966 potentia
1989 3881 2055 3948 Dei
2075 3882 2140 3948 iam
2162 3903 2225 3947 usu

233 3966 307 4035 uiue
330 3990 400 4035 osso
432 3966 531 4047 ducit,
564 3966 640 4050 quie
673 3987 758 4034 unus
791 3966 883 4034 Deus
916 3966 1012 4052 longe
1044 3987 1201 4051 praepon·
1252 3977 1423 4051 perspeeta
1461 3966 1687 4036 dubitandum.
1742 3968 1782 4033 ld
1818 3968 1954 4055 ¹quidem
1988 3969 2093 4052 primo
2127 3989 2226 4033 versu

233 4051 333 4119 dorot.
378 4052 552 4120 Disoamue
573 4074 650 4137 orgo
673 4052 756 4118 tanti
778 4052 884 4118 fecere
905 4051 970 4118 Dei
987 4053 1144 4119 virtutem
1161 4053 1202 4119 ad
1253 4062 1391 4118 testatus
1424 4063 1505 4135 erat,
1546 4056 1603 4121 sed
1635 4054 1826 4141 probatione
1868 4053 2063 4137 interpositu
2104 4053 2228 4118 iterum

234 4158 294 4205 uos
324 4137 513 4216 servandos,
550 4150 587 4203 ut
623 4135 665 4204 ad
701 4135 919 4223 profligandos
954 4157 1067 4204 omnes
1095 4149 1202 4206 metus
1254 4140 1380 4221 repetit.
1405 4136 1585 4206 Castrorum
1607 4148 1635 4207 et
1661 4141 1813 4207 exereim
1835 4141 1967 4206 nomine
1996 4138 2228 4222 complectitur

233 4221 437 4309 pruoveloet:
468 4244 534 4289 non
563 4222 649 4306 quod
678 4222 712 4289 in
743 4222 804 4289 heo
832 4223 940 4289 earnis
968 4223 1203 4291 infirmitates
1254 4224 1412 4307 propheta
1434 4225 1589 4308 quidquid
1611 4226 1823 4292 formidabile
1837 4238 1887 4291 est
1913 4227 1949 4291 in
1971 4223 2105 4298 mundo,
2135 4246 2175 4290 ao
2197 4224 2227 4290 si

234 4330 355 4395 peroro
383 4329 511 4391 sempor
541 4309 683 4376 intactae
712 4309 780 4375 sint
809 4306 955 4375 fidelium
977 4320 1113 4390 mentes,
1145 4311 1202 4377 sed
1254 4309 1390 4375 diceret:
1434 4308 1594 4390 Quamvis
1633 4313 1819 4395 conspirent
1851 4312 1963 4379 cuncti
2001 4309 2158 4377 mortales
2190 4309 2227 4374 in

233 4395 310 4481 quia
339 4394 449 4463 stetim
484 4404 613 4477 rooopto
646 4394 759 4495 vigore
791 4416 833 4461 ex
869 4392 936 4459 alta
963 4393 1099 4462 fiduciae
1129 4416 1203 4463 arce
1254 4414 1347 4460 suem
1376 4395 1564 4478 perniciem,
1606 4419 1642 4463 se
1667 4419 1780 4463 eorum
1817 4398 1903 4463 vires
1938 4398 2034 4480 parvi
2062 4394 2225 4480 pendere:

234 4480 382 4567 perieulu
421 4480 529 4546 omnis
570 4478 775 4563 despicimus.
831 4478 909 4545 Ideo
946 4479 1112 4564 trepidant
1145 4483 1201 4564 qui
1254 4480 1331 4561 quie
1352 4481 1501 4563 superior
1523 4484 1566 4547 sit
1588 4482 1650 4547 Dei
1674 4483 1779 4549 virtus
1797 4503 1896 4565 quum
1917 4485 1986 4567 ipse
2008 4505 2028 4548 a
2049 4502 2110 4549 sua
2131 4492 2227 4564 parts

234 4584 403 4652 nurtquam
433 4574 610 4652 gustarunt
639 4562 702 4629 Dei
732 4564 882 4650 gretiam,
910 4565 986 4649 quis
1014 4566 1202 4633 recumbere
1253 4578 1340 4630 sture
1368 4566 1468 4632 novit.
1519 4566 1622 4632 Porro
1655 4589 1691 4634 se
1719 4570 1937 4652 pronuntians
1966 4588 2116 4635 securum
2144 4566 2227 4646 fore,

235 4653 269 4720 in
292 4653 398 4738 ipsum
421 4659 598 4735 noqueunt,
623 4671 721 4733 quom
743 4650 803 4716 eibi
826 4672 923 4734 suopo
945 4650 1109 4717 infensum
1128 4673 1201 4716 oon·
1253 4672 1318 4715 non
1342 4671 1473 4733 prorsus
1496 4672 1515 4715 e
1536 4664 1627 4717 metu
1649 4675 1684 4719 se
1705 4654 1836 4719 eximit:
1858 4652 1957 4739 (quod
1975 4653 2080 4738 magis
2096 4652 2228 4736 stupori

235 4739 370 4822 cipiunt,
401 4737 454 4804 vol
483 4736 599 4805 ertltom
630 4756 705 4801 uso
728 4734 838 4818 prooul
861 4747 1030 4801 remotum.
1075 4737 1201 4803 Verum
1253 4734 1462 4802 tribuendum
1492 4750 1584 4814 esset,
1614 4756 1711 4821 quum
1739 4739 1870 4826 virtuti)
1899 4739 1956 4806 sed
1985 4739 2121 4822 opponit
2149 4736 2226 4804 fidei

236 4824 292 4890 uui
314 4822 408 4892 nobis
437 4834 512 4888 ento
536 4821 651 4887 oculos
674 4831 849 4885 versentur
878 4821 939 4887 Doi
962 4820 1200 4904 promissiones,
1253 4820 1414 4906 clypeum,
1443 4839 1484 4883 ne
1512 4821 1646 4889 obiectis
1676 4823 1853 4891 terroribus
1880 4846 1935 4893 eor
1957 4846 2052 4891 suum
2073 4844 2226 4890 succum·

234 4910 369 4993 eiusque
391 4908 530 4991 pretium
553 4908 705 4985 offerunt,
731 4915 872 4971 atrooom
895 4906 925 4971 oi
947 4907 1100 4972 iniuriam
1123 4909 1202 4975 fauit
1253 4905 1317 4971 bat.
1342 4904 1556 4971 Particulum:
1581 4909 1623 4974 Iu
1640 4909 1694 4976 boo
1718 4909 1851 4992 quidam
1878 4911 2013 4977 trahunt
2030 4908 2072 4975 ed
2089 4931 2228 4992 sequen·

236 5004 349 5062 nostru
376 4992 594 5071 irrorodulitee,
630 4992 693 5059 uisi
728 4990 946 5074 imperterrito
982 4994 1090 5058 unimo
1125 5014 1202 5059 eum
1254 5001 1319 5055 tem
1352 5007 1493 5068 versum,
1526 4994 1613 5075 quod
1643 5017 1678 5061 se
1711 4994 1937 5062 habitaturum
1970 4997 2005 5061 in
2035 4994 2132 5061 domo
2161 4995 2225 5061 Dei

234 5080 386 5147 ornrribue
444 5077 565 5146 nostrie
627 5077 773 5144 hostibus
824 5076 981 5143 eudemus
1030 5099 1201 5160 opponere.
1253 5074 1404 5154 confidat,
1433 5075 1489 5142 sed
1518 5080 1626 5163 potius
1658 5101 1700 5144 ex
1728 5082 1890 5163 superiori
1919 5081 2066 5149 doctrine
2093 5079 2224 5163 pendet.

236 5168 349 5249 Quum
382 5186 460 5251 erpo
494 5163 611 5231 blundo
644 5185 703 5229 rios
737 5160 780 5229 ud
810 5184 845 5229 so
879 5164 968 5230 Deus
1002 5163 1128 5241 invitet,
1164 5184 1202 5229 ao
1253 5162 1347 5227 Tune
1367 5160 1452 5226 euim
1476 5162 1615 5230 fructum
1639 5184 1736 5231 suum
1757 5179 1940 5249 opportuno
1970 5178 2115 5250 tempore
2133 5165 2224 5232 fides

236 5248 354 5320 uelutis
392 5259 522 5319 nostrae
554 5249 624 5317 foro
656 5246 837 5334 praesidem
869 5260 1003 5330 emerat,
1044 5247 1098 5314 ubi
1131 5248 1202 5316 uus
1253 5244 1386 5333 profert,
1416 5267 1515 5330 quum
1545 5250 1579 5314 in
1607 5249 1722 5316 mediis
1746 5252 1901 5334 perieulis
1930 5253 2030 5320 fortes
2058 5259 2093 5318 et
2122 5252 2225 5319 intre·
