4658 5856
168 332 231 398 tce
959 320 1179 400 PSALMUS
1201 330 1367 396 LXXXI.
2110 336 2173 404 766

166 521 278 598 tionis,
301 542 401 604 quum
424 520 464 586 ad
487 532 634 587 nostram
658 524 856 605 proterviam
879 520 1089 587 dissimulans
1107 541 1144 584 ac
1195 520 1257 584 nisi
1287 541 1347 602 per
1375 540 1467 585 snam
1498 522 1657 588 malitiam
1687 523 1817 588 stetisse
1845 528 2019 607 quominus
2048 527 2170 609 optime

167 608 280 688 silens,
303 607 513 673 correctionis
536 608 730 673 medicinam
754 630 820 673 non
842 608 984 673 adhibet.
1019 606 1142 688 Quam·
1196 606 1364 670 haberent.
1409 606 1448 670 Si
1470 610 1542 689 quis
1573 609 1721 688 obiiciat,
1755 610 1876 674 frustra
1898 621 1931 675 et
1952 613 2021 675 siue
2044 613 2171 677 ratione

167 694 225 758 diu
241 695 328 758 euim
348 716 406 758 nos
424 695 586 776 obiurgat,
609 703 643 759 et
661 694 702 761 ad
722 697 864 759 tribunal
885 716 980 760 suum
1000 693 1143 765 citando,
1196 690 1303 756 Deum
1324 692 1488 772 conqueri,
1514 695 1642 776 quando
1661 696 1693 759 iu
1715 697 1784 760 eius
1800 696 1934 760 arbitrio
1957 697 2021 760 fuit
2039 699 2170 764 flectere

166 790 256 845 metu
286 779 398 844 iudicii
428 801 488 844 nos
519 790 636 858 terret,
665 781 763 845 simul
793 782 912 845 invitat
941 801 1071 863 quoquc
1103 776 1142 842 ad
1195 778 1293 842 duras
1316 780 1426 860 populi
1449 781 1608 846 eervices:
1643 803 1729 846 nunc
1752 783 1881 865 quando
1903 782 2010 847 facere
2040 806 2105 848 non
2130 784 2169 847 li·

166 866 417 949 pocnitcntiam:
451 865 507 929 ubi
529 875 639 929 autem
667 887 858 946 operamne
887 865 1024 930 rixando
1053 864 1145 928 videt
1197 863 1279 941 buit,
1317 882 1382 927 uon
1413 886 1484 928 esse
1513 887 1570 930 cur
1599 889 1634 930 se
1665 868 1789 931 homini
1825 868 1947 931 dolenti
1984 879 2168 952 comparet:

166 952 298 1029 ludere,
330 972 390 1015 uec
414 951 590 1033 quidquam
614 952 772 1034 proficere
794 974 870 1017 suas
894 950 1143 1026 admonitiones,
1196 951 1387 1031 respondeo,
1424 951 1506 1014 iuste
1535 951 1565 1014 id
1590 955 1659 1016 fieri
1683 966 1795 1017 nostra
1821 974 1935 1032 causa,
1966 975 2007 1018 ne
2031 955 2166 1020 intelici-

167 1037 306 1103 tacendo
329 1037 473 1102 declarat
495 1058 530 1100 se
553 1058 663 1102 curam
688 1036 825 1104 abiicere
855 1037 971 1102 salutis
1003 1051 1142 1101 nostrae.
1196 1037 1274 1099 tatis
1298 1047 1428 1099 nostrae
1451 1037 1581 1119 culpam
1609 1038 1687 1102 alibi
1718 1061 1814 1122 quam
1846 1040 1879 1103 in
1911 1040 2002 1104 nobis
2033 1062 2168 1122 quaara-

168 1123 264 1188 Nihil
286 1145 364 1207 ergo
387 1124 493 1206 magis
518 1123 715 1206 timendum,
747 1146 843 1206 quam
868 1125 914 1188 ita
943 1122 1143 1204 emancipari
1195 1142 1279 1185 mus.
1315 1120 1381 1185 Sed
1400 1121 1453 1184 hic
1471 1122 1650 1187 cavendum
1671 1146 1711 1188 ne
1731 1125 1946 1191 readiversas
1966 1128 2168 1206 misceamus,

169 1210 363 1274 hominess
383 1209 471 1285 Deo,
504 1219 541 1273 ut
564 1209 771 1274 lascivientes
793 1209 827 1273 iu
851 1209 918 1273 suis
940 1208 1143 1283 consiliis,a
1196 1215 1229 1272 et
1251 1227 1332 1288 quae
1356 1228 1420 1269 uon
1445 1208 1553 1271 minus
1575 1211 1662 1274 inter
1683 1231 1718 1274 se
1741 1211 1881 1287 distant,
1918 1232 2014 1293 quam
2043 1213 2168 1277 eoelum

170 1294 294 1362 Satana
316 1295 500 1361 trahantur.
535 1293 731 1377 Quanquam
756 1308 862 1378 potest
884 1295 946 1358 hoc
969 1294 1066 1359 latius
1086 1315 1141 1356 ex·
1195 1304 1333 1358 aterra.
1366 1291 1460 1357 Deus
1479 1295 1565 1357 enim
1590 1297 1630 1358 ad
1654 1317 1713 1360 uos
1737 1295 1936 1361 descendeus
1955 1318 2013 1379 per
2032 1299 2168 1362 verbum

166 1383 256 1464 poni,
280 1381 388 1447 Deum
411 1381 516 1445 taedio
538 1380 711 1462 fatigatum
739 1402 803 1445 non
834 1402 965 1447 curasse
994 1380 1034 1444 de
1065 1379 1142 1442 reti·
1195 1400 1300 1456 snum,
1323 1386 1355 1440 et
1378 1379 1447 1442 sine
1470 1381 1661 1462 exceptione
1683 1383 1829 1447 invitans
1851 1402 1980 1465 omnes,
2005 1387 2168 1448 neminem

167 1467 276 1532 nendo
297 1467 426 1551 popule,
449 1467 504 1549 qui
528 1464 655 1549 perdita
677 1488 736 1531 sua
754 1467 879 1532 malitia
897 1487 988 1548 spem
1011 1486 1141 1529 omnem
1193 1466 1379 1529 frustratur.
1425 1462 1620 1548 Quicunque
1651 1468 1738 1531 enim
1764 1468 1908 1547 veniunt,
1931 1468 2063 1533 admissi
2095 1492 2168 1535 sen·

166 1553 331 1636 proiectus
354 1551 545 1618 absciderat.
592 1550 700 1616 Stulta
724 1573 801 1616 vero
831 1552 979 1616 inferunt
1009 1574 1049 1615 ex
1081 1549 1141 1613 hoc
1166 1574 1168 1581 ¹
1194 1550 1283 1614 tiunt
1305 1570 1370 1612 non
1389 1549 1446 1614 abs
1464 1571 1498 1614 re
1517 1572 1551 1616 ee
1570 1552 1670 1617 fuisse
1690 1564 1826 1618 vocatos.
1864 1553 2001 1620 Interim
2021 1578 2061 1619 ex
2081 1557 2169 1620 fonte

166 1638 237 1703 loco
259 1638 405 1721 quidam,
429 1637 610 1721 aequaliter
633 1638 783 1703 distribui
807 1636 957 1702 omnibus
980 1635 1042 1701 Dei
1067 1657 1140 1718 gra·
1193 1657 1332 1700 arcanae
1356 1635 1524 1700 electionis
1547 1651 1661 1703 manat
1683 1637 1743 1703 hoc
1766 1639 1952 1720 discrimen,
1975 1653 2011 1704 ut
2033 1644 2065 1705 in
2090 1664 2169 1724 pau-

167 1725 264 1803 tiam,
295 1723 398 1789 donec
420 1723 590 1804 repudiata
613 1722 720 1788 fucrit.
764 1722 849 1788 Nam
872 1733 904 1787 et
928 1734 1004 1787 tunc
1027 1723 1141 1805 singu·
1193 1743 1303 1786 corum
1328 1721 1426 1785 corda
1449 1723 1584 1786 verbum
1605 1735 1770 1806 penetret,
1802 1726 1938 1790 aliorum
1970 1749 2064 1791 aures
2094 1749 2168 1792 ver·

165 1808 227 1875 lari
252 1808 418 1893 privilegio
440 1807 533 1873 Deus
555 1809 640 1874 solos
664 1808 817 1874 Abrahae
840 1809 931 1884 filios,
956 1808 1141 1892 posthabito
1193 1809 1286 1872 beret
1308 1806 1477 1871 duntaxat.
1522 1808 1637 1891 Neque
1664 1823 1773 1875 tamen
1805 1811 1981 1876 absurdum
2015 1824 2064 1878 est
2092 1834 2167 1877 eum

166 1905 234 1960 toto
257 1896 344 1973 orba,
368 1894 408 1959 ad
431 1916 466 1958 sa
490 1916 604 1959 vocare
627 1894 781 1978 diguatus
804 1905 862 1961 est.
907 1894 1013 1959 Hodie
1037 1896 1142 1957 fateor
1192 1895 1346 1958 flebiliter
1367 1895 1522 1974 conqueri
1547 1895 1586 1958 de
1607 1910 1721 1961 nostra
1743 1898 1886 1960 amentia
1909 1900 1965 1961 ubi
1988 1920 2050 1962 non
2075 1919 2168 1981 para-

166 1982 331 2047 suhlatum
355 2001 426 2046 esse
449 1979 642 2059 discrimen,
671 1995 706 2045 ut
732 1980 850 2064 legatio
873 1980 1054 2063 evangelii,
1079 2000 1142 2063 qna
1193 2002 1276 2044 mus.
1315 1977 1425 2044 ‘Sicuti
1451 1981 1539 2042 enim
1562 1981 1662 2045 verbo
1685 1991 1822 2046 externo
1846 2004 1905 2047 nos
1928 1984 2090 2062 invitans,
2114 2005 2169 2066 pa-

166 2088 201 2133 se
223 2067 316 2133 Deus
339 2064 462 2130 mundo
486 2066 684 2148 reconciliat,
707 2067 889 2132 communis
913 2065 1141 2130 sitomnibus:
1193 2081 1277 2130 trem
1299 2064 1446 2128 exhibet:
1480 2083 1538 2128 cur
1561 2087 1625 2131 nou
1649 2069 1747 2131 etiam
1778 2070 1878 2151 patris
1908 2069 2083 2151 imaginem
2115 2093 2167 2135 re·

165 2151 315 2217 videmus
337 2162 447 2217 tamen
470 2162 507 2216 ut
529 2151 628 2218 cartis
650 2153 684 2216 in
707 2153 785 2218 locis
808 2153 927 2218 excitet
950 2153 1040 2217 Deus
1071 2153 1141 2234 pios
1192 2156 1292 2216 terret
1313 2152 1346 2213 in
1370 2150 1431 2215 hac
1453 2150 1558 2215 forma
1580 2153 1823 2235 querimoniae?
1859 2155 1945 2218 Vere
1968 2156 2056 2219 enim
2080 2155 2167 2240 apud

165 2238 326 2304 doctores.
371 2237 566 2319 Quanquam
599 2258 665 2302 uon
693 2238 762 2303 sola
792 2259 853 2302 vox
885 2248 1023 2302 externa
1050 2237 1141 2300 sulfi·
1192 2235 1397 2303 Ezechielem
1422 2235 1471 2310 18,
1495 2234 1538 2300 32
1560 2240 1753 2320 pronuntiat
1774 2261 1809 2305 se
1831 2239 1919 2304 nolle
1937 2250 2075 2305 mortem
2094 2262 2168 2324 pec·

164 2338 269 2401 cerat,
301 2325 363 2388 nisi
386 2323 561 2388 efficaciter
582 2322 621 2387 ad
653 2345 688 2389 se
716 2323 862 2388 traheret
889 2342 971 2405 quos
1000 2323 1140 2388 vocavit.
1191 2325 1319 2401 catoris,
1341 2321 1436 2385 modo
1458 2344 1499 2385 ex
1523 2334 1592 2388 toto
1607 2338 1764 2390 contextu
1786 2325 1924 2390 candide
1947 2337 1978 2389 et
2002 2348 2068 2390 non
2091 2347 2169 2392 con·

165 2410 341 2474 Caeterum
364 2410 440 2491 quia
462 2409 554 2473 docet
577 2408 629 2474 hic
660 2409 749 2474 locus
780 2410 903 2472 nullam
935 2430 1005 2473 esse
1035 2408 1141 2491 magis
1192 2411 1330 2474 tentiose
1354 2416 1485 2492 petatur
1507 2410 1576 2474 eius
1600 2411 1678 2476 dicti
1702 2413 1945 2495 interpretatio.
1989 2411 2064 2476 Non
2096 2413 2169 2477 vult

164 2495 330 2560 exitialem
355 2506 489 2577 pestem,
513 2515 612 2576 quam
631 2497 771 2577 propriis
790 2495 933 2560 consiliis
953 2495 1032 2577 regi,
1056 2493 1139 2557 nihil
1192 2508 1348 2559 mortem:
1382 2495 1566 2575 quomodo?
1605 2518 1722 2578 nempe
1744 2498 1819 2578 quia
1842 2497 1914 2562 vult
1934 2517 2047 2561 omnes
2069 2498 2110 2561 ad
2133 2519 2168 2564 se

164 2582 252 2646 aliud
276 2592 424 2664 superest
447 2580 508 2645 uisi
532 2595 568 2644 ut
590 2578 765 2662 prudentia
786 2582 894 2646 earnis
914 2582 1023 2645 valere
1041 2581 1139 2657 iussa,
1192 2581 1350 2647 converti.
1387 2580 1475 2644 Satis
1499 2602 1575 2644 vero
1597 2593 1726 2647 constat
1748 2604 1813 2646 non
1837 2603 1906 2647 esee
1926 2582 2011 2648 hauc
2029 2603 2167 2647 conver·

164 2668 318 2750 spiritum
341 2687 516 2749 sequamur
539 2665 665 2730 ducem.
1192 2669 1317 2732 sionem
1339 2667 1372 2729 in
1398 2665 1499 2729 libero
1522 2667 1689 2731 hominum
1714 2668 1864 2745 arbitrio,
1895 2667 1998 2731 donec
2027 2689 2068 2732 ex
2096 2690 2166 2733 cor·

1193 2753 1287 2817 dibus
1306 2749 1441 2833 lapideis
1454 2750 1545 2817 Deus
1564 2773 1681 2817 carnea
1700 2753 1894 2818 reddiderit:
1913 2755 1978 2816 imo
1997 2755 2167 2819 renovatio

252 2838 302 2902 14.
330 2836 563 2918 Osipopalus
584 2856 678 2903 meus·
693 2837 832 2903 audisset
852 2837 941 2924 mest)
972 2837 1077 2903 Israil
1105 2838 1141 2902 in
1193 2837 1272 2903 haec
1306 2835 1356 2922 (ut
1388 2839 1468 2902 scite
1501 2837 1709 2921 Augustinus
1750 2838 1854 2925 docet)
1892 2839 1966 2921 ipsa
2005 2842 2167 2905 creatione

162 2925 227 2989 viic
247 2925 325 2989 mas
347 2922 543 2988 calcasset.
590 2924 639 2989 15.
662 2922 762 2990 Brevi
784 2923 926 2989 inimicos
948 2945 1054 2988 enum
1081 2923 1138 2986 tu·
1192 2923 1412 3005 praestantior
1434 2931 1492 2987 est.
1538 2922 1627 3003 Quid
1650 2936 1757 2987 autem
1782 2925 1890 2989 obstat
1912 2926 2087 3007 quominus
2109 2947 2166 3008 pa·

163 3011 353 3089 militassent,
382 3013 524 3089 etsaper
545 3009 747 3075 adversarios
769 3029 875 3075 eoram
896 3011 1053 3073 venissent
1074 3029 1139 3072 ma·
1193 3011 1273 3073 riter
1295 3007 1441 3071 omnium
1464 3008 1562 3073 eorda
1583 3010 1693 3073 flectat
1711 3010 1802 3074 Dans
1824 3030 1861 3074 ac
1883 3010 2001 3073 formet
2022 3012 2055 3073 in
2078 3010 2168 3076 obse-

162 3116 240 3161 nam
260 3115 380 3160 mam:
419 3095 469 3160 16.
496 3094 609 3159 Osaces
630 3094 764 3162 Ieioaae
785 3095 903 3159 mentiti
922 3096 1057 3175 scisceret
1078 3093 1139 3170 iili,
1193 3092 1330 3176 quium?
1361 3092 1425 3157 Hic
1443 3114 1521 3176 ergo
1541 3094 1681 3159 tenenda
1698 3107 1749 3160 est
1766 3095 1924 3160 modestia
1944 3114 1981 3158 ac
1999 3093 2165 3175 sobrietas,

164 3187 193 3245 et
218 3181 331 3264 fuisset
355 3185 476 3264 ternpus
503 3180 646 3261 ipsoram
673 3180 907 3245 insectatum:
938 3179 987 3243 17.
1010 3179 1055 3244 Et
1077 3199 1139 3259 pa·
1192 3201 1234 3244 ne
1252 3181 1286 3242 in
1309 3197 1464 3242 arcanum
1488 3180 1557 3244 eius
1579 3179 1732 3244 iudicium
1757 3201 1966 3263 perrumpere
1985 3191 2165 3247 tentemus:

162 3267 277 3332 vissem
306 3266 377 3333 illos
405 3267 498 3348 adipe
530 3267 699 3347 frameati,
733 3272 763 3331 et
793 3267 881 3331 melle
913 3266 1080 3331 satiassem
1112 3269 1140 3330 te
1191 3265 1247 3331 sed
1271 3264 1362 3328 nobis
1384 3264 1527 3330 sullioiat
1548 3265 1700 3330 voluntas
1722 3267 1756 3330 iu
1780 3266 1879 3331 verbo
1897 3267 2066 3349 patefacta.
2100 3268 2165 3332 Eo·

162 3371 180 3416 e
195 3358 296 3434 petra.
1192 3373 1263 3415 rum
1286 3351 1373 3414 enim
1396 3350 1535 3415 salntem
1568 3350 1655 3415 velle
1685 3353 1801 3416 merito
1829 3364 1983 3417 censetur
2013 3352 2054 3416 ad
2085 3373 2165 3435 quos

1190 3436 1342 3516 dirigitur
1366 3456 1430 3499 vox
1452 3437 1530 3513 ista,
1553 3436 1635 3503 lesa.
1659 3436 1711 3513 21,
1736 3437 1796 3501 12:
1831 3437 1952 3503 Venite
1975 3438 2016 3502 ad
2040 3460 2108 3515 me,
2132 3450 2166 3505 et

249 3523 299 3588 14.
333 3522 377 3610 (0
408 3525 439 3588 si
465 3525 604 3607 popalus
635 3522 745 3609 meus.)
800 3523 926 3588 Iterum
961 3521 1139 3586 honorifico
1190 3522 1429 3587 convertimini.
1485 3521 1637 3587 Secundo
1671 3527 1817 3588 membro
1851 3524 1965 3589 definit
2004 3525 2165 3607 propheta

161 3609 267 3693 elogio
297 3610 452 3691 probrum
482 3621 516 3673 et
545 3609 685 3676 dedecus
713 3609 826 3692 populi
856 3609 975 3675 melius
998 3609 1138 3692 detegit:
1189 3608 1266 3691 quid
1289 3609 1331 3671 sit
1354 3607 1461 3673 Deum
1483 3608 1605 3674 audire.
1649 3609 1764 3692 Neque
1787 3610 1872 3674 enim
1896 3611 1974 3675 satis
1996 3621 2082 3674 esset
2104 3629 2162 3674 an·

162 3697 240 3779 quia
263 3695 384 3778 duplex
407 3695 471 3759 fuit
492 3695 673 3779 flagitium,
705 3717 805 3778 quum
830 3697 999 3761 vocatione
1029 3701 1139 3759 essent
1190 3715 1290 3758 nuere
1313 3692 1459 3774 loquenti
1482 3694 1568 3759 Dee:
1601 3694 1676 3776 qnia
1699 3695 1793 3759 facile
1815 3695 1996 3760 concedunt
2014 3695 2164 3780 hypocri-

162 3780 302 3864 populus
324 3780 406 3860 Dei,
435 3780 518 3845 nibil
551 3781 592 3845 ab
621 3781 830 3846 alienissimis
860 3782 1009 3845 differre:
1043 3780 1138 3845 sicuti
1190 3790 1396 3858 tae,verum
1420 3778 1597 3862 essequod
1620 3780 1824 3844 exoreDei
1847 3781 2078 3862 proficiscitur,
2109 3803 2164 3864 pe-

162 3866 248 3949 apnd
272 3867 422 3944 Iesaiam,
447 3868 476 3949 1,
499 3866 519 3931 3
541 3867 767 3950 conqueritur,
799 3867 865 3932 Bes
887 3867 1043 3951 cognovit
1065 3886 1137 3949 pos·
1190 3865 1283 3928 rinde
1306 3883 1344 3928 ae
1365 3865 1392 3928 si
1416 3885 1511 3928 aures
1533 3866 1680 3930 flecteret
1702 3867 1824 3930 asinus.
1866 3866 2031 3949 Propheta
2054 3877 2163 3932 autem

163 3973 325 4018 sessorem
348 3974 454 4030 suum,
478 3954 589 4017 asinus
611 3973 766 4035 praesepe
789 3952 912 4018 domini
935 3953 1002 4016 sui:
1028 3954 1137 4034 popu·
1190 3971 1257 4015 non
1280 3950 1376 4014 aliter
1398 3949 1507 4014 Deum
1531 3951 1637 4015 audiri
1659 3953 1831 4035 significat,
1855 3952 1918 4015 nisi
1937 3973 1996 4017 nos
2015 3953 2085 4017 eius
2103 3954 2165 4017 im·

163 4038 216 4104 lus
238 4046 348 4103 autem
372 4060 463 4104 meus
487 4061 550 4102 non
569 4037 733 4122 intelligit.
767 4037 856 4119 Quia
879 4038 976 4103 dictio
994 4034 1033 4122 ι’)
1050 4035 1137 4119 apud
1190 4037 1280 4121 perio
1301 4037 1499 4100 subiicimus.

163 4123 333 4189 Hebraeos
356 4144 422 4188 nou
445 4134 496 4188 est
516 4123 762 4205 conditionalis,
792 4125 848 4188 sed
878 4125 1041 4206 optativa,
1071 4143 1137 4187 nou
1277 4120 1326 4186 15.
1351 4118 1464 4205 (Brevi
1485 4121 1656 4271 inimicos}
1686 4122 1751 4187 Hic
1773 4122 1934 4202 admonet,
1956 4145 2165 4207 quascunque

164 4209 277 4275 dubito
294 4211 373 4292 quin
392 4209 484 4274 Deus
502 4211 607 4274 instar
624 4210 786 4293 gementis
804 4209 965 4275 exclamet
983 4211 1137 4272 miserum
1190 4209 1333 4290 perpessi
1358 4212 1488 4271 fuerant
1509 4207 1617 4272 clades
1658 4208 1825 4286 sraelitae,
1854 4210 2065 4291 imputandas
2095 4232 2166 4275 esse

164 4316 236 4360 esse
259 4295 346 4361 huuc
368 4295 542 4380 populum,
567 4297 620 4378 qui
645 4296 743 4360 saluti
765 4316 844 4360 snae
867 4297 988 4377 optime
1011 4293 1138 4358 consuli
1191 4314 1303 4358 eorum
1328 4293 1482 4375 peccatis:
1516 4295 1593 4375 quia
1622 4314 1687 4357 noo
1719 4294 1791 4358 aliis
1821 4294 1945 4360 viribus
1975 4308 2166 4379 pugnarunt

164 4391 280 4464 sponte
310 4383 517 4447 recusaverit.
562 4381 673 4446 Patris
702 4382 790 4445 enim
821 4381 999 4462 suscipiens
1030 4400 1140 4462 porso-
1192 4380 1312 4456 hostes,
1335 4400 1432 4462 quam
1457 4380 1573 4462 quibus
1596 4401 1613 4444 e
1636 4380 1724 4443 coelo
1754 4381 1904 4445 instructi
1934 4395 2037 4446 erant.
2062 4381 2165 4446 'Pro-

161 4488 252 4544 uum,
275 4468 332 4531 ubi
354 4467 507 4532 remediis
529 4468 682 4532 omnibus
704 4469 850 4542 tentatis,
882 4467 965 4531 filios
988 4466 1138 4548 deplora·
1192 4467 1325 4529 miserat
1346 4464 1439 4528 Dens
1462 4465 1532 4529 suis
1560 4466 1714 4547 auspiciis
1742 4466 1879 4531 electum
1912 4468 2067 4550 populum
2096 4467 2165 4531 tore

165 4564 216 4618 tos
242 4573 313 4616 esse
336 4552 440 4634 videt,
472 4572 568 4618 voces
596 4553 717 4616 emittit
746 4552 901 4628 dolentis,
933 4551 1034 4615 veluti
1065 4572 1138 4616 cum
1192 4552 1339 4614 omnium
1374 4550 1517 4615 hostium
1551 4557 1727 4615 victorem:
1768 4573 1809 4614 ne
1843 4553 1915 4632 quis
1948 4574 2023 4616 eum
2059 4552 2164 4617 malae

164 4638 306 4720 suspirio
328 4650 362 4703 et
383 4639 506 4721 gemitu
514 4688 522 4718 ,
545 4660 609 4702 non
633 4637 717 4720 quod
740 4639 900 4703 obnoxius
921 4637 966 4703 sit
987 4637 1139 4701 humanis
1192 4638 1266 4700 fidei
1289 4636 1475 4715 insimulet,
1506 4637 1647 4700 affirmat
1670 4658 1704 4700 se
1727 4637 1759 4699 id
1782 4636 1945 4701 facturum
1972 4638 2072 4702 fuisse
2100 4639 2164 4703 uisi

164 4724 378 4807 passionibus,
402 4724 459 4789 sed
481 4724 556 4806 quia
578 4724 672 4788 aliter
694 4744 790 4789 suum
814 4745 892 4808 erga
914 4744 973 4789 nos
996 4744 1138 4786 amorem
1193 4722 1378 4803 prohibitus
1407 4733 1492 4786 esset
1522 4723 1632 4804 populi
1662 4722 1811 4804 peccatis.
1856 4722 1924 4787 Nec
1952 4722 2085 4787 dubium
2116 4737 2165 4789 est

164 4811 347 4892 exprimere
371 4831 437 4874 non
460 4819 575 4891 potest.
620 4813 669 4875 Ac
691 4809 824 4875 videtur
846 4811 1004 4891 propheta
1032 4809 1138 4872 locum
1192 4808 1270 4890 quin
1309 4807 1407 4871 tacita
1440 4806 1615 4872 admoneat
1647 4829 1701 4872 eos
1735 4807 1775 4871 da
1815 4809 1978 4891 prioribus
2012 4811 2164 4889 victoriis,

166 4896 253 4960 hunc
275 4906 446 4960 mutuatus
467 4917 508 4959 ex
531 4894 670 4963 Cantica
692 4896 806 4976 Musis,
828 4894 927 4959 Dent.
950 4895 1001 4971 32,
1025 4895 1067 4959 29
1086 4896 1139 4959 ubi
1193 4913 1273 4975 quas
1296 4915 1360 4956 non
1384 4894 1514 4975 proprio
1537 4910 1651 4976 marte,
1674 4892 1730 4958 sed
1754 4893 1824 4956 eius
1848 4893 1946 4958 ductu
1969 4893 2076 4977 adepti
2096 4896 2164 4960 fue-

165 4981 282 5045 iisdem
304 4984 372 5047 fere
393 4980 502 5047 verbis
526 4980 673 5063 deplorat
690 4981 1045 5064 populipervioaeiam.
1079 4982 1139 5044 Est
1193 4992 1276 5042 rant.
1331 4978 1428 5044 Nune
1462 4999 1496 5043 se
1530 5001 1593 5043 non
1631 4980 1723 5042 modo
1757 4979 1901 5042 cohiberi
1936 4979 2013 5043 dicit
2050 5001 2164 5046 eorum

165 5078 274 5132 autem
300 5069 352 5133 hic
375 5068 474 5134 tacita
496 5067 715 5149 exprobratio,
738 5080 775 5132 ut
797 5069 903 5132 sciant
925 5066 1039 5131 ludaei
1062 5086 1141 5130 non·
1192 5065 1298 5147 culpa,
1322 5078 1358 5128 ut
1380 5085 1399 5126 a
1421 5064 1607 5130 defensione
1630 5065 1773 5147 ipsorum
1795 5066 1965 5145 abstineat,
1988 5066 2163 5131 sedetiam

572 5179 574 5183 ’
1193 5151 1408 5231 improbitate¹
1421 5152 1502 5235 cogi,
1526 5161 1561 5214 ut
1583 5150 1729 5214 hostibus
1744 5151 1882 5232 emissis,
1901 5152 1936 5215 in
1955 5153 2043 5232 ipsos
2062 5153 2165 5217 irruat

254 5256 282 5326 ι)
301 5257 397 5312 m’eust
414 5272 477 5326 0115,
494 5270 529 5309 m
547 5269 655 5323 marqu-
673 5272 708 5309 ou
726 5255 742 5308 e
759 5255 786 5308 la
803 5256 910 5308 misene
927 5257 1037 5310 volonte'
1055 5270 1115 5323 qne.
1194 5249 1320 5300 armata
1358 5256 1467 5300 manu.
1529 5236 1679 5301 Eandem
1718 5238 1913 5302 sententiam
1959 5240 2165 5320 prosequitur
