4658 5856
194 301 259 365 319
992 294 1384 363 Psannussxxn.
2112 300 2177 366 320

194 489 286 556 Tune
307 487 394 552 enim
413 484 552 552 concidit
573 493 661 549 tetus
678 483 847 549 hominum
866 485 969 567 rigor,
992 485 1047 550 ubi
1067 483 1160 548 Deus
1211 484 1334 550 seilicet
1355 494 1504 567 peccator
1533 496 1648 569 sponte
1676 484 1718 552 ad
1741 486 1850 553 Deum
1872 509 1907 554 se
1925 487 2068 555 confert:
2099 488 2177 571 quia

194 576 292 641 iudex
321 585 461 656 apparet,
496 592 533 638 ae
566 570 737 653 propositis
772 571 840 634 irae
868 590 946 634 suae
974 569 1077 654 signis
1104 589 1160 634 eas
1210 591 1300 652 spem
1333 571 1448 636 salutis
1477 592 1543 636 non
1571 572 1607 637 in
1636 574 1817 655 pervicacia
1840 572 1890 639 vel
1911 574 2085 658 hypocrisi,
2118 574 2175 638 sed

195 659 347 726 humiliat
397 678 435 722 ac
483 657 670 740 prosternit.
735 656 827 720 'Pano
880 654 1035 736 impletur
1079 654 1159 719 illud
1210 656 1245 720 in
1267 657 1381 721 veniae
1409 656 1634 740 depravatione
1661 660 1783 724 statuit.
1828 658 1918 725 Haeo
1945 660 2032 725 enim
2059 658 2175 725 volun·

137 822 140 829 ¹
193 747 329 828 Ieaaiae,
361 745 413 822 40,
447 744 484 807 l:
528 742 668 806 Exarsit
700 740 801 805 herba
834 749 867 804 et
899 741 1058 808 emarcuit
1089 742 1159 817 flos,
1212 742 1293 805 teria
1314 742 1470 808 confessio
1491 764 1565 808 cum
1588 742 1653 807 fide
1674 764 1803 826 semper
1824 746 1995 811 coniuncta
2010 756 2074 812 est:
2098 746 2175 828 quia

193 833 270 916 quia
292 832 427 914 spiritus
455 828 590 894 Domini
622 826 764 891 sufflavit
792 827 826 890 in
848 847 896 890 ea.
939 826 1029 891 Dicit
1050 837 1159 890 autem
1211 827 1331 908 alioqui
1364 826 1505 894 latebrae
1537 849 1666 910 semper
1698 829 1842 911 captabit
1870 837 2025 914 peccator,
2058 829 2174 913 quibus

194 939 261 984 non
289 915 425 1000 vulgare
454 914 553 979 tuisse
574 911 795 996 castigationis
817 932 929 995 genus,
962 932 1027 994 quo
1049 910 1160 976 didicit
1210 913 1344 993 effugiat
1372 923 1579 997 conspectum
1608 914 1682 993 Dei,
1712 935 1750 982 ao
1779 916 1878 981 verba
1906 915 2040 981 Doridis
2061 924 2173 997 aperte

196 1024 274 1068 vere
295 1004 378 1066 iram
400 1000 465 1065 Dei
486 1009 641 1077 metuere,
664 998 739 1079 quia
762 1018 878 1062 manus
897 996 1030 1062 Domini
1049 1007 1160 1062 noctes
1210 998 1395 1077 ostendunt,
1424 999 1550 1064 sincere
1577 1008 1610 1064 et
1639 1021 1682 1064 ex
1704 1000 1814 1065 anima
1836 1000 1992 1082 prodiisse
2012 1009 2087 1066 ante
2109 1000 2173 1065 Dei

195 1097 228 1153 ot
250 1088 318 1153 dies
351 1089 576 1169 ingravescere
609 1104 674 1148 nan
708 1083 858 1147 cassavit.
912 1081 1010 1147 (lerte
1042 1083 1107 1146 iam
1140 1103 1160 1146 a
1210 1083 1328 1163 oculos,
1350 1084 1490 1167 nequid
1513 1085 1643 1150 celaret
1688 1086 1773 1151 Nam
1795 1107 1896 1168 quum
1914 1085 2043 1151 dicitas
2059 1094 2174 1150 notum

194 1194 296 1256 puero
313 1174 354 1236 ad
372 1171 433 1234 Dei
453 1172 600 1234 timorem
620 1183 686 1232 tam
705 1188 823 1232 arcano
841 1167 976 1250 spiritus
993 1168 1159 1244 instinctu,
1210 1168 1325 1234 iecisse
1346 1179 1524 1252 peceatum,
1555 1192 1613 1236 nea
1635 1170 1855 1237 abscondisse:
1893 1171 2051 1253 posterius
2072 1190 2173 1235 mem·

195 1279 292 1342 quam
312 1256 457 1323 doctrina
476 1254 635 1319 formatus
653 1264 724 1317 erat
741 1253 782 1317 ad
800 1254 963 1335 pietatem.
987 1255 1032 1319 Ει
1049 1265 1159 1317 tamen
1210 1255 1305 1318 brum
1342 1275 1429 1319 maro
1465 1254 1616 1323 hebraica
1652 1255 1692 1320 ad
1729 1254 1992 1338 amplificandum
2036 1255 2174 1321 additur.

195 1342 343 1410 adhunc
372 1341 564 1425 sapientiam
592 1337 779 1403 discendam
802 1337 880 1402 adeo
903 1360 969 1404 non
991 1341 1071 1404 satis
1092 1340 1159 1404 iue-
1211 1338 1322 1418 Quare
1343 1339 1478 1406 dubium
1509 1361 1574 1406 nan
1605 1349 1654 1407 est
1684 1341 1762 1424 quin
1785 1340 1894 1407 David
1917 1361 2025 1408 caram
2047 1340 2119 1405 Dea
2141 1360 2176 1405 se

195 1437 275 1495 runt
296 1428 480 1494 rudimenta
501 1425 619 1508 quibus
640 1424 748 1488 fuerat
769 1425 922 1502 imbutus,
946 1435 983 1490 ut
1005 1433 1157 1508 tanquam
1210 1426 1339 1502 sistens,
1373 1446 1489 1490 sensus
1518 1447 1632 1492 amnas
1660 1448 1735 1493 suos
1764 1426 1927 1492 effuderit
1981 1425 2111 1493 Scimus
2140 1433 2178 1489 ut

196 1515 356 1579 novitium
389 1514 423 1577 in
456 1511 562 1575 media
595 1530 693 1575 cursu
730 1509 851 1574 erudiri
888 1531 1019 1576 necesse
1051 1511 1158 1576 fuerit.
1209 1531 1269 1575 sua
1292 1510 1377 1576 mala
1399 1520 1575 1577 extenuent
1597 1513 1798 1596 hypocritae,
1826 1514 1879 1578 vel
1900 1513 1988 1578 fucas
2009 1511 2177 1588 inducent,

194 1600 265 1665 Imo
286 1620 386 1682 quum
415 1598 481 1676 ium
504 1597 601 1680 lango
630 1617 689 1659 usu
719 1595 917 1660 assuevisset
937 1595 978 1659 ad
1001 1596 1160 1679 gemenda
1210 1596 1262 1660 vel
1284 1594 1529 1678 tergiversando
1551 1598 1741 1663 obscurent:
1774 1598 1912 1680 denique
1934 1617 2105 1680 nunquam
2126 1597 2180 1660 iu·

193 1706 253 1751 sna
281 1697 422 1768 peccata,
450 1682 490 1746 de
519 1683 647 1763 integra
673 1679 714 1744 sd
744 1680 897 1745 diuturna
926 1683 1080 1746 exercitia
1107 1703 1158 1746 re·
1210 1702 1315 1763 genua
1337 1692 1368 1746 et
1398 1681 1494 1764 pleno
1522 1704 1578 1748 ore
1607 1695 1729 1749 rectam
1759 1684 1995 1748 contessionem
2018 1689 2179 1748 asserant.

194 1778 397 1851 tractasset,
428 1768 515 1833 unde
536 1766 689 1849 colligere
718 1765 792 1830 lieet
815 1786 912 1848 quam
934 1788 1006 1831 sero
1028 1768 1158 1848 resipis·
1209 1766 1283 1831 Hac
1311 1768 1473 1848 pravitate
1501 1788 1537 1833 sa
1569 1767 1670 1834 fuisse
1701 1769 1896 1851 implicitum
1926 1778 2024 1854 negat
2054 1766 2178 1845 David,

192 1864 268 1922 aaut
290 1854 449 1936 homines,
482 1853 536 1918 ubi
563 1850 663 1916 semel
692 1851 774 1933 lapsi
803 1860 898 1914 sunt:
936 1865 1032 1935 atque
1062 1854 1158 1917 etiam
1210 1852 1288 1933 quia
1309 1852 1380 1917 sine
1402 1852 1471 1916 ulla
1491 1854 1698 1918 simulatione
1720 1855 1909 1935 patefecerit
1930 1855 2001 1919 Deo
2020 1851 2179 1936 quidquid

195 1961 292 2024 quam
316 1941 384 2004 sint
402 1935 639 2020 adpetendum
658 1936 752 2016 tardi,
775 1935 876 2001 danao
893 1937 1029 2002 subinde
1048 1939 1159 2022 plagas
1210 1958 1283 2001 sum
1302 1937 1481 2019 premebat,
1503 1938 1589 2021 quod
1608 1941 1706 2004 etiam
1725 1941 1896 2005 confirmat
1914 1939 2050 2006 Dicendi
2067 1937 2179 2003 verbo.

193 2047 269 2091 suae
291 2025 471 2107 ingeminet
499 2022 601 2101 Deus,
636 2031 670 2085 et
699 2022 921 2087 continuando
949 2034 1076 2107 augeat.
1122 2022 1158 2089 si
1209 2022 1293 2086 Nam
1317 2043 1416 2104 quum
1446 2024 1575 2105 reprobi
1606 2025 1787 2105 trahantur,
1817 2024 1953 2107 perinde
1974 2044 2012 2090 aa
2031 2025 2059 2089 si
2080 2023 2181 2088 index

193 2112 266 2194 quis
298 2121 390 2195 roget
423 2110 462 2173 de
497 2107 632 2186 Duride,
675 2127 718 2171 an
753 2107 872 2172 callum
904 2107 1086 2173 abduxerat
1118 2107 1159 2173 ad
1209 2108 1382 2173 sceleratas
1404 2110 1438 2173 in
1467 2111 1691 2191 quaestionem
1721 2119 1843 2193 ageret,
1875 2111 2023 2176 consulta
2054 2118 2088 2173 et
2111 2128 2180 2190 pra·

194 2198 318 2281 plagas,
341 2215 421 2277 quas
443 2191 565 2259 sciebat
587 2191 743 2256 divinitus
765 2191 828 2257 sibi
849 2193 968 2276 infligi:
992 2195 1159 2276 responsio
1209 2214 1309 2274 pensa
1331 2195 1430 2258 animi
1461 2206 1549 2258 metu
1576 2218 1611 2260 sa
1640 2197 1769 2260 venisse
1792 2203 1940 2260 testatur.
1984 2195 2070 2260 Nam
2092 2191 2179 2260 istud

195 2303 235 2347 ex
258 2290 413 2347 contextu
442 2276 580 2361 petenda
607 2285 665 2354 est,
697 2276 864 2342 detentum
894 2278 995 2343 tuisse
1022 2292 1055 2344 et
1082 2300 1158 2345 eon·
1210 2279 1325 2356 dicere,
1349 2278 1432 2343 nihil
1450 2279 1610 2346 aliudest
1631 2301 1728 2364 quam
1746 2301 1855 2347 secum
1874 2281 2069 2345 deliberare:
2091 2277 2179 2343 unde

195 2368 343 2434 striatam
364 2366 398 2430 in
421 2364 583 2447 perplexis
606 2361 781 2441 doloribus,
815 2371 847 2428 et
869 2364 965 2430 lentis
987 2366 1157 2432 tormentis
1210 2364 1370 2447 sequitur,
1392 2365 1522 2429 veniam
1545 2366 1607 2433 sibi
1630 2367 1730 2432 iuisse
1752 2366 1932 2448 pollicitum
1954 2388 1973 2430 a
1995 2365 2060 2429 Dei
2080 2365 2178 2429 mise·

195 2455 293 2519 luisse
311 2453 509 2528 distractum,
528 2449 629 2514 donee
648 2449 730 2513 bene
748 2449 886 2514 domitus
902 2460 1156 2517 mansuesceret:
1217 2449 1364 2525 ricordia,
1401 2473 1441 2514 ne
1468 2451 1587 2516 liberae
1620 2453 1810 2518 confessioni
1841 2452 1928 2518 viam
1956 2450 2180 2532 praecluderet

196 2538 282 2620 quod
302 2535 495 2620 principium
528 2543 580 2600 est
601 2534 777 2616 quaerendi
800 2533 942 2600 remedii.
987 2536 1083 2602 Unde
1105 2538 1162 2602 ite·
1217 2548 1329 2600 terror.
1363 2536 1528 2601 Particule
1546 2535 1648 2620 Super
1663 2559 1719 2616 ute,
1738 2539 1789 2604 vel
1807 2547 1922 2604 cantra
1940 2557 2001 2617 me,
2018 2535 2183 2620 signifieat

195 2645 268 2689 rum
301 2621 495 2707 colligimus,
536 2640 602 2683 nan
634 2619 756 2684 frustra
788 2620 900 2685 iterari
933 2621 1162 2705 castigationes
1215 2621 1353 2686 amissos
1381 2621 1481 2686 luisse
1510 2642 1530 2685 s
1563 2623 1691 2688 Doride
1719 2644 1831 2688 omnes
1853 2631 2041 2706 praetextus
2062 2621 2183 2704 quibus

195 2710 313 2792 quibus
335 2710 369 2773 in
404 2728 463 2772 nas
496 2705 627 2769 videtur
659 2705 750 2770 Deus
783 2707 917 2781 saevire,
952 2727 1012 2771 nac
1039 2705 1163 2771 frustra
1214 2705 1299 2770 bona
1322 2728 1396 2789 pars
1419 2706 1587 2770 hominum
1605 2730 1641 2773 se
1659 2717 1824 2785 exonerat,
1846 2708 1975 2790 eulpam
1993 2706 2057 2771 alio
2074 2717 2183 2770 trans·

195 2815 330 2859 manum
360 2795 429 2856 aius
458 2791 639 2875 aggravari,
676 2790 777 2855 donec
804 2791 921 2857 terasia
950 2801 1062 2857 nostra
1089 2811 1160 2857 sua·
1214 2792 1331 2868 ferens,
1365 2791 1417 2856 vel
1439 2791 1600 2857 derivans.
1645 2792 1770 2858 Statuit
1791 2814 1868 2877 erge
1890 2791 1999 2858 David
2023 2811 2095 2857 sese
2117 2789 2184 2856 Dei

195 2880 336 2959 cumbet,
365 2898 463 2960 quam
493 2877 614 2941 seimus
642 2897 711 2942 esse
738 2875 942 2955 indomitam,
971 2877 1035 2941 nisi
1056 2876 1162 2943 duris·
1214 2877 1333 2942 iudicio
1356 2877 1484 2957 penitus
1506 2877 1672 2957 subiicere,
1697 2879 1902 2961 proferreque
1923 2899 2018 2943 suum
2039 2887 2185 2954 reatum,

196 2965 287 3031 simis
309 2964 414 3048 plagis
435 2971 580 3046 cogatur.
903 2986 905 2991 ·
1214 2970 1251 3026 ut
1273 2960 1358 3042 apud
1391 2982 1426 3026 se
1459 2962 1633 3028 damnatus
1664 2963 1795 3029 veniam
1817 2965 2017 3047 impetraret
2061 2960 2122 3049 (m
2147 2966 2186 3026 tu

1214 3045 1389 3132 remisisti.)
1439 3046 1624 3112 Membrum
1649 3050 1709 3115 hac
1737 3050 1883 3114 molestis
1911 3059 1943 3114 et
1976 3047 2054 3114 diris
2077 3047 2184 3130 agita·

281 3137 311 3201 5.
334 3135 499 3201 Peccatum
515 3152 617 3198 mcum
634 3131 691 3198 tibi
707 3137 814 3197 uatum
829 3133 899 3216 feci,
921 3136 950 3197 et
967 3134 1162 3215 iniquitatem
1214 3131 1355 3196 tionibus
1375 3131 1560 3213 opponitur,
1589 3134 1705 3216 quibus
1734 3155 1769 3198 se
1800 3143 1953 3200 vexatum
1976 3134 2075 3199 fuisse
2097 3132 2185 3197 dixit

195 3242 295 3288 meam
316 3241 376 3286 uou
397 3217 563 3285 abscondi:
591 3219 670 3302 diei,
695 3218 861 3299 (buddelar
881 3237 975 3298 super
995 3239 1043 3283 aee
1063 3219 1163 3284 scelus
1214 3231 1385 3298 antequam
1408 3216 1473 3280 fide
1501 3217 1641 3301 gratiam
1668 3219 1733 3285 Dei
1755 3219 2022 3303 apprehenderet.
2066 3216 2185 3283 ante·

194 3328 296 3374 meum
325 3305 469 3371 Ieboaae:
499 3309 527 3368 et
546 3309 581 3368 lu
606 3305 758 3369 remisisti
784 3303 937 3388 necomit)
953 3305 1072 3386 peceati
1092 3305 1162 3369 ma.
1214 3323 1286 3366 rum
1309 3301 1360 3366 his
1383 3302 1491 3365 verbis
1519 3300 1620 3382 docet,
1649 3305 1776 3387 quoties
1805 3325 1841 3370 se
1862 3313 2012 3388 peccator
2032 3322 2105 3367 cum
2129 3303 2183 3367 in·

198 3393 300 3460 Selab.
345 3393 375 3457 6.
409 3390 578 3472 Propterea
609 3388 710 3454 mabit
737 3391 779 3455 ad
807 3393 835 3454 te
861 3391 965 3455 mauis
984 3395 1164 3455 numacius
1214 3407 1320 3471 genua
1338 3387 1539 3452 confessione
1556 3388 1679 3469 afferet,
1702 3390 1996 3455 reconciliationem
2016 3408 2089 3454 eum
2105 3387 2181 3450 Deo

195 3484 328 3560 tempore
354 3474 548 3541 irmeuieadi:
576 3474 682 3556 utique
710 3475 745 3539 ia
765 3473 886 3539 diluuio
907 3495 1063 3556 aquarum
1083 3475 1164 3541 mul·
1214 3483 1361 3557 paratam
1382 3473 1467 3537 fore:
1497 3473 1572 3553 quia
1600 3495 1666 3538 non
1696 3475 1757 3541 sibi
1788 3475 1846 3539 uni
1867 3473 2057 3559 placabilem
2079 3471 2182 3539 fuisse

195 3568 301 3629 tarum
317 3564 360 3628 ad
377 3581 447 3626 eum
464 3580 526 3625 aaa
544 3559 846 3643 appropinquabunt.
883 3560 916 3642 l.
936 3559 985 3623 Tu
1002 3559 1164 3625 latibulum
1215 3558 1322 3622 Deum
1342 3559 1464 3634 recitat,
1493 3557 1549 3622 sed
1571 3579 1775 3624 communem
1797 3561 1833 3625 in
1855 3580 1913 3626 suo
1934 3558 2082 3640 exemplo
2104 3557 2183 3624 doc·

196 3649 285 3731 mibi,
308 3670 328 3714 a
350 3646 544 3717 tribulatione
564 3646 718 3710 custodies
738 3666 796 3728 me,
822 3645 951 3710 cautum
972 3644 1165 3711 liberationis
1215 3645 1334 3708 trinam
1356 3641 1464 3720 tradit,
1493 3664 1535 3707 ne
1565 3643 1713 3709 dubitent
1744 3645 1801 3727 qui
1824 3645 1973 3710 laborant
2000 3645 2060 3709 sub
2083 3662 2184 3708 onere

195 3732 403 3804 circumdabis
421 3753 478 3797 me.
524 3729 625 3796 Selab.
1215 3729 1275 3793 sibi
1304 3728 1372 3793 fare
1408 3727 1592 3810 propitium,
1635 3730 1731 3795 simul
1759 3750 1796 3794 aa
1823 3742 1912 3796 recta
1942 3738 1975 3794 ct
1995 3728 2184 3794 voluntaria

1215 3813 1332 3879 affeetu
1355 3812 1395 3877 ad
1417 3835 1492 3878 eum
1510 3836 1544 3878 se
1562 3815 1768 3880 contulerint.
1804 3815 1839 3882 si
1853 3816 1925 3899 quis
1943 3814 2021 3881 hinc
2037 3814 2183 3897 colligat,

282 3904 312 3970 5.
343 3902 519 3988 (Peccatum
547 3921 649 3966 meum
677 3904 781 3966 acaum
806 3897 890 3982 feci.)
939 3899 1012 3965 Iam
1039 3902 1163 3966 exitum
1215 3899 1449 3984 poenitentiam
1483 3899 1583 3981 igitur
1616 3910 1647 3964 et
1680 3901 1915 3967 contessionem
1947 3920 2078 3966 causam
2110 3919 2184 3964 esee

198 4012 277 4058 suae
299 3990 450 4054 miseriae
472 3985 628 4053 describit
648 3985 818 4069 prophete,
840 3993 879 4049 ut
900 3985 970 4052 eius
991 3986 1163 4064 felicitatis,
1214 3984 1407 4049 obtinendae
1428 3986 1564 4066 gratiae,
1592 3986 1711 4050 solutio
1735 4007 1799 4052 uon
1822 3986 1963 4052 difficilis
1984 3996 2049 4050 est:
2080 3983 2184 4050 Davi·

199 4076 240 4142 de
261 4095 327 4159 qua
360 4073 518 4151 meminit,
551 4069 730 4154 potiundae
761 4070 911 4135 omnibus
943 4071 977 4135 in
1010 4080 1164 4155 promptu
1215 4070 1288 4135 dem
1311 4069 1363 4136 hia
1385 4090 1448 4133 nau
1471 4066 1629 4135 disserere
1650 4070 1691 4135 de
1712 4091 1818 4149 cause,
1843 4072 1899 4137 sed
1921 4070 2053 4136 madum
2072 4079 2184 4134 aston-

198 4160 344 4244 exposita
382 4159 426 4223 sit
461 4159 555 4224 ratio.
610 4155 721 4238 Quum
761 4175 840 4240 ergo
879 4155 1051 4222 infeliciter
1090 4177 1164 4222 eum
1216 4155 1291 4220 dere
1325 4175 1388 4237 qua
1423 4174 1458 4218 se
1491 4154 1561 4218 Deo
1594 4156 1779 4221 reconciliat
1805 4164 1968 4239 peccator.
2021 4154 2185 4235 Quamvis

199 4254 331 4328 angeret
359 4265 396 4309 ao
425 4249 589 4326 torqueret
617 4242 686 4306 irae
715 4240 778 4306 Dei
807 4261 930 4317 sensus,
958 4240 1039 4308 haee
1067 4242 1166 4308 unica
1215 4241 1302 4306 enim
1314 4239 1513 4304 interveniat
1523 4241 1691 4319 oaniessia,
1709 4242 1809 4307 altius
1821 4253 1932 4307 tamen
1943 4238 2185 4324 penetrandum

197 4331 318 4398 levatio
340 4328 411 4407 luit,
440 4329 581 4412 ingenue
603 4348 637 4392 se
660 4325 814 4393 damnare
835 4345 942 4390 coram
965 4326 1047 4405 Dea,
1070 4336 1103 4392 et
1124 4325 1167 4393 ad
1216 4334 1275 4406 est,
1297 4346 1415 4410 nempe
1436 4324 1520 4408 quad
1542 4323 1622 4391 fides
1643 4327 1739 4391 corda
1761 4340 1871 4393 nostra
1893 4328 2040 4409 aperiens
2062 4337 2095 4390 et
2117 4325 2185 4389 lin·

198 4417 314 4484 veniee
350 4413 610 4497 deprecationem
638 4411 828 4495 suppliciter
855 4410 1039 4494 confugere.
1090 4412 1165 4477 Non
1216 4432 1306 4496 guas,
1329 4411 1441 4477 eadem
1464 4430 1589 4492 quaque
1606 4413 1737 4477 veniam
1757 4413 1918 4496 impetrat.
1962 4412 2075 4494 Neque
2091 4410 2184 4476 enim

199 4503 278 4571 dicit
300 4510 409 4568 sutem
431 4497 622 4581 simpliciter
644 4497 706 4562 sibi
728 4498 762 4562 iu
782 4504 925 4562 mentem
942 4497 1072 4563 venisse
1092 4519 1165 4580 peo-
1217 4516 1344 4577 semper
1366 4494 1522 4579 quidquid
1546 4498 1726 4562 necessaria
1747 4500 1932 4579 requiritur,
1959 4499 2044 4563 inter
2065 4516 2183 4562 causas

198 4597 279 4667 cata,
323 4607 399 4651 nam
433 4594 467 4650 et
488 4583 571 4651 Oain
604 4590 637 4647 et
658 4581 760 4649 Iudae
792 4581 877 4647 idem
910 4582 1077 4666 contingit,
1110 4583 1166 4649 sed
1217 4603 1388 4648 numerare
1415 4583 1577 4647 convenit.
1621 4581 1659 4647 si
1682 4583 1754 4665 quis
1775 4583 1890 4648 rudius
1919 4582 2023 4666 malit,
2050 4583 2184 4647 veniam

198 4674 290 4739 nulla
320 4672 485 4756 profectu:
522 4669 598 4750 quis
631 4667 707 4732 dum
737 4668 798 4734 sibi
827 4666 913 4732 male
940 4668 1061 4734 conscii
1090 4678 1167 4734 sunt
1217 4667 1419 4733 confessione
1441 4685 1501 4730 sua
1530 4664 1665 4748 adeptus
1692 4676 1742 4733 est
1762 4667 1883 4752 David,
1913 4689 1978 4733 non
2000 4667 2085 4751 quad
2108 4687 2184 4732 eam

199 4760 338 4842 reprobi,
368 4777 434 4822 non
458 4755 612 4820 desinunt
633 4774 669 4818 se
690 4754 777 4834 ipsos
798 4751 946 4831 exedere,
975 4761 1008 4817 et
1029 4753 1167 4819 fremere
1216 4762 1290 4817 actu
1312 4754 1383 4835 ipso
1412 4748 1564 4832 loquendi
1585 4754 1780 4835 promeritus
1801 4753 1909 4834 tuerit,
1941 4754 1997 4818 sed
2020 4753 2095 4835 quia
2118 4751 2185 4818 fide

199 4845 356 4910 adversus
378 4842 504 4907 Deum:
536 4841 601 4905 imo
630 4839 781 4920 quamvis
802 4837 924 4903 invitos
945 4836 987 4902 sd
1009 4839 1166 4904 iudicium
1217 4837 1386 4904 directrice
1413 4836 1550 4901 iudicem
1584 4858 1678 4903 suum
1700 4838 1888 4921 suppliciter
1911 4836 2100 4922 deprecatus
2123 4852 2184 4903 est.

200 4951 294 4995 suum
317 4938 420 5013 cogat,
452 4934 609 5009 cuperent
637 4935 747 4990 umen
776 4945 810 4990 se
839 4923 1046 4990 abscondere.
1099 4923 1166 4991 Sed
1215 4926 1319 4989 Parra
1347 4942 1447 5005 quum
1477 4921 1588 4986 eadem
1610 4924 1699 4988 inter
1720 4945 1779 4988 nos
1810 4922 1906 4988 hodie
1935 4927 2044 5008 vigere
2066 4922 2185 4988 debeat

201 5015 254 5080 hia
275 5015 372 5098 longe
403 5013 533 5094 diversa
559 5010 684 5094 peceati
713 5010 835 5094 agnitio
857 5008 1059 5090 describitur,
1088 5009 1165 5076 dum
1215 5007 1392 5075 confitendi
1420 5009 1503 5072 ratio
1532 5027 1615 5090 quae
1645 5008 1723 5072 olim
1749 5007 1897 5090 patribus
1927 5008 1986 5074 sub
2015 5009 2087 5092 lege
2109 5009 2184 5088 fuit,

1216 5094 1297 5160 satis
1319 5093 1470 5158 hocloco
1491 5093 1650 5158 refellitur
1672 5095 1880 5177 tyrannicum
1904 5114 2006 5178 papae
2028 5093 2184 5176 edietum,

272 5201 302 5272 ⁶)
318 5205 345 5256 lu
362 5202 466 5272 coulpe,
484 5217 517 5256 en
535 5216 641 5269 marce:
659 5216 695 5254 au
712 5200 799 5270 peine.
1215 5201 1279 5263 quo
1302 5198 1362 5243 nos
1384 5198 1403 5241 a
1424 5178 1495 5242 Deo
1516 5177 1557 5243 ad
1580 5199 1656 5246 suos
1678 5179 1841 5245 sacrificos
1883 5179 2021 5265 ablegat.
