4658 5856
186 329 228 397 87
1023 327 1244 403 Psanites
1269 331 1367 396 VIII.
2161 332 2203 397 88

187 523 282 587 necis
304 523 444 586 artifices
474 536 545 585 arte
575 523 682 604 perire
712 542 780 586 sua.
823 519 955 601 Duplex
987 529 1097 583 autem
1120 528 1171 583 est

190 608 289 671 huius
317 607 486 671 doctrinae
515 628 611 683 usus,
648 628 724 671 nam
753 606 1001 688 qulbuscunque
1031 603 1170 668 nocendi

191 691 318 758 artibus
354 694 499 774 polleant
536 693 645 757 hostes
677 692 795 767 nostri,
826 691 1007 773 sperandus
1035 698 1084 755 est
1117 691 1172 754 hio

191 779 299 843 exitus
314 800 412 861 quern
426 777 518 843 Deus
541 778 696 860 promitit,
719 788 757 841 ut
769 798 804 841 se
823 780 910 858 ipsos
922 777 1051 859 proprio
1064 776 1172 859 gladio

191 865 390 942 confodiant,
409 886 513 947 neque
532 864 618 927 enim
631 863 692 927 hoc
704 864 874 927 fortuitum
888 872 947 940 est,
971 860 1028 927 sed
1047 861 1171 925 malum

192 950 279 1033 quod
302 951 447 1014 innoxiis
479 949 663 1024 intendunt,
694 949 787 1013 Deus
811 969 929 1013 arcana
950 967 1070 1013 manus
1093 966 1172 1010 suno

193 1035 371 1099 directione
401 1035 436 1099 in
465 1057 574 1099 eorum
607 1035 714 1116 capita
743 1042 921 1115 retorquet.
967 1034 1113 1098 Rursum
1145 1033 1171 1096 si

191 1122 324 1202 quando
356 1141 416 1185 nos
445 1121 551 1186 carnis
582 1120 682 1184 libido
707 1120 746 1183 ad
786 1117 963 1184 laedendos
998 1119 1172 1201 proximos,

191 1205 246 1271 uel
277 1206 317 1269 ad
349 1228 489 1288 pravum
518 1206 647 1287 aliquod
679 1207 802 1270 lacinus
833 1226 894 1270 nos
923 1204 1069 1286 instigat,
1100 1224 1172 1268 sno·

191 1303 305 1357 currat
329 1293 409 1357 haee
431 1292 494 1355 Dei
518 1292 608 1367 ulti0,
639 1292 695 1374 qui
724 1293 853 1355 foveam
884 1290 958 1354 aliis
982 1300 1108 1371 parant,
1138 1289 1172 1350 in

191 1397 264 1440 eam
289 1378 393 1442 deiiei.
429 1378 480 1441 Ita
502 1379 559 1441 fiet
582 1388 618 1441 ut
640 1386 799 1459 quantum
824 1375 886 1440 sibi
911 1377 1057 1458 quisque,
1081 1395 1173 1438 snae·

191 1481 256 1543 que
286 1464 384 1527 saluti
418 1464 590 1527 consulere
621 1462 724 1541 volet,
758 1460 799 1526 ab
834 1462 923 1525 omni
958 1481 992 1526 se
1026 1460 1176 1524 cohibeat

189 1568 320 1612 1n1ur1a.

281 1719 329 1783 18.
359 1715 521 1783 celebrato
551 1718 699 1783 Ielrooum
728 1720 896 1783 secandum
927 1717 1088 1782 iustitiam
1115 1717 1161 1780 cis

1224 522 1327 584 tineae
1349 520 1502 585 Psalmus
1525 521 1605 600 ipse,
1635 530 1669 583 et
1691 542 1845 603 quorsum
1869 528 2004 604 spectet,
2028 519 2205 603 praecipue

1223 604 1413 670 videndum.
1435 606 1617 688 -·Proponit
1635 608 1765 687 quidem
1785 607 1846 672 sIbi
1866 607 1975 671 David
1994 619 2071 672 ante
2092 605 2205 673 oeulos

1223 691 1341 756 miram
1365 691 1428 756 Dei
1453 690 1609 755 virtutem
1633 701 1666 755 et
1687 692 1825 774 gloriam
1849 692 1882 756 in
1906 699 1974 757 toto
1997 692 2112 757 mundi
2131 690 2204 773 opi-

1224 778 1297 843 ficio
1320 786 1353 840 et
1374 775 1628 859 gubernatione:
1651 777 1708 842 sed
1732 779 1816 843 hanc
1839 789 1964 861 partem
1988 778 2107 843 leviter
2130 790 2204 841 tan·

1226 873 1296 927 tum
1326 863 1564 945 perstringens,
1593 864 1627 926 in
1658 862 1916 928 consideratione
1944 884 2095 929 summae
2124 883 2204 944 erga

1224 968 1285 1012 nos
1314 948 1470 1011 bonitatis
1498 949 1628 1013 insistit.
1673 949 1719 1013 Ilt
1747 960 1836 1015 certe
1864 969 2052 1032 quanquam
2076 950 2112 1012 in
2136 960 2205 1013 toto

1225 1042 1361 1097 naturae
1392 1032 1505 1097 ordine
1535 1034 1737 1117 amplissIma
1763 1037 1906 1100 occurrit
1928 1033 2114 1099 celebrandi
2140 1035 2205 1099 Dei

1225 1119 1371 1197 materia,
1395 1120 1471 1200 quia
1495 1128 1603 1183 tamen
1628 1121 1760 1203 propria
1781 1120 1985 1203 experientia
2007 1121 2114 1203 magis
2134 1118 2206 1184 atfi-

1225 1205 1341 1282 cimur,
1376 1223 1442 1268 non
1473 1204 1530 1269 abs
1552 1226 1588 1269 re
1611 1227 1652 1269 ex
1675 1206 1819 1287 professo
1842 1206 2014 1288 specialem
2039 1227 2120 1289 erga
2144 1206 2208 1270 hu-

1227 1311 1359 1353 manum
1384 1310 1488 1371 genos
1510 1292 1648 1373 gratiam
1672 1290 1780 1371 Ilavid
1799 1291 2021 1356 commendat:
2045 1292 2205 1374 quiahoc

1227 1386 1277 1439 est
1310 1375 1452 1438 maxime
1491 1375 1618 1440 illustre
1651 1377 1817 1458 speculum
1851 1376 1885 1441 in
1919 1398 1983 1458 qno
2018 1378 2205 1460 perspicere

1228 1460 1302 1523 ltcet
1325 1460 1394 1524 eius
1417 1460 1564 1542 gloriam.
1609 1462 1731 1525 Mirum
1755 1473 1864 1526 tamen
1888 1472 1937 1527 est
1954 1483 2014 1528 eur
2032 1462 2074 1526 ab
2094 1463 2205 1526 excla-

1228 1546 1370 1609 matione
1388 1546 1533 1628 incipiat,
1554 1568 1653 1629 quum
1673 1568 1725 1611 res
1743 1548 1814 1629 ipsa
1832 1547 1923 1630 prius
1943 1549 2071 1613 narrari
2091 1551 2207 1625 soleat,

1228 1651 1325 1712 quam
1362 1632 1476 1694 extolli
1512 1633 1582 1697 eius
1618 1632 1818 1716 magnitudo.
1863 1633 1965 1714 Atqui
1992 1633 2020 1697 si
2050 1641 2208 1698 tenemus

1229 1716 1312 1798 quod
1343 1717 1419 1780 alibi
1449 1716 1576 1793 dicitnr,
1611 1738 1675 1781 non
1707 1739 1799 1800 posse
1831 1717 1938 1782 verbis
1968 1719 2119 1800 exprimi
2139 1718 2208 1782 Dei

197 1809 360 1869 etcertum
383 1805 505 1868 nomini
529 1804 662 1868 Iolco-oue
684 1805 804 1869 excelsi.
1228 1821 1336 1882 opera,
1364 1823 1570 1884 nequaquam
1598 1805 1718 1867 mirum
1750 1803 1922 1879 videbitur,
1953 1802 2118 1869 Davidotn
2142 1804 2208 1870 hae

1229 1885 1383 1968 loquendi
1407 1886 1510 1951 forma
1533 1909 1567 1952 se
1589 1889 1685 1952 fateri
1708 1890 1887 1953 narrationi
1909 1890 2080 1970 imparem.
2116 1887 2209 1969 Quia

281 1974 370 2055 Quia
393 1975 428 2036 in
452 1974 541 2039 huuc
562 1975 664 2037 finem
687 1974 867 2039 suosDcus
884 1973 1002 2037 liberat
1022 1981 1058 2035 ut
1076 1973 1174 2035 sacri·
1199 1966 1203 2053 l
1228 1993 1305 2056 ergo
1329 1973 1435 2036 David
1463 1973 1733 2038 inaestimabilem
1758 1973 1909 2056 gratiam,
1937 1996 2002 2056 qua
2027 1976 2118 2039 Deus
2142 1975 2209 2038 hu·

195 2061 271 2126 ficia
301 2061 467 2124 landis-ei
499 2060 643 2125 vicissim
676 2059 869 2141 rependant,
900 2056 1008 2123 David
1039 2057 1092 2121 hic
1117 2077 1175 2138 pro
1199 2058 1202 2151 Ι
1227 2079 1360 2121 manum
1374 2079 1478 2140 genus
1495 2058 1716 2141 dignatusest,
1739 2080 1848 2124 secum
1861 2060 2060 2141 expendens,
2086 2082 2208 2126 sensus

195 2153 330 2225 accepta
349 2145 542 2209 liberatione
555 2167 589 2209 se
602 2157 731 2226 gratum
753 2146 820 2209 lore
833 2144 1009 2227 promittit:
1033 2156 1064 2206 ct
1076 2142 1173 2205 simul
1198 2166 1202 2251 p
1226 2164 1337 2206 omnes
1369 2165 1444 2207 suos
1477 2143 1643 2209 absorberi
1675 2147 1777 2209 sentit
1811 2146 1862 2209 vel
1895 2146 1997 2224 obrui,
2039 2145 2208 2210 exclamat

194 2232 369 2295 confirmat
393 2231 476 2312 quod
501 2232 632 2314 elapsus
655 2242 740 2294 esset
763 2251 781 2292 a
813 2240 927 2309 morte,
956 2229 1016 2293 hoc
1040 2229 1173 2291 minime
1198 2256 1201 2269 ·
1227 2250 1295 2293 reru
1325 2227 1540 2293 admiratione
1570 2229 1701 2312 dignam
1733 2251 1813 2306 esse,
1843 2231 1920 2312 quia
1943 2231 2053 2296 verbis
2077 2232 2207 2312 concipi

195 2337 266 2380 esso
289 2316 423 2381 dubium
448 2317 498 2379 vel
522 2318 695 2380 obscurum
720 2316 782 2379 Dei
814 2336 904 2399 opus.
948 2315 1061 2395 Neque
1084 2313 1173 2377 enim
1198 2306 1201 2443 ῃ
1227 2334 1293 2377 non
1317 2323 1431 2396 potest.
1476 2314 1579 2394 Adde,
1614 2316 1697 2397 quod
1721 2317 1856 2398 spiritus
1878 2325 2022 2395 sanctus,
2053 2317 2111 2399 qui
2137 2317 2207 2381 Da-

194 2423 271 2467 rcre
295 2410 327 2465 et
350 2426 389 2465 ex
414 2403 522 2465 animo
545 2402 659 2466 salutis
683 2422 761 2465 suae
784 2401 913 2465 laudem
937 2400 1008 2463 Dco
1033 2400 1172 2463 ascribe·
1198 2452 1201 2469 ,
1227 2399 1310 2461 vidis
1340 2399 1486 2481 linguam
1521 2399 1651 2476 direxit,
1683 2423 1745 2465 non
1781 2400 1915 2466 dubium
1939 2412 1989 2467 est
2011 2402 2090 2484 quin
2116 2419 2206 2467 com·

194 2495 254 2565 ret,
286 2488 347 2553 nisi
379 2489 464 2551 serio
487 2509 661 2570 persuasus
684 2495 778 2562 esset,
809 2487 903 2548 aliter
930 2506 964 2546 se
989 2504 1086 2563 quam
1110 2483 1170 2545 hu·
1198 2486 1200 2497 '
1227 2504 1358 2546 munem
1383 2485 1551 2547 hominurn
1572 2495 1731 2566 torporem
1753 2487 1785 2549 in
1806 2487 1893 2551 illius
1912 2508 2053 2569 persona
2072 2489 2206 2564 excitet,

195 2574 342 2639 manitus
365 2575 464 2637 luisse
487 2584 666 2636 servatum.
691 2571 802 2648 Quare
825 2591 890 2632 non
911 2568 1005 2630 modo
1028 2567 1171 2629 debitam
1198 2626 1200 2655 ,
1226 2590 1267 2631 nc
1301 2569 1496 2631 Immensum
1526 2570 1590 2633 Dei
1625 2591 1778 2650 amorem,
1812 2583 1844 2635 et
1876 2573 2053 2636 innumera
2085 2573 2207 2653 quibus

197 2679 256 2721 suo
277 2659 443 2722 liberatori
464 2656 700 2737 gratitudinem
722 2653 891 2735 promittit.
916 2652 971 2715 scd
984 2653 1172 2715 summatim
1197 2662 1200 2779 Ι
1225 2653 1381 2716 fruuntur
1424 2653 1580 2719 beneficia
1624 2677 1718 2737 parce
1760 2668 1889 2721 tantum
1922 2668 1954 2720 ct
1988 2658 2110 2742 frigide
2144 2679 2207 2723 sno

196 2743 341 2805 affirmat
365 2740 449 2822 quod
474 2740 639 2804 recensuit
663 2747 728 2800 toto
751 2739 893 2815 Psalmo,
924 2736 1085 2799 sevilam
1109 2736 1172 2799 Dei
1197 2794 1200 2819 ;
1226 2758 1314 2800 mora
1346 2738 1494 2801 laudent:
1524 2740 1579 2803 sed
1609 2742 1717 2821 potius
1746 2764 1864 2809 nervos
1890 2764 2003 2808 omnes
2026 2742 2208 2807 intendant

195 2827 321 2908 gratiae
351 2825 478 2897 debere,
509 2825 564 2903 qui
595 2844 659 2885 non
691 2843 805 2902 passus
836 2831 923 2886 esset
946 2822 1007 2884 sibi
1031 2841 1048 2883 a
1072 2819 1172 2885 Saule
1228 2822 1352 2886 adhoc
1382 2824 1510 2904 pietatis
1533 2827 1735 2892 exercitium.
1780 2828 1866 2891 Nam
1898 2829 1957 2893 hoc
1982 2829 2207 2910 epiphonema

195 2911 287 2992 eripi.
313 2910 444 2972 Iustitia
464 2907 526 2971 Dei
550 2909 610 2971 lroo
635 2908 703 2969 loco
727 2929 783 2988 pro
806 2906 870 2970 fide
894 2906 1051 2985 accipitur
1073 2926 1171 2987 quam
1197 2894 1200 2987 l
1227 2926 1289 2987 quo
1319 2928 1396 2970 usus
1425 2919 1474 2973 est
1497 2910 1604 2974 David
1629 2911 1781 2989 declarat,
1815 2913 1871 2976 ubi
1899 2914 2026 2977 intenta
2050 2914 2091 2977 ad
2116 2914 2207 2979 banc

197 2994 303 3058 servis
326 2995 393 3057 suis
424 3003 568 3074 praestat
590 2992 624 3055 iu
656 2991 778 3055 tuenda
801 3010 913 3055 eorum
937 2992 1013 3053 vita.
1059 2990 1173 3072 Neque
1198 3012 1200 3095 p
1225 2992 1455 3073 cogitationem
1494 2996 1591 3059 tuerit
1626 3007 1694 3062 tota
1727 2997 1864 3061 humani
1897 2998 2021 3081 ingenii
2053 3000 2204 3075 facultas,

196 3079 282 3141 enim
308 3079 468 3141 iustitium
492 3098 584 3141 suam
602 3076 691 3139 Deus
715 3078 803 3141 intus
827 3075 1048 3141 absconditam
1075 3084 1172 3151 tenet,
1198 3100 1200 3163 ς
1227 3077 1320 3158 louge
1350 3077 1436 3141 inira
1472 3079 1656 3144 subsistere.
1714 3083 1842 3146 Nomen
1880 3083 1945 3147 Dei
1975 3083 2029 3148 hic
2059 3084 2203 3166 positum

196 3162 345 3228 sedeam
370 3166 490 3244 profert
514 3162 546 3224 in
572 3182 665 3223 usum
691 3172 850 3239 nostrum,
878 3161 955 3223 dum
979 3181 1035 3225 nos
1058 3170 1173 3224 eontra
1198 3192 1200 3249 ς
1225 3183 1296 3225 csse
1326 3163 1521 3244 interpretor
1551 3186 1609 3247 pro
1637 3166 1754 3231 celebri
1786 3170 1855 3233 eius
1878 3169 2004 3246 notitia,
2037 3181 2204 3251 qnatenus

197 3269 327 3313 omnem
352 3248 509 3312 iniustam
535 3247 601 3309 vim
626 3246 777 3323 defendit,
802 3247 842 3311 ab
860 3247 1071 3328 oppressione
1094 3245 1172 3310 libe·
1198 3256 1200 3295 ἵ
1226 3248 1348 3311 scilicet
1377 3268 1412 3312 se
1442 3249 1534 3313 nobis
1558 3253 1718 3331 patefacit,
1750 3276 1825 3317 nam
1849 3264 1967 3336 arguta
1990 3275 2103 3319 eorum
2126 3277 2202 3337 spe·

196 3342 265 3410 rat,
297 3345 330 3397 et
353 3334 503 3414 quamvis
525 3352 544 3392 a
567 3331 712 3394 scelestis
735 3332 922 3395 hominibus
946 3352 1174 3413 oppugnamur
1198 3370 1200 3423 Ι
1225 3333 1343 3397 culatio
1367 3334 1447 3396 mihi
1471 3356 1536 3397 uon
1560 3336 1675 3417 placet,
1706 3338 1822 3419 quibus
1846 3340 1927 3402 nihil
1952 3339 2040 3403 aliud
2063 3352 2113 3404 est
2137 3342 2204 3406 Dei

197 3430 306 3483 servat
333 3430 440 3481 tamen
465 3414 654 3478 incolumes.
1197 3428 1200 3507 g
1226 3438 1353 3497 nomon,
1383 3440 1479 3500 quam
1510 3420 1602 3486 Deus
1631 3424 1711 3505 ipse.
1757 3423 1842 3488 Nam
1872 3425 1932 3489 hoc
1955 3424 1994 3489 ad
2020 3446 2121 3507 opera
2142 3438 2205 3490 aut

1197 3504 1363 3597 prirtutes
1397 3525 1437 3568 ex
1472 3507 1588 3586 quibus
1621 3511 1837 3588 cognoscitur,
1879 3510 1989 3592 potins
2023 3532 2122 3593 quam
2159 3513 2203 3576 ad

1198 3589 1398 3661 ,essentiam
1430 3590 1543 3652 referri
1577 3591 1680 3656 debet.
1726 3595 1862 3659 Terram
1898 3615 1976 3679 ergo
2013 3597 2204 3661 admirabili

1198 3724 1200 3731 .
1226 3672 1288 3731 Dei
1320 3671 1423 3751 gloria
1453 3673 1581 3754 plenam
1616 3698 1685 3739 osso
1708 3677 1794 3753 dicit,
1825 3688 1861 3743 ut
1883 3680 1982 3744 decus
2005 3682 2076 3745 eius
2099 3702 2204 3764 supra

1226 3751 1331 3815 coelos
1349 3755 1555 3821 conscendat.
1578 3759 1680 3824 Recte
1702 3765 1787 3826 euim
1807 3763 2043 3850 (meoiudicio)
2063 3767 2203 3831 verbum

1198 3854 1201 3863 ·
1226 3849 1304 3915 mn
1324 3837 1455 3916 quidam
1474 3841 1637 3920 accipiunt
1655 3845 1687 3906 in
1707 3849 1848 3925 macher,
1871 3852 1932 3915 hoc
1951 3858 2009 3927 est,
2034 3853 2204 3918 infinitivo

1198 3920 1332 4016 trnodo,
1353 3940 1421 4016 'pro
1462 3921 1576 3989 locare.
1623 3927 1706 3991 Nam
1734 3932 1768 3994 in
1798 3936 1940 4000 seeundo
1963 3935 2111 4001 membro
2134 3958 2206 4002 am-

1200 4048 1202 4053 ·
1228 4002 1381 4083 pltficatro
1409 4016 1475 4067 est:
1508 4027 1546 4070 ao
1576 4011 1603 4073 si
1633 4012 1767 4078 dixisset
1790 4020 1949 4085 minorem
1973 4042 2045 4085 esse
2067 4032 2208 4106 terram,

1200 4070 1325 4183 lquam
1356 4096 1392 4150 ut
1415 4088 1511 4154 decus
1534 4093 1587 4156 vol
1610 4100 1814 4179 magnificam
1848 4105 1913 4169 Dei
1937 4108 2073 4169 formam
2097 4110 2207 4172 conti·

746 4259 751 4269 ·
794 4257 800 4269 Ι
932 4257 938 4268 ⁴
1107 4257 1149 4269 ..
1201 4180 1314 4259 ineat.
1361 4172 1467 4271 Atque
1497 4176 1558 4240 hoo
1589 4181 1683 4244 modo
1713 4199 1803 4269 Nili<
1832 4210 1896 4253 non
1928 4194 1990 4254 erit
2015 4193 2207 4273 relativum,

289 4266 316 4327 1.
344 4262 504 4341 Praefecto
526 4278 622 4338 super
647 4255 833 4339 Hoppttlutlt
855 4262 1006 4320 ceraticum
1026 4255 1175 4320 Docrdcs.
1200 4270 1203 4309 ·'
1228 4253 1285 4317 sed
1312 4256 1508 4337 expletivum
1538 4262 1590 4326 vel
1625 4273 1823 4349 exegetioam
1848 4277 2042 4356 particulam
2066 4278 2206 4345 valebit.

203 4354 233 4418 2.
260 4349 374 4413 lelrocc
396 4347 532 4412 Domine
551 4348 664 4417 noster,
687 4362 783 4422 qaum
802 4341 989 4405 admirabile
1007 4345 1051 4403 est
1067 4359 1177 4403 nomeu
1200 4374 1203 4417 g

200 4444 290 4505 taam
319 4435 353 4498 iu
383 4437 447 4497 toto
468 4437 563 4506 terre,
592 4428 635 4491 acl
652 4427 832 4506 penetralem
854 4426 946 4488 decus
968 4429 1055 4486 tcum
1077 4443 1177 4501 supro
1201 4432 1204 4439 '

199 4523 305 4591 coelos.
1201 4472 1362 4653 litwaiiteorr
1381 4511 1579 4576 adversarios
1608 4521 1683 4597 laos,
1717 4524 2014 4610 adpr0s159022dum
2036 4534 2208 4600 imm-mm

1200 4624 1203 4641 =
1363 4612 1419 4654 em.

288 4694 340 4757 An
366 4702 457 4767 rum
476 4685 636 4746 musicum
660 4680 916 4743 instrumentum
940 4678 1110 4759 significet,
1134 4694 1176 4735 an
1202 4706 1204 4761 Ι

202 4779 436 4845 modulationis
460 4770 609 4852 speciem,
634 4785 674 4826 an
698 4783 777 4825 vcro
800 4762 934 4825 celebris
954 4782 991 4824 ac
1015 4760 1082 4823 noti
1106 4776 1177 4854 cars
1202 4770 1204 4847 ᾗ
1314 4756 1384 4819 Iam
1415 4761 1448 4821 in
1479 4761 1585 4840 ipsum
1616 4788 1845 4850 argumentum
1875 4783 1960 4861 quod
1989 4790 2207 4858 armandum

202 4866 302 4929 minis
334 4862 474 4931 initium,
505 4876 565 4936 ego
596 4855 757 4913 incertum
788 4846 945 4926 relinquo.
1005 4844 1090 4907 Nam
1122 4861 1177 4920 qur
1202 4852 1204 4859 '
1229 4852 1426 4921 susceperat,
1450 4845 1647 4927 ingreditur:
1671 4877 1786 4937 nempe
1805 4866 1889 4942 quod
1910 4869 1971 4932 Ilei
1991 4875 2210 4951 providentia

201 4950 373 5015 Psalmum
408 4947 453 5007 ita
487 4939 595 5004 vocari
631 4942 756 5016 put-aut,
789 4930 872 5010 quod
907 4930 940 4991 ln
976 4927 1063 5026 utho·
1086 4923 1178 4988 Geth
1229 4930 1266 4984 ut
1288 4944 1322 4983 se
1345 4927 1486 5004 proferat
1509 4930 1541 4993 in
1565 4933 1707 5000 humano
1730 4963 1858 5023 genere,
1886 4972 1950 5015 non
1976 4955 2126 5024 adultam
2152 4985 2209 5028 ao-

203 5035 304 5099 lnerit
327 5029 535 5111 compositus,
560 5031 704 5088 coactam
729 5016 965 5110 expositionem
986 5032 1083 5074 tumre
1103 5027 1174 5105 pro·
1203 5038 1204 5097 ι
1229 5014 1328 5102 tatem
1359 5023 1531 5088 exspectet,
1565 5017 1619 5080 sod
1648 5042 1667 5083 a
1697 5029 1801 5104 prima
1825 5053 1926 5114 usquo
1948 5038 2093 5108 infantia
2115 5046 2209 5114 epam

202 5122 255 5187 cul
291 5130 472 5181 accersunt.
518 5111 569 5174 le
611 5104 714 5169 tribus
749 5121 825 5163 varo
859 5101 972 5180 primis
1006 5102 1177 5158 contentus
1202 5102 1205 5115 ’
1229 5109 1293 5152 ram
1340 5093 1498 5190 refulgeat
1538 5111 1695 5179 quantum
1736 5115 1815 5178 satis
1849 5120 1889 5181 sit
1925 5122 1964 5185 ad
2000 5128 2211 5199 refellendos

200 5226 299 5290 quam
331 5202 443 5284 eligas,
476 5218 541 5259 nou
567 5194 676 5274 magni
699 5190 846 5251 interest.
892 5181 979 5262 Quid
1005 5200 1082 5243 vero
1105 5196 1177 5242 con·
1201 5200 1205 5239 t
1229 5194 1341 5237 omnes
1369 5196 1495 5258 impios,
1528 5186 1583 5263 qui
1607 5190 1739 5268 profano
1761 5216 1818 5263 suo
1841 5214 2030 5290 contemptu
2054 5213 2121 5280 Dei
2146 5241 2209 5284 no-

528 3799 737 3868 Pstnnus
756 3800 858 3867 VIII.

201 3976 284 4031 ΑΗΘ.
304 3975 391 4025 Itarid
410 3980 551 4040 paternam
572 3971 620 4021 Dei
641 3987 704 4037 erga
722 3970 866 4023 bumanum
876 3987 961 4037 genus
971 3970 1175 4023 beneficentiam

305 4049 445 4108 reputans,
469 4040 583 4107 simplici
603 4037 752 4105 gratiaram
771 4038 876 4090 actione
895 4055 949 4092 non
968 4042 1121 4104 contentus,
1148 4038 1175 4088 in

304 4109 509 4162 admirationem
528 4108 585 4157 eius
603 4105 717 4172 rapitur.

1314 4423 1343 4486 3.
1367 4425 1421 4488 Ex
1443 4445 1496 4491 ore
1513 4429 1684 4508 iacientium
1702 4442 1728 4499 ct
1745 4438 1923 4508 lactentium
1940 4447 2087 4526 [ceadual
2103 4449 2206 4514 robur
