<?xml version="1.0" encoding="UTF-8"?>
<!DOCTYPE html PUBLIC "-//W3C//DTD XHTML 1.0 Transitional//EN"
    "http://www.w3.org/TR/xhtml1/DTD/xhtml1-transitional.dtd">
<html xmlns="http://www.w3.org/1999/xhtml" xml:lang="en" lang="en">
 <head>
  <title>
</title>
<meta http-equiv="Content-Type" content="text/html;charset=utf-8" />
  <meta name='ocr-system' content='tesseract 3.04.00' />
  <meta name='ocr-capabilities' content='ocr_page ocr_carea ocr_par ocr_line ocrx_word'/>
</head>
<body>
  <div class='ocr_page' id='page_1' title='image "./corpusreformato05melagoog_0035.png"; bbox 0 0 4672 5864; ppageno 0'>
   <div class='ocr_carea' id='block_1_1' title="bbox 164 273 207 340">
    <p class='ocr_par' dir='ltr' id='par_1_1' title="bbox 164 273 207 340">
     <span class='ocr_line' id='line_1_1' title="bbox 164 273 207 340; baseline 0 0"><span class='ocrx_word' id='word_1_1' title='bbox 164 273 207 340; x_wconf 77' lang='lat'><strong>33</strong></span> 
     </span>
    </p>
   </div>
   <div class='ocr_carea' id='block_1_2' title="bbox 166 458 1045 2241">
    <p class='ocr_par' dir='ltr' id='par_1_2' title="bbox 166 458 1045 2241">
     <span class='ocr_line' id='line_1_2' title="bbox 166 458 1036 528; baseline -0.008 -1"><span class='ocrx_word' id='word_1_2' title='bbox 166 461 251 528; x_wconf 87' lang='lat' dir='ltr'><strong>male</strong></span> <span class='ocrx_word' id='word_1_3' title='bbox 272 461 462 526; x_wconf 82' lang='lat' dir='ltr'><strong>feriatorum</strong></span> <span class='ocrx_word' id='word_1_4' title='bbox 478 461 620 526; x_wconf 86' lang='lat' dir='ltr'><strong>turmam</strong></span> <span class='ocrx_word' id='word_1_5' title='bbox 634 470 747 528; x_wconf 89' lang='lat' dir='ltr'><strong>centra</strong></span> <span class='ocrx_word' id='word_1_6' title='bbox 764 482 817 527; x_wconf 90' lang='lat' dir='ltr'><strong>me</strong></span> <span class='ocrx_word' id='word_1_7' title='bbox 835 458 1036 526; x_wconf 85' lang='lat' dir='ltr'><strong>accenderat.</strong></span> 
     </span>
     <span class='ocr_line' id='line_1_3' title="bbox 166 576 1038 667; baseline -0.009 -18"><span class='ocrx_word' id='word_1_8' title='bbox 166 584 299 667; x_wconf 89' lang='lat' dir='ltr'><strong>Loquor</strong></span> <span class='ocrx_word' id='word_1_9' title='bbox 320 580 428 648; x_wconf 84' lang='lat' dir='ltr'><strong>adhuc</strong></span> <span class='ocrx_word' id='word_1_10' title='bbox 456 580 496 647; x_wconf 93' lang='lat' dir='ltr'><strong>de</strong></span> <span class='ocrx_word' id='word_1_11' title='bbox 516 581 683 648; x_wconf 75' lang='lat' dir='ltr'><strong>intestinis</strong></span> <span class='ocrx_word' id='word_1_12' title='bbox 706 581 860 649; x_wconf 88' lang='lat' dir='ltr'><strong>ecclesiae</strong></span> <span class='ocrx_word' id='word_1_13' title='bbox 883 576 1038 654; x_wconf 77' lang='lat' dir='ltr'><strong>hostibus,</strong></span> 
     </span>
     <span class='ocr_line' id='line_1_4' title="bbox 167 701 1040 787; baseline -0.007 -19"><span class='ocrx_word' id='word_1_14' title='bbox 167 703 222 787; x_wconf 90' lang='lat' dir='ltr'><strong>qui</strong></span> <span class='ocrx_word' id='word_1_15' title='bbox 256 702 462 786; x_wconf 86' lang='lat' dir='ltr'><strong>evangelium</strong></span> <span class='ocrx_word' id='word_1_16' title='bbox 495 701 620 768; x_wconf 82' lang='lat' dir='ltr'><strong>Christi</strong></span> <span class='ocrx_word' id='word_1_17' title='bbox 660 702 832 786; x_wconf 85' lang='lat' dir='ltr'><strong>magnifice</strong></span> <span class='ocrx_word' id='word_1_18' title='bbox 870 701 1040 774; x_wconf 87' lang='lat' dir='ltr'><strong>iactantes,</strong></span> 
     </span>
     <span class='ocr_line' id='line_1_5' title="bbox 168 819 1041 907; baseline 0 -19"><span class='ocrx_word' id='word_1_19' title='bbox 168 824 243 907; x_wconf 92' lang='lat' dir='ltr'><strong>quia</strong></span> <span class='ocrx_word' id='word_1_20' title='bbox 265 843 413 889; x_wconf 84' lang='lat' dir='ltr'><strong>crassum</strong></span> <span class='ocrx_word' id='word_1_21' title='bbox 435 823 476 887; x_wconf 91' lang='lat' dir='ltr'><strong>de</strong></span> <span class='ocrx_word' id='word_1_22' title='bbox 497 822 622 889; x_wconf 89' lang='lat' dir='ltr'><strong>carnali</strong></span> <span class='ocrx_word' id='word_1_23' title='bbox 641 821 767 888; x_wconf 80' lang='lat' dir='ltr'><strong>Christi</strong></span> <span class='ocrx_word' id='word_1_24' title='bbox 789 819 1041 891; x_wconf 89' lang='lat' dir='ltr'><strong>manducatione</strong></span> 
     </span>
     <span class='ocr_line' id='line_1_6' title="bbox 168 942 1042 1028; baseline 0 -18"><span class='ocrx_word' id='word_1_25' title='bbox 168 964 282 1010; x_wconf 92' lang='lat' dir='ltr'><strong>eorum</strong></span> <span class='ocrx_word' id='word_1_26' title='bbox 304 950 526 1008; x_wconf 89' lang='lat' dir='ltr'><strong>commentum</strong></span> <span class='ocrx_word' id='word_1_27' title='bbox 546 964 609 1008; x_wconf 91' lang='lat' dir='ltr'><strong>non</strong></span> <span class='ocrx_word' id='word_1_28' title='bbox 631 942 820 1025; x_wconf 87' lang='lat' dir='ltr'><strong>amplector,</strong></span> <span class='ocrx_word' id='word_1_29' title='bbox 842 944 919 1025; x_wconf 91' lang='lat' dir='ltr'><strong>plus</strong></span> <span class='ocrx_word' id='word_1_30' title='bbox 941 966 1042 1028; x_wconf 88' lang='lat' dir='ltr'><strong>quam</strong></span> 
     </span>
     <span class='ocr_line' id='line_1_7' title="bbox 168 1063 1041 1147; baseline -0.005 -16"><span class='ocrx_word' id='word_1_31' title='bbox 168 1064 280 1131; x_wconf 91' lang='lat' dir='ltr'><strong>hostili</strong></span> <span class='ocrx_word' id='word_1_32' title='bbox 301 1063 427 1145; x_wconf 91' lang='lat' dir='ltr'><strong>impetn</strong></span> <span class='ocrx_word' id='word_1_33' title='bbox 445 1063 479 1126; x_wconf 93' lang='lat' dir='ltr'><strong>in</strong></span> <span class='ocrx_word' id='word_1_34' title='bbox 492 1084 544 1126; x_wconf 90' lang='lat' dir='ltr'><strong>me</strong></span> <span class='ocrx_word' id='word_1_35' title='bbox 563 1063 729 1127; x_wconf 73' lang='lat' dir='ltr'><strong>teruntur:</strong></span> <span class='ocrx_word' id='word_1_36' title='bbox 752 1063 793 1127; x_wconf 90' lang='lat' dir='ltr'><strong>de</strong></span> <span class='ocrx_word' id='word_1_37' title='bbox 811 1064 931 1147; x_wconf 90' lang='lat' dir='ltr'><strong>quibus</strong></span> <span class='ocrx_word' id='word_1_38' title='bbox 942 1066 1041 1129; x_wconf 87' lang='lat' dir='ltr'><strong>etiam</strong></span> 
     </span>
     <span class='ocr_line' id='line_1_8' title="bbox 168 1181 1041 1267; baseline -0.002 -15"><span class='ocrx_word' id='word_1_39' title='bbox 168 1206 244 1252; x_wconf 88' lang='lat' dir='ltr'><strong>cum</strong></span> <span class='ocrx_word' id='word_1_40' title='bbox 272 1183 384 1248; x_wconf 88' lang='lat' dir='ltr'><strong>David</strong></span> <span class='ocrx_word' id='word_1_41' title='bbox 422 1181 505 1247; x_wconf 91' lang='lat' dir='ltr'><strong>mihi</strong></span> <span class='ocrx_word' id='word_1_42' title='bbox 533 1185 647 1247; x_wconf 88' lang='lat' dir='ltr'><strong>testari</strong></span> <span class='ocrx_word' id='word_1_43' title='bbox 679 1182 771 1246; x_wconf 89' lang='lat' dir='ltr'><strong>licet:</strong></span> <span class='ocrx_word' id='word_1_44' title='bbox 806 1182 897 1248; x_wconf 89' lang='lat' dir='ltr'><strong>Dum</strong></span> <span class='ocrx_word' id='word_1_45' title='bbox 928 1205 1041 1267; x_wconf 92' lang='lat' dir='ltr'><strong>paoem</strong></span> 
     </span>
     <span class='ocr_line' id='line_1_9' title="bbox 169 1302 1041 1388; baseline 0.001 -19"><span class='ocrx_word' id='word_1_46' title='bbox 169 1324 301 1388; x_wconf 87' lang='lat' dir='ltr'><strong>quaero,</strong></span> <span class='ocrx_word' id='word_1_47' title='bbox 332 1324 388 1367; x_wconf 93' lang='lat' dir='ltr'><strong>eos</strong></span> <span class='ocrx_word' id='word_1_48' title='bbox 419 1302 460 1367; x_wconf 91' lang='lat' dir='ltr'><strong>ad</strong></span> <span class='ocrx_word' id='word_1_49' title='bbox 488 1303 610 1369; x_wconf 90' lang='lat' dir='ltr'><strong>bellum</strong></span> <span class='ocrx_word' id='word_1_50' title='bbox 638 1323 743 1367; x_wconf 90' lang='lat' dir='ltr'><strong>ruere.</strong></span> <span class='ocrx_word' id='word_1_51' title='bbox 788 1303 876 1369; x_wconf 88' lang='lat' dir='ltr'><strong>Psal.</strong></span> <span class='ocrx_word' id='word_1_52' title='bbox 911 1305 981 1380; x_wconf 81' lang='lat'>120.</span> <span class='ocrx_word' id='word_1_53' title='bbox 1013 1307 1041 1371; x_wconf 87' lang='grc'><strong>7.</strong></span> 
     </span>
     <span class='ocr_line' id='line_1_10' title="bbox 169 1421 1043 1508; baseline 0 -18"><span class='ocrx_word' id='word_1_54' title='bbox 169 1425 274 1490; x_wconf 85' lang='grc' dir='ltr'><strong>Ρο116</strong></span> <span class='ocrx_word' id='word_1_55' title='bbox 292 1425 328 1486; x_wconf 89' lang='lat' dir='ltr'><strong>iu</strong></span> <span class='ocrx_word' id='word_1_56' title='bbox 351 1443 388 1488; x_wconf 90' lang='lat' dir='ltr'><strong>eo</strong></span> <span class='ocrx_word' id='word_1_57' title='bbox 411 1443 446 1488; x_wconf 88' lang='lat' dir='ltr'><strong>se</strong></span> <span class='ocrx_word' id='word_1_58' title='bbox 463 1421 574 1505; x_wconf 86' lang='lat' dir='ltr'><strong>prodit</strong></span> <span class='ocrx_word' id='word_1_59' title='bbox 593 1422 746 1487; x_wconf 88' lang='lat' dir='ltr'><strong>immanis</strong></span> <span class='ocrx_word' id='word_1_60' title='bbox 763 1423 909 1488; x_wconf 92' lang='lat' dir='ltr'><strong>omnium</strong></span> <span class='ocrx_word' id='word_1_61' title='bbox 932 1426 1043 1508; x_wconf 88' lang='lat' dir='ltr'><strong>ingra-</strong></span> 
     </span>
     <span class='ocr_line' id='line_1_11' title="bbox 172 1541 1044 1633; baseline 0.002 -25"><span class='ocrx_word' id='word_1_62' title='bbox 172 1542 288 1622; x_wconf 87' lang='lat' dir='ltr'><strong>titudo,</strong></span> <span class='ocrx_word' id='word_1_63' title='bbox 310 1542 586 1625; x_wconf 91' lang='lat' dir='ltr'><strong>quodhominem,</strong></span> <span class='ocrx_word' id='word_1_64' title='bbox 607 1542 661 1633; x_wconf 83' lang='lat' dir='ltr'><strong>cui</strong></span> <span class='ocrx_word' id='word_1_65' title='bbox 679 1542 715 1606; x_wconf 90' lang='lat' dir='ltr'><strong>in</strong></span> <span class='ocrx_word' id='word_1_66' title='bbox 729 1541 916 1609; x_wconf 87' lang='lat' dir='ltr'><strong>defensioue</strong></span> <span class='ocrx_word' id='word_1_67' title='bbox 928 1563 1044 1610; x_wconf 89' lang='lat' dir='ltr'><strong>causae</strong></span> 
     </span>
     <span class='ocr_line' id='line_1_12' title="bbox 170 1662 1045 1745; baseline -0.002 -14"><span class='ocrx_word' id='word_1_68' title='bbox 170 1663 354 1731; x_wconf 83' lang='lat' dir='ltr'><strong>communis</strong></span> <span class='ocrx_word' id='word_1_69' title='bbox 371 1670 503 1728; x_wconf 83' lang='lat' dir='ltr'><strong>strenue</strong></span> <span class='ocrx_word' id='word_1_70' title='bbox 521 1662 683 1729; x_wconf 75' lang='lat' dir='ltr'><strong>laboranti</strong></span> <span class='ocrx_word' id='word_1_71' title='bbox 699 1663 868 1745; x_wconf 79' lang='lat' dir='ltr'><strong>suppetias</strong></span> <span class='ocrx_word' id='word_1_72' title='bbox 886 1664 970 1729; x_wconf 85' lang='lat' dir='ltr'><strong>ferre</strong></span> <span class='ocrx_word' id='word_1_73' title='bbox 989 1664 1045 1729; x_wconf 91' lang='lat' dir='ltr'><strong>de·</strong></span> 
     </span>
     <span class='ocr_line' id='line_1_13' title="bbox 170 1779 1044 1869; baseline -0.005 -18"><span class='ocrx_word' id='word_1_74' title='bbox 170 1785 303 1864; x_wconf 88' lang='lat' dir='ltr'><strong>bebant,</strong></span> <span class='ocrx_word' id='word_1_75' title='bbox 324 1781 519 1848; x_wconf 90' lang='lat' dir='ltr'><strong>alateribus</strong></span> <span class='ocrx_word' id='word_1_76' title='bbox 541 1795 575 1848; x_wconf 92' lang='grc'><strong>61</strong></span> <span class='ocrx_word' id='word_1_77' title='bbox 602 1793 695 1869; x_wconf 86' lang='lat' dir='ltr'><strong>tergo</strong></span> <span class='ocrx_word' id='word_1_78' title='bbox 718 1779 921 1848; x_wconf 86' lang='lat' dir='ltr'><strong>adoriuntur.</strong></span> <span class='ocrx_word' id='word_1_79' title='bbox 945 1781 1044 1849; x_wconf 83' lang='lat' dir='ltr'><strong>Oerte</strong></span> 
     </span>
     <span class='ocr_line' id='line_1_14' title="bbox 171 1901 1045 1988; baseline -0.005 -16"><span class='ocrx_word' id='word_1_80' title='bbox 171 1909 199 1973; x_wconf 90' lang='lat' dir='ltr'><strong>si</strong></span> <span class='ocrx_word' id='word_1_81' title='bbox 223 1905 276 1970; x_wconf 87' lang='lat' dir='ltr'><strong>vol</strong></span> <span class='ocrx_word' id='word_1_82' title='bbox 293 1905 411 1988; x_wconf 89' lang='lat' dir='ltr'><strong>exiguo</strong></span> <span class='ocrx_word' id='word_1_83' title='bbox 429 1902 645 1970; x_wconf 87' lang='lat' dir='ltr'><strong>humanitatis</strong></span> <span class='ocrx_word' id='word_1_84' title='bbox 662 1924 759 1968; x_wconf 90' lang='lat' dir='ltr'><strong>sensu</strong></span> <span class='ocrx_word' id='word_1_85' title='bbox 770 1901 910 1986; x_wconf 87' lang='lat' dir='ltr'><strong>praediti</strong></span> <span class='ocrx_word' id='word_1_86' title='bbox 928 1903 1045 1985; x_wconf 71' lang='lat' dir='ltr'><strong>forent,</strong></span> 
     </span>
     <span class='ocr_line' id='line_1_15' title="bbox 171 2022 1044 2109; baseline -0.007 -16"><span class='ocrx_word' id='word_1_87' title='bbox 171 2028 316 2093; x_wconf 86' lang='lat' dir='ltr'><strong>maxima</strong></span> <span class='ocrx_word' id='word_1_88' title='bbox 338 2046 483 2109; x_wconf 86' lang='lat' dir='ltr'><strong>quaeque</strong></span> <span class='ocrx_word' id='word_1_89' title='bbox 505 2024 580 2089; x_wconf 89' lang='lat' dir='ltr'><strong>odia</strong></span> <span class='ocrx_word' id='word_1_90' title='bbox 602 2024 740 2107; x_wconf 87' lang='lat' dir='ltr'><strong>placare.</strong></span> <span class='ocrx_word' id='word_1_91' title='bbox 754 2022 910 2088; x_wconf 80' lang='lat' dir='ltr'><strong>debuerat</strong></span> <span class='ocrx_word' id='word_1_92' title='bbox 932 2025 987 2106; x_wconf 95' lang='lat' dir='ltr'><strong>qui</strong></span> <span class='ocrx_word' id='word_1_93' title='bbox 1009 2025 1044 2087; x_wconf 92' lang='lat' dir='ltr'><strong>in</strong></span> 
     </span>
     <span class='ocr_line' id='line_1_16' title="bbox 170 2143 971 2241; baseline -0.004 -30"><span class='ocrx_word' id='word_1_94' title='bbox 170 2168 223 2211; x_wconf 88' lang='lat' dir='ltr'><strong>mc</strong></span> <span class='ocrx_word' id='word_1_95' title='bbox 247 2147 349 2211; x_wconf 87' lang='lat' dir='ltr'><strong>effuso</strong></span> <span class='ocrx_word' id='word_1_96' title='bbox 371 2146 494 2228; x_wconf 88' lang='lat' dir='ltr'><strong>impet-u</strong></span> <span class='ocrx_word' id='word_1_97' title='bbox 517 2143 623 2209; x_wconf 87' lang='lat' dir='ltr'><strong>fertur</strong></span> <span class='ocrx_word' id='word_1_98' title='bbox 644 2144 847 2241; x_wconf 71' lang='lat' dir='ltr'><strong>papistarum</strong></span> <span class='ocrx_word' id='word_1_99' title='bbox 871 2145 971 2208; x_wconf 87' lang='lat' dir='ltr'><strong>furor.</strong></span> 
     </span>
    </p>
   </div>
   <div class='ocr_carea' id='block_1_3' title="bbox 172 2339 1047 3863">
    <p class='ocr_par' dir='ltr' id='par_1_3' title="bbox 172 2339 1047 3863">
     <span class='ocr_line' id='line_1_17' title="bbox 260 2339 1046 2425; baseline -0.009 -16"><span class='ocrx_word' id='word_1_100' title='bbox 260 2342 325 2409; x_wconf 85' lang='lat' dir='ltr'><strong>Sed</strong></span> <span class='ocrx_word' id='word_1_101' title='bbox 348 2341 477 2425; x_wconf 88' lang='lat' dir='ltr'><strong>quando</strong></span> <span class='ocrx_word' id='word_1_102' title='bbox 495 2341 574 2407; x_wconf 89' lang='lat' dir='ltr'><strong>haec</strong></span> <span class='ocrx_word' id='word_1_103' title='bbox 593 2339 731 2406; x_wconf 89' lang='lat' dir='ltr'><strong>Davidis</strong></span> <span class='ocrx_word' id='word_1_104' title='bbox 754 2341 817 2405; x_wconf 87' lang='lat' dir='ltr'><strong>fuit</strong></span> <span class='ocrx_word' id='word_1_105' title='bbox 834 2339 986 2417; x_wconf 91' lang='lat' dir='ltr'><strong>conditio,</strong></span> <span class='ocrx_word' id='word_1_106' title='bbox 1009 2346 1046 2403; x_wconf 91' lang='lat' dir='ltr'><strong>ut</strong></span> 
     </span>
     <span class='ocr_line' id='line_1_18' title="bbox 173 2461 1045 2546; baseline -0.005 -18"><span class='ocrx_word' id='word_1_107' title='bbox 173 2464 212 2528; x_wconf 90' lang='lat' dir='ltr'><strong>de</strong></span> <span class='ocrx_word' id='word_1_108' title='bbox 230 2462 351 2546; x_wconf 91' lang='lat' dir='ltr'><strong>populo</strong></span> <span class='ocrx_word' id='word_1_109' title='bbox 369 2482 427 2527; x_wconf 91' lang='lat' dir='ltr'><strong>suo</strong></span> <span class='ocrx_word' id='word_1_110' title='bbox 445 2461 528 2526; x_wconf 91' lang='lat' dir='ltr'><strong>bene</strong></span> <span class='ocrx_word' id='word_1_111' title='bbox 540 2461 676 2525; x_wconf 91' lang='lat' dir='ltr'><strong>meritus</strong></span> <span class='ocrx_word' id='word_1_112' title='bbox 688 2461 790 2543; x_wconf 89' lang='lat' dir='ltr'><strong>gratis</strong></span> <span class='ocrx_word' id='word_1_113' title='bbox 807 2469 917 2526; x_wconf 87' lang='lat' dir='ltr'><strong>tamen</strong></span> <span class='ocrx_word' id='word_1_114' title='bbox 928 2480 1045 2526; x_wconf 91' lang='lat' dir='ltr'><strong>exosus</strong></span> 
     </span>
     <span class='ocr_line' id='line_1_19' title="bbox 172 2578 1046 2664; baseline -0.008 -15"><span class='ocrx_word' id='word_1_115' title='bbox 172 2584 286 2649; x_wconf 87' lang='lat' dir='ltr'><strong>multis</strong></span> <span class='ocrx_word' id='word_1_116' title='bbox 313 2593 406 2661; x_wconf 86' lang='lat' dir='ltr'><strong>esset,</strong></span> <span class='ocrx_word' id='word_1_117' title='bbox 435 2580 531 2646; x_wconf 91' lang='lat' dir='ltr'><strong>sicuti</strong></span> <span class='ocrx_word' id='word_1_118' title='bbox 562 2582 650 2648; x_wconf 90' lang='lat' dir='ltr'><strong>Psal.</strong></span> <span class='ocrx_word' id='word_1_119' title='bbox 673 2581 724 2659; x_wconf 88' lang='grc'><strong>69,</strong></span> <span class='ocrx_word' id='word_1_120' title='bbox 755 2580 775 2646; x_wconf 84' lang='grc'>5</span> <span class='ocrx_word' id='word_1_121' title='bbox 803 2579 969 2664; x_wconf 89' lang='lat' dir='ltr'><strong>queritur:</strong></span> <span class='ocrx_word' id='word_1_122' title='bbox 1001 2578 1046 2645; x_wconf 84' lang='lat' dir='ltr'><strong>Se</strong></span> 
     </span>
     <span class='ocr_line' id='line_1_20' title="bbox 173 2699 1044 2786; baseline -0.009 -16"><span class='ocrx_word' id='word_1_123' title='bbox 173 2705 309 2770; x_wconf 87' lang='lat' dir='ltr'><strong>solvisse</strong></span> <span class='ocrx_word' id='word_1_124' title='bbox 331 2700 417 2786; x_wconf 91' lang='lat' dir='ltr'><strong>quod</strong></span> <span class='ocrx_word' id='word_1_125' title='bbox 441 2723 506 2765; x_wconf 91' lang='lat' dir='ltr'><strong>non</strong></span> <span class='ocrx_word' id='word_1_126' title='bbox 529 2713 699 2785; x_wconf 80' lang='lat' dir='ltr'><strong>rapuerat:</strong></span> <span class='ocrx_word' id='word_1_127' title='bbox 723 2702 805 2767; x_wconf 92' lang='lat' dir='ltr'><strong>mihi</strong></span> <span class='ocrx_word' id='word_1_128' title='bbox 820 2723 886 2769; x_wconf 90' lang='lat' dir='ltr'><strong>non</strong></span> <span class='ocrx_word' id='word_1_129' title='bbox 906 2699 970 2764; x_wconf 88' lang='lat' dir='ltr'><strong>levi</strong></span> <span class='ocrx_word' id='word_1_130' title='bbox 994 2719 1044 2764; x_wconf 90' lang='lat' dir='ltr'><strong>so·</strong></span> 
     </span>
     <span class='ocr_line' id='line_1_21' title="bbox 173 2820 1045 2904; baseline -0.007 -15"><span class='ocrx_word' id='word_1_131' title='bbox 173 2826 250 2890; x_wconf 86' lang='lat' dir='ltr'><strong>latio</strong></span> <span class='ocrx_word' id='word_1_132' title='bbox 273 2822 344 2900; x_wconf 86' lang='lat' dir='ltr'><strong>fuit,</strong></span> <span class='ocrx_word' id='word_1_133' title='bbox 373 2821 451 2886; x_wconf 91' lang='lat' dir='ltr'><strong>dum</strong></span> <span class='ocrx_word' id='word_1_134' title='bbox 474 2823 629 2904; x_wconf 85' lang='lat' dir='ltr'><strong>gratuitis</strong></span> <span class='ocrx_word' id='word_1_135' title='bbox 650 2842 763 2887; x_wconf 92' lang='lat' dir='ltr'><strong>eorum</strong></span> <span class='ocrx_word' id='word_1_136' title='bbox 785 2820 869 2887; x_wconf 91' lang='lat' dir='ltr'><strong>odiis</strong></span> <span class='ocrx_word' id='word_1_137' title='bbox 897 2821 1045 2903; x_wconf 91' lang='lat' dir='ltr'><strong>impetor,</strong></span> 
     </span>
     <span class='ocr_line' id='line_1_22' title="bbox 173 2938 1046 3028; baseline -0.003 -20"><span class='ocrx_word' id='word_1_138' title='bbox 173 2963 311 3028; x_wconf 87' lang='lat' dir='ltr'><strong>qnorum</strong></span> <span class='ocrx_word' id='word_1_139' title='bbox 339 2941 454 3006; x_wconf 88' lang='lat' dir='ltr'><strong>officiis</strong></span> <span class='ocrx_word' id='word_1_140' title='bbox 477 2940 642 3007; x_wconf 84' lang='lat' dir='ltr'><strong>sublevari</strong></span> <span class='ocrx_word' id='word_1_141' title='bbox 671 2963 723 3007; x_wconf 88' lang='lat' dir='ltr'><strong>me</strong></span> <span class='ocrx_word' id='word_1_142' title='bbox 746 2941 888 3020; x_wconf 87' lang='lat' dir='ltr'><strong>decebat,</strong></span> <span class='ocrx_word' id='word_1_143' title='bbox 918 2939 958 3003; x_wconf 92' lang='lat' dir='ltr'><strong>ad</strong></span> <span class='ocrx_word' id='word_1_144' title='bbox 982 2938 1046 3005; x_wconf 89' lang='lat' dir='ltr'><strong>tale</strong></span> 
     </span>
     <span class='ocr_line' id='line_1_23' title="bbox 174 3060 1046 3146; baseline -0.006 -18"><span class='ocrx_word' id='word_1_145' title='bbox 174 3073 305 3145; x_wconf 90' lang='lat' dir='ltr'><strong>tamque</strong></span> <span class='ocrx_word' id='word_1_146' title='bbox 316 3062 521 3143; x_wconf 87' lang='lat' dir='ltr'><strong>praeclarum</strong></span> <span class='ocrx_word' id='word_1_147' title='bbox 532 3060 700 3146; x_wconf 86' lang='lat' dir='ltr'><strong>exemplar</strong></span> <span class='ocrx_word' id='word_1_148' title='bbox 711 3083 764 3127; x_wconf 92' lang='lat' dir='ltr'><strong>me</strong></span> <span class='ocrx_word' id='word_1_149' title='bbox 775 3063 925 3126; x_wconf 82' lang='lat' dir='ltr'><strong>formare.</strong></span> <span class='ocrx_word' id='word_1_150' title='bbox 936 3061 1046 3141; x_wconf 81' lang='lat' dir='ltr'><strong>Atque</strong></span> 
     </span>
     <span class='ocr_line' id='line_1_24' title="bbox 175 3177 1046 3265; baseline -0.007 -18"><span class='ocrx_word' id='word_1_151' title='bbox 175 3184 272 3248; x_wconf 89' lang='lat' dir='ltr'><strong>etiam</strong></span> <span class='ocrx_word' id='word_1_152' title='bbox 296 3181 337 3246; x_wconf 92' lang='lat' dir='ltr'><strong>ad</strong></span> <span class='ocrx_word' id='word_1_153' title='bbox 348 3181 498 3246; x_wconf 90' lang='lat' dir='ltr'><strong>Psalmos</strong></span> <span class='ocrx_word' id='word_1_154' title='bbox 516 3181 746 3265; x_wconf 85' lang='lat' dir='ltr'><strong>intelligendos</strong></span> <span class='ocrx_word' id='word_1_155' title='bbox 764 3203 830 3246; x_wconf 91' lang='lat' dir='ltr'><strong>non</strong></span> <span class='ocrx_word' id='word_1_156' title='bbox 848 3200 950 3263; x_wconf 85' lang='lat' dir='ltr'><strong>parvo</strong></span> <span class='ocrx_word' id='word_1_157' title='bbox 965 3177 1046 3242; x_wconf 90' lang='lat' dir='ltr'><strong>mihi</strong></span> 
     </span>
     <span class='ocr_line' id='line_1_25' title="bbox 175 3299 1046 3383; baseline -0.008 -16"><span class='ocrx_word' id='word_1_158' title='bbox 175 3303 364 3368; x_wconf 88' lang='lat' dir='ltr'><strong>adiumento</strong></span> <span class='ocrx_word' id='word_1_159' title='bbox 382 3300 443 3364; x_wconf 85' lang='lat' dir='ltr'><strong>fuit</strong></span> <span class='ocrx_word' id='word_1_160' title='bbox 457 3299 539 3366; x_wconf 89' lang='lat' dir='ltr'><strong>haec</strong></span> <span class='ocrx_word' id='word_1_161' title='bbox 555 3301 682 3383; x_wconf 89' lang='lat' dir='ltr'><strong>peritia,</strong></span> <span class='ocrx_word' id='word_1_162' title='bbox 704 3323 746 3364; x_wconf 95' lang='lat' dir='ltr'><strong>ne</strong></span> <span class='ocrx_word' id='word_1_163' title='bbox 760 3301 849 3366; x_wconf 88' lang='lat' dir='ltr'><strong>velut</strong></span> <span class='ocrx_word' id='word_1_164' title='bbox 866 3302 902 3365; x_wconf 92' lang='lat' dir='ltr'><strong>in</strong></span> <span class='ocrx_word' id='word_1_165' title='bbox 913 3300 1046 3382; x_wconf 88' lang='lat' dir='ltr'><strong>regione</strong></span> 
     </span>
     <span class='ocr_line' id='line_1_26' title="bbox 174 3419 1046 3507; baseline -0.005 -19"><span class='ocrx_word' id='word_1_166' title='bbox 174 3423 343 3507; x_wconf 86' lang='lat' dir='ltr'><strong>incognita</strong></span> <span class='ocrx_word' id='word_1_167' title='bbox 364 3422 601 3505; x_wconf 83' lang='lat' dir='ltr'><strong>peregrinarer.</strong></span> <span class='ocrx_word' id='word_1_168' title='bbox 631 3421 677 3486; x_wconf 83' lang='grc'><strong>111</strong></span> <span class='ocrx_word' id='word_1_169' title='bbox 698 3427 877 3504; x_wconf 79' lang='lat' dir='ltr'><strong>agnoscent</strong></span> <span class='ocrx_word' id='word_1_170' title='bbox 899 3419 1046 3497; x_wconf 91' lang='lat' dir='ltr'><strong>lectores,</strong></span> 
     </span>
     <span class='ocr_line' id='line_1_27' title="bbox 175 3538 1046 3621; baseline -0.006 -13"><span class='ocrx_word' id='word_1_171' title='bbox 175 3544 235 3608; x_wconf 91' lang='lat' dir='ltr'><strong>nisi</strong></span> <span class='ocrx_word' id='word_1_172' title='bbox 258 3542 364 3621; x_wconf 80' lang='lat' dir='ltr'><strong>fallor,</strong></span> <span class='ocrx_word' id='word_1_173' title='bbox 387 3543 442 3606; x_wconf 91' lang='lat' dir='ltr'><strong>ubi</strong></span> <span class='ocrx_word' id='word_1_174' title='bbox 465 3542 599 3605; x_wconf 92' lang='lat' dir='ltr'><strong>intimos</strong></span> <span class='ocrx_word' id='word_1_175' title='bbox 618 3550 684 3604; x_wconf 89' lang='lat' dir='ltr'><strong>tam</strong></span> <span class='ocrx_word' id='word_1_176' title='bbox 696 3539 836 3604; x_wconf 86' lang='lat' dir='ltr'><strong>Davidis</strong></span> <span class='ocrx_word' id='word_1_177' title='bbox 854 3559 953 3621; x_wconf 90' lang='lat' dir='ltr'><strong>quam</strong></span> <span class='ocrx_word' id='word_1_178' title='bbox 966 3538 1046 3604; x_wconf 90' lang='lat' dir='ltr'><strong>alio·</strong></span> 
     </span>
     <span class='ocr_line' id='line_1_28' title="bbox 176 3657 1047 3744; baseline -0.006 -15"><span class='ocrx_word' id='word_1_179' title='bbox 176 3685 248 3729; x_wconf 89' lang='lat' dir='ltr'><strong>rum</strong></span> <span class='ocrx_word' id='word_1_180' title='bbox 278 3682 395 3728; x_wconf 89' lang='lat' dir='ltr'><strong>sensus</strong></span> <span class='ocrx_word' id='word_1_181' title='bbox 423 3661 567 3744; x_wconf 89' lang='lat' dir='ltr'><strong>explico,</strong></span> <span class='ocrx_word' id='word_1_182' title='bbox 596 3681 661 3725; x_wconf 92' lang='lat' dir='ltr'><strong>non</strong></span> <span class='ocrx_word' id='word_1_183' title='bbox 689 3680 783 3727; x_wconf 89' lang='lat' dir='ltr'><strong>secus</strong></span> <span class='ocrx_word' id='word_1_184' title='bbox 812 3679 850 3724; x_wconf 90' lang='lat' dir='ltr'><strong>ac</strong></span> <span class='ocrx_word' id='word_1_185' title='bbox 878 3658 919 3724; x_wconf 92' lang='lat' dir='ltr'><strong>de</strong></span> <span class='ocrx_word' id='word_1_186' title='bbox 947 3657 1047 3724; x_wconf 89' lang='lat' dir='ltr'><strong>rebus</strong></span> 
     </span>
     <span class='ocr_line' id='line_1_29' title="bbox 175 3758 766 3863; baseline -0.008 -14"><span class='ocrx_word' id='word_1_187' title='bbox 175 3758 380 3849; x_wconf 83' lang='lat' dir='ltr'><strong>familiariter</strong></span> <span class='ocrx_word' id='word_1_188' title='bbox 401 3782 575 3863; x_wconf 82' lang='lat' dir='ltr'><strong>compertis</strong></span> <span class='ocrx_word' id='word_1_189' title='bbox 598 3780 766 3846; x_wconf 80' lang='lat' dir='ltr'><strong>disserere.</strong></span> 
     </span>
    </p>
   </div>
   <div class='ocr_carea' id='block_1_4' title="bbox 262 3921 1046 4044">
    <p class='ocr_par' dir='ltr' id='par_1_4' title="bbox 262 3921 1046 4044">
     <span class='ocr_line' id='line_1_30' title="bbox 262 3921 1046 4044; baseline -0.008 -16"><span class='ocrx_word' id='word_1_190' title='bbox 262 3965 365 4029; x_wconf 88' lang='lat' dir='ltr'><strong>Porro</strong></span> <span class='ocrx_word' id='word_1_191' title='bbox 405 3921 506 4044; x_wconf 88' lang='lat' dir='ltr'><strong>quum</strong></span> <span class='ocrx_word' id='word_1_192' title='bbox 545 3959 687 4024; x_wconf 88' lang='lat' dir='ltr'><strong>fideliter</strong></span> <span class='ocrx_word' id='word_1_193' title='bbox 727 3958 909 4023; x_wconf 85' lang='lat' dir='ltr'><strong>studuerim</strong></span> <span class='ocrx_word' id='word_1_194' title='bbox 949 3958 1046 4023; x_wconf 90' lang='lat' dir='ltr'><strong>huius</strong></span> 
     </span>
    </p>
   </div>
   <div class='ocr_carea' id='block_1_5' title="bbox 177 4077 1048 5123">
    <p class='ocr_par' dir='ltr' id='par_1_5' title="bbox 177 4077 1048 5123">
     <span class='ocr_line' id='line_1_31' title="bbox 177 4077 1046 4160; baseline -0.007 -12"><span class='ocrx_word' id='word_1_195' title='bbox 177 4083 323 4150; x_wconf 88' lang='lat' dir='ltr'><strong>thesauri</strong></span> <span class='ocrx_word' id='word_1_196' title='bbox 341 4100 546 4146; x_wconf 88' lang='lat' dir='ltr'><strong>communem</strong></span> <span class='ocrx_word' id='word_1_197' title='bbox 568 4078 631 4160; x_wconf 91' lang='lat' dir='ltr'><strong>piis</strong></span> <span class='ocrx_word' id='word_1_198' title='bbox 649 4079 799 4144; x_wconf 90' lang='lat' dir='ltr'><strong>omnibus</strong></span> <span class='ocrx_word' id='word_1_199' title='bbox 817 4099 912 4143; x_wconf 90' lang='lat' dir='ltr'><strong>usum</strong></span> <span class='ocrx_word' id='word_1_200' title='bbox 931 4077 1046 4155; x_wconf 81' lang='lat' dir='ltr'><strong>lacere,</strong></span> 
     </span>
     <span class='ocr_line' id='line_1_32' title="bbox 177 4198 1046 4282; baseline -0.003 -15"><span class='ocrx_word' id='word_1_201' title='bbox 177 4203 393 4267; x_wconf 87' lang='lat' dir='ltr'><strong>etiamsinon</strong></span> <span class='ocrx_word' id='word_1_202' title='bbox 416 4199 551 4282; x_wconf 91' lang='lat' dir='ltr'><strong>adeptus</strong></span> <span class='ocrx_word' id='word_1_203' title='bbox 572 4218 646 4263; x_wconf 89' lang='lat' dir='ltr'><strong>sum</strong></span> <span class='ocrx_word' id='word_1_204' title='bbox 668 4199 753 4282; x_wconf 90' lang='lat' dir='ltr'><strong>quod</strong></span> <span class='ocrx_word' id='word_1_205' title='bbox 778 4198 934 4282; x_wconf 89' lang='lat' dir='ltr'><strong>volebam,</strong></span> <span class='ocrx_word' id='word_1_206' title='bbox 964 4221 1046 4264; x_wconf 91' lang='lat' dir='ltr'><strong>non·</strong></span> 
     </span>
     <span class='ocr_line' id='line_1_33' title="bbox 177 4320 1047 4404; baseline -0.002 -17"><span class='ocrx_word' id='word_1_207' title='bbox 177 4323 258 4388; x_wconf 91' lang='lat' dir='ltr'><strong>nihil</strong></span> <span class='ocrx_word' id='word_1_208' title='bbox 271 4334 380 4386; x_wconf 84' lang='lat' dir='ltr'><strong>tamen</strong></span> <span class='ocrx_word' id='word_1_209' title='bbox 399 4320 525 4403; x_wconf 87' lang='lat' dir='ltr'><strong>gratiae</strong></span> <span class='ocrx_word' id='word_1_210' title='bbox 541 4330 687 4383; x_wconf 87' lang='lat' dir='ltr'><strong>merctur</strong></span> <span class='ocrx_word' id='word_1_211' title='bbox 700 4320 753 4387; x_wconf 93' lang='lat' dir='ltr'><strong>hic</strong></span> <span class='ocrx_word' id='word_1_212' title='bbox 763 4336 910 4386; x_wconf 86' lang='lat' dir='ltr'><strong>conatus.</strong></span> <span class='ocrx_word' id='word_1_213' title='bbox 933 4320 1047 4404; x_wconf 89' lang='lat' dir='ltr'><strong>Neque</strong></span> 
     </span>
     <span class='ocr_line' id='line_1_34' title="bbox 178 4438 1047 4523; baseline -0.002 -15"><span class='ocrx_word' id='word_1_214' title='bbox 178 4453 287 4508; x_wconf 79' lang='grc'><strong>16111611</strong></span> <span class='ocrx_word' id='word_1_215' title='bbox 317 4438 405 4505; x_wconf 91' lang='lat' dir='ltr'><strong>aliud</strong></span> <span class='ocrx_word' id='word_1_216' title='bbox 435 4438 565 4523; x_wconf 90' lang='lat' dir='ltr'><strong>postulo</strong></span> <span class='ocrx_word' id='word_1_217' title='bbox 594 4441 657 4503; x_wconf 91' lang='lat' dir='ltr'><strong>nisi</strong></span> <span class='ocrx_word' id='word_1_218' title='bbox 688 4448 725 4504; x_wconf 93' lang='lat' dir='ltr'><strong>ut</strong></span> <span class='ocrx_word' id='word_1_219' title='bbox 754 4461 795 4505; x_wconf 90' lang='lat' dir='ltr'><strong>ex</strong></span> <span class='ocrx_word' id='word_1_220' title='bbox 824 4461 885 4506; x_wconf 90' lang='lat' dir='ltr'><strong>sua</strong></span> <span class='ocrx_word' id='word_1_221' title='bbox 910 4442 1047 4523; x_wconf 88' lang='lat' dir='ltr'><strong>quisque</strong></span> 
     </span>
     <span class='ocr_line' id='line_1_35' title="bbox 177 4560 1047 4644; baseline -0.006 -16"><span class='ocrx_word' id='word_1_222' title='bbox 177 4565 319 4628; x_wconf 87' lang='lat' dir='ltr'><strong>utilitate</strong></span> <span class='ocrx_word' id='word_1_223' title='bbox 348 4568 381 4626; x_wconf 89' lang='grc'><strong>61</strong></span> <span class='ocrx_word' id='word_1_224' title='bbox 408 4560 516 4625; x_wconf 83' lang='lat' dir='ltr'><strong>fructu</strong></span> <span class='ocrx_word' id='word_1_225' title='bbox 550 4579 645 4641; x_wconf 90' lang='lat' dir='ltr'><strong>quem</strong></span> <span class='ocrx_word' id='word_1_226' title='bbox 675 4562 831 4644; x_wconf 88' lang='lat' dir='ltr'><strong>percipiet</strong></span> <span class='ocrx_word' id='word_1_227' title='bbox 859 4581 980 4643; x_wconf 90' lang='lat' dir='ltr'><strong>aequus</strong></span> <span class='ocrx_word' id='word_1_228' title='bbox 1010 4579 1047 4624; x_wconf 90' lang='lat' dir='ltr'><strong>ac</strong></span> 
     </span>
     <span class='ocr_line' id='line_1_36' title="bbox 178 4679 1047 4768; baseline -0.003 -21"><span class='ocrx_word' id='word_1_229' title='bbox 178 4683 339 4768; x_wconf 91' lang='lat' dir='ltr'><strong>ingenuus</strong></span> <span class='ocrx_word' id='word_1_230' title='bbox 361 4681 404 4746; x_wconf 90' lang='lat' dir='ltr'><strong>sit</strong></span> <span class='ocrx_word' id='word_1_231' title='bbox 426 4679 544 4745; x_wconf 86' lang='lat' dir='ltr'><strong>laboris</strong></span> <span class='ocrx_word' id='word_1_232' title='bbox 573 4681 637 4743; x_wconf 90' lang='lat' dir='ltr'><strong>mci</strong></span> <span class='ocrx_word' id='word_1_233' title='bbox 659 4698 782 4744; x_wconf 88' lang='lat' dir='ltr'><strong>censor.</strong></span> <span class='ocrx_word' id='word_1_234' title='bbox 827 4680 933 4760; x_wconf 82' lang='lat' dir='ltr'><strong>Certe,</strong></span> <span class='ocrx_word' id='word_1_235' title='bbox 961 4680 1047 4764; x_wconf 91' lang='lat' dir='ltr'><strong>quod</strong></span> 
     </span>
     <span class='ocr_line' id='line_1_37' title="bbox 179 4799 1047 4884; baseline -0.002 -16"><span class='ocrx_word' id='word_1_236' title='bbox 179 4802 257 4880; x_wconf 85' lang='lat' dir='ltr'><strong>dixi,</strong></span> <span class='ocrx_word' id='word_1_237' title='bbox 288 4802 384 4866; x_wconf 90' lang='lat' dir='ltr'><strong>lectio</strong></span> <span class='ocrx_word' id='word_1_238' title='bbox 413 4801 486 4882; x_wconf 91' lang='lat' dir='ltr'><strong>ipsa</strong></span> <span class='ocrx_word' id='word_1_239' title='bbox 506 4799 592 4865; x_wconf 89' lang='lat' dir='ltr'><strong>clare</strong></span> <span class='ocrx_word' id='word_1_240' title='bbox 614 4800 820 4880; x_wconf 87' lang='lat' dir='ltr'><strong>monstrabit,</strong></span> <span class='ocrx_word' id='word_1_241' title='bbox 842 4821 895 4865; x_wconf 91' lang='lat' dir='ltr'><strong>me</strong></span> <span class='ocrx_word' id='word_1_242' title='bbox 918 4808 956 4866; x_wconf 85' lang='lat' dir='ltr'><strong>ut</strong></span> <span class='ocrx_word' id='word_1_243' title='bbox 978 4801 1047 4884; x_wconf 91' lang='lat' dir='ltr'><strong>pla·</strong></span> 
     </span>
     <span class='ocr_line' id='line_1_38' title="bbox 179 4918 1047 5004; baseline -0.003 -17"><span class='ocrx_word' id='word_1_244' title='bbox 179 4943 284 4987; x_wconf 90' lang='lat' dir='ltr'><strong>cerem</strong></span> <span class='ocrx_word' id='word_1_245' title='bbox 297 4941 499 5004; x_wconf 90' lang='lat' dir='ltr'><strong>nequaquam</strong></span> <span class='ocrx_word' id='word_1_246' title='bbox 517 4921 702 5002; x_wconf 87' lang='lat' dir='ltr'><strong>quaesiisse,</strong></span> <span class='ocrx_word' id='word_1_247' title='bbox 725 4918 788 4984; x_wconf 91' lang='lat' dir='ltr'><strong>nisi</strong></span> <span class='ocrx_word' id='word_1_248' title='bbox 801 4929 962 5002; x_wconf 85' lang='lat' dir='ltr'><strong>quatenus</strong></span> <span class='ocrx_word' id='word_1_249' title='bbox 974 4942 1047 5004; x_wconf 89' lang='lat' dir='ltr'><strong>pro·</strong></span> 
     </span>
     <span class='ocr_line' id='line_1_39' title="bbox 179 5038 1048 5123; baseline -0.002 -17"><span class='ocrx_word' id='word_1_250' title='bbox 179 5041 314 5106; x_wconf 88' lang='lat' dir='ltr'><strong>dessem.</strong></span> <span class='ocrx_word' id='word_1_251' title='bbox 366 5040 479 5123; x_wconf 87' lang='lat' dir='ltr'><strong>ltaque</strong></span> <span class='ocrx_word' id='word_1_252' title='bbox 513 5061 579 5104; x_wconf 92' lang='lat' dir='ltr'><strong>non</strong></span> <span class='ocrx_word' id='word_1_253' title='bbox 612 5038 708 5103; x_wconf 90' lang='lat' dir='ltr'><strong>modo</strong></span> <span class='ocrx_word' id='word_1_254' title='bbox 741 5039 879 5122; x_wconf 87' lang='lat' dir='ltr'><strong>simplex</strong></span> <span class='ocrx_word' id='word_1_255' title='bbox 913 5041 1048 5107; x_wconf 88' lang='lat' dir='ltr'><strong>docendi</strong></span> 
     </span>
    </p>
   </div>
   <div class='ocr_carea' id='block_1_6' title="bbox 179 5159 1046 5331">
    <p class='ocr_par' dir='ltr' id='par_1_6' title="bbox 179 5159 1046 5331">
     <span class='ocr_line' id='line_1_40' title="bbox 179 5159 1046 5244; baseline 0.001 -19"><span class='ocrx_word' id='word_1_256' title='bbox 179 5165 259 5226; x_wconf 86' lang='lat' dir='ltr'><strong>ratio</strong></span> <span class='ocrx_word' id='word_1_257' title='bbox 284 5160 401 5242; x_wconf 91' lang='lat' dir='ltr'><strong>ubique</strong></span> <span class='ocrx_word' id='word_1_258' title='bbox 424 5181 512 5223; x_wconf 86' lang='lat' dir='ltr'><strong>ame</strong></span> <span class='ocrx_word' id='word_1_259' title='bbox 530 5174 660 5224; x_wconf 83' lang='lat' dir='ltr'><strong>servate</strong></span> <span class='ocrx_word' id='word_1_260' title='bbox 678 5175 735 5233; x_wconf 85' lang='lat' dir='ltr'><strong>est,</strong></span> <span class='ocrx_word' id='word_1_261' title='bbox 759 5159 815 5225; x_wconf 92' lang='lat' dir='ltr'><strong>sod</strong></span> <span class='ocrx_word' id='word_1_262' title='bbox 833 5180 897 5241; x_wconf 89' lang='lat' dir='ltr'><strong>quo</strong></span> <span class='ocrx_word' id='word_1_263' title='bbox 917 5161 1046 5244; x_wconf 84' lang='lat' dir='ltr'><strong>longius</strong></span> 
     </span>
     <span class='ocr_line' id='line_1_41' title="bbox 278 5261 720 5331; baseline 0 -13"><span class='ocrx_word' id='word_1_264' title='bbox 278 5262 390 5318; x_wconf 72' lang='grc'><strong>(16161111</strong></span> <span class='ocrx_word' id='word_1_265' title='bbox 404 5279 500 5331; x_wconf 79' lang='lat' dir='ltr'><strong>opera.</strong></span> <span class='ocrx_word' id='word_1_266' title='bbox 534 5261 593 5318; x_wconf 87' lang='lat' dir='ltr'><strong>Vol.</strong></span> <span class='ocrx_word' id='word_1_267' title='bbox 605 5262 720 5318; x_wconf 84' lang='lat' dir='ltr'><strong><em>XXXI.</em></strong></span> 
     </span>
    </p>
   </div>
   <div class='ocr_carea' id='block_1_7' title="bbox 2122 264 2167 333">
    <p class='ocr_par' dir='ltr' id='par_1_7' title="bbox 2122 264 2167 333">
     <span class='ocr_line' id='line_1_42' title="bbox 2122 264 2167 333; baseline 0 0"><span class='ocrx_word' id='word_1_268' title='bbox 2122 264 2167 333; x_wconf 78' lang='lat'><strong>34</strong></span> 
     </span>
    </p>
   </div>
   <div class='ocr_carea' id='block_1_8' title="bbox 1281 452 2165 550">
    <p class='ocr_par' dir='ltr' id='par_1_8' title="bbox 1281 452 2165 550">
     <span class='ocr_line' id='line_1_43' title="bbox 1281 452 2165 550; baseline 0.001 -32"><span class='ocrx_word' id='word_1_269' title='bbox 1281 452 1330 518; x_wconf 88' lang='lat' dir='ltr'><strong>Or</strong></span> <span class='ocrx_word' id='word_1_270' title='bbox 1347 453 1495 517; x_wconf 89' lang='lat' dir='ltr'><strong>combien</strong></span> <span class='ocrx_word' id='word_1_271' title='bbox 1512 455 1676 535; x_wconf 86' lang='lat' dir='ltr'><strong>qu’estant</strong></span> <span class='ocrx_word' id='word_1_272' title='bbox 1687 452 1728 517; x_wconf 88' lang='lat' dir='ltr'><strong>de</strong></span> <span class='ocrx_word' id='word_1_273' title='bbox 1747 453 1825 535; x_wconf 86' lang='lat' dir='ltr'><strong>long</strong></span> <span class='ocrx_word' id='word_1_274' title='bbox 1836 460 1945 550; x_wconf 78' lang='lat' dir='ltr'><strong>temps</strong></span> <span class='ocrx_word' id='word_1_275' title='bbox 1958 461 2165 519; x_wconf 81' lang='lat' dir='ltr'><strong>aecoustume</strong></span> 
     </span>
    </p>
   </div>
   <div class='ocr_carea' id='block_1_9' title="bbox 1155 537 2165 623">
    <p class='ocr_par' dir='ltr' id='par_1_9' title="bbox 1155 537 2165 623">
     <span class='ocr_line' id='line_1_44' title="bbox 1155 537 2165 623; baseline -0.001 -19"><span class='ocrx_word' id='word_1_276' title='bbox 1155 614 1158 619; x_wconf 44' lang='grc'>,</span> <span class='ocrx_word' id='word_1_277' title='bbox 1195 538 1355 604; x_wconf 78' lang='grc'><strong>11161661</strong></span> <span class='ocrx_word' id='word_1_278' title='bbox 1384 539 1480 604; x_wconf 85' lang='grc'><strong>161166</strong></span> <span class='ocrx_word' id='word_1_279' title='bbox 1508 539 1643 618; x_wconf 90' lang='lat' dir='ltr'><strong>iniuros,</strong></span> <span class='ocrx_word' id='word_1_280' title='bbox 1673 537 1717 622; x_wconf 89' lang='lat' dir='ltr'><strong>i’y</strong></span> <span class='ocrx_word' id='word_1_281' title='bbox 1748 558 1825 623; x_wconf 89' lang='lat' dir='ltr'><strong>soye</strong></span> <span class='ocrx_word' id='word_1_282' title='bbox 1855 559 1947 621; x_wconf 80' lang='lat' dir='ltr'><strong>quasi</strong></span> <span class='ocrx_word' id='word_1_283' title='bbox 1970 537 2114 618; x_wconf 81' lang='lat' dir='ltr'><strong>endurci,</strong></span> <span class='ocrx_word' id='word_1_284' title='bbox 2141 537 2165 603; x_wconf 94' lang='lat' dir='ltr'><strong>il</strong></span> 
     </span>
    </p>
   </div>
   <div class='ocr_carea' id='block_1_10' title="bbox 1194 622 2171 1908">
    <p class='ocr_par' dir='ltr' id='par_1_10' title="bbox 1194 622 2171 1908">
     <span class='ocr_line' id='line_1_45' title="bbox 1196 622 2166 706; baseline 0 -18"><span class='ocrx_word' id='word_1_285' title='bbox 1196 645 1236 688; x_wconf 91' lang='lat' dir='ltr'><strong>ne</strong></span> <span class='ocrx_word' id='word_1_286' title='bbox 1258 646 1292 688; x_wconf 91' lang='lat' dir='ltr'><strong>so</strong></span> <span class='ocrx_word' id='word_1_287' title='bbox 1315 638 1392 706; x_wconf 90' lang='lat' dir='ltr'><strong>peut</strong></span> <span class='ocrx_word' id='word_1_288' title='bbox 1414 622 1581 689; x_wconf 88' lang='lat' dir='ltr'><strong>toutesfois</strong></span> <span class='ocrx_word' id='word_1_289' title='bbox 1602 624 1683 689; x_wconf 82' lang='lat' dir='ltr'><strong>faire</strong></span> <span class='ocrx_word' id='word_1_290' title='bbox 1704 646 1766 706; x_wconf 90' lang='lat' dir='ltr'><strong>que</strong></span> <span class='ocrx_word' id='word_1_291' title='bbox 1784 622 1895 706; x_wconf 87' lang='lat' dir='ltr'><strong>quand</strong></span> <span class='ocrx_word' id='word_1_292' title='bbox 1919 623 2106 706; x_wconf 83' lang='lat' dir='ltr'><strong>l’insolcnce</strong></span> <span class='ocrx_word' id='word_1_293' title='bbox 2125 622 2166 689; x_wconf 90' lang='lat' dir='ltr'><strong>de</strong></span> 
     </span>
     <span class='ocr_line' id='line_1_46' title="bbox 1196 710 2166 792; baseline 0.001 -20"><span class='ocrx_word' id='word_1_294' title='bbox 1196 710 1290 774; x_wconf 91' lang='lat' dir='ltr'><strong>telles</strong></span> <span class='ocrx_word' id='word_1_295' title='bbox 1312 730 1393 792; x_wconf 86' lang='lat' dir='ltr'><strong>gens</strong></span> <span class='ocrx_word' id='word_1_296' title='bbox 1416 711 1513 774; x_wconf 90' lang='lat' dir='ltr'><strong>crcist</strong></span> <span class='ocrx_word' id='word_1_297' title='bbox 1530 716 1564 774; x_wconf 90' lang='lat' dir='ltr'><strong>et</strong></span> <span class='ocrx_word' id='word_1_298' title='bbox 1581 721 1756 792; x_wconf 90' lang='lat' dir='ltr'><strong>augmente</strong></span> <span class='ocrx_word' id='word_1_299' title='bbox 1775 711 1947 788; x_wconf 83' lang='lat' dir='ltr'><strong>tousiours,</strong></span> <span class='ocrx_word' id='word_1_300' title='bbox 1969 711 1998 773; x_wconf 90' lang='lat' dir='ltr'><strong>ie</strong></span> <span class='ocrx_word' id='word_1_301' title='bbox 2015 731 2057 774; x_wconf 90' lang='lat' dir='ltr'><strong>ne</strong></span> <span class='ocrx_word' id='word_1_302' title='bbox 2073 719 2166 775; x_wconf 83' lang='lat' dir='ltr'><strong>senta</strong></span> 
     </span>
     <span class='ocr_line' id='line_1_47' title="bbox 1194 795 2166 878; baseline 0.001 -21"><span class='ocrx_word' id='word_1_303' title='bbox 1194 795 1417 877; x_wconf 84' lang='lat' dir='ltr'><strong>quelqueslois</strong></span> <span class='ocrx_word' id='word_1_304' title='bbox 1435 815 1476 860; x_wconf 90' lang='lat' dir='ltr'><strong>cn</strong></span> <span class='ocrx_word' id='word_1_305' title='bbox 1495 815 1570 859; x_wconf 90' lang='lat' dir='ltr'><strong>mon</strong></span> <span class='ocrx_word' id='word_1_306' title='bbox 1588 816 1686 861; x_wconf 90' lang='lat' dir='ltr'><strong>coeur</strong></span> <span class='ocrx_word' id='word_1_307' title='bbox 1697 796 1853 878; x_wconf 89' lang='lat' dir='ltr'><strong>quelques</strong></span> <span class='ocrx_word' id='word_1_308' title='bbox 1868 797 2008 877; x_wconf 90' lang='lat' dir='ltr'><strong>pointes,</strong></span> <span class='ocrx_word' id='word_1_309' title='bbox 2028 796 2166 861; x_wconf 87' lang='lat' dir='ltr'><strong>d’amer-</strong></span> 
     </span>
     <span class='ocr_line' id='line_1_48' title="bbox 1196 877 2168 964; baseline 0.002 -21"><span class='ocrx_word' id='word_1_310' title='bbox 1196 892 1295 946; x_wconf 87' lang='lat' dir='ltr'><strong>tumc.</strong></span> <span class='ocrx_word' id='word_1_311' title='bbox 1319 881 1404 946; x_wconf 87' lang='lat' dir='ltr'><strong>Mais</strong></span> <span class='ocrx_word' id='word_1_312' title='bbox 1416 901 1533 945; x_wconf 90' lang='lat' dir='ltr'><strong>encore</strong></span> <span class='ocrx_word' id='word_1_313' title='bbox 1545 901 1581 944; x_wconf 88' lang='lat' dir='ltr'><strong>ce</strong></span> <span class='ocrx_word' id='word_1_314' title='bbox 1602 881 1904 964; x_wconf 83' lang='lat' dir='ltr'><strong>n&#39;estoitpasassez</strong></span> <span class='ocrx_word' id='word_1_315' title='bbox 1923 877 2043 945; x_wconf 87' lang='lat' dir='ltr'><strong>d’estre</strong></span> <span class='ocrx_word' id='word_1_316' title='bbox 2055 881 2168 945; x_wconf 84' lang='grc'><strong>1161116</strong></span> 
     </span>
     <span class='ocr_line' id='line_1_49' title="bbox 1196 965 2168 1049; baseline 0.001 -19"><span class='ocrx_word' id='word_1_317' title='bbox 1196 967 1279 1030; x_wconf 91' lang='lat' dir='ltr'><strong>ainsi</strong></span> <span class='ocrx_word' id='word_1_318' title='bbox 1309 965 1591 1031; x_wconf 88' lang='lat' dir='ltr'><strong>inhumsinement</strong></span> <span class='ocrx_word' id='word_1_319' title='bbox 1618 985 1678 1049; x_wconf 88' lang='lat' dir='ltr'><strong>par</strong></span> <span class='ocrx_word' id='word_1_320' title='bbox 1701 987 1770 1031; x_wconf 90' lang='lat' dir='ltr'><strong>mes</strong></span> <span class='ocrx_word' id='word_1_321' title='bbox 1789 967 1923 1045; x_wconf 86' lang='lat' dir='ltr'><strong>voisins,</strong></span> <span class='ocrx_word' id='word_1_322' title='bbox 1952 966 2047 1031; x_wconf 92' lang='lat' dir='ltr'><strong>sinon</strong></span> <span class='ocrx_word' id='word_1_323' title='bbox 2070 968 2168 1049; x_wconf 88' lang='lat' dir='ltr'><strong>qn&#39;en</strong></span> 
     </span>
     <span class='ocr_line' id='line_1_50' title="bbox 1196 1051 2167 1136; baseline 0.002 -20"><span class='ocrx_word' id='word_1_324' title='bbox 1196 1073 1242 1116; x_wconf 91' lang='lat' dir='ltr'><strong>un</strong></span> <span class='ocrx_word' id='word_1_325' title='bbox 1273 1073 1354 1136; x_wconf 88' lang='lat' dir='ltr'><strong>pays</strong></span> <span class='ocrx_word' id='word_1_326' title='bbox 1382 1051 1520 1116; x_wconf 89' lang='lat' dir='ltr'><strong>lointain</strong></span> <span class='ocrx_word' id='word_1_327' title='bbox 1541 1073 1617 1116; x_wconf 81' lang='lat' dir='ltr'><strong>vers</strong></span> <span class='ocrx_word' id='word_1_328' title='bbox 1646 1051 1678 1116; x_wconf 89' lang='lat' dir='ltr'><strong>la</strong></span> <span class='ocrx_word' id='word_1_329' title='bbox 1699 1073 1771 1116; x_wconf 91' lang='lat' dir='ltr'><strong>mer</strong></span> <span class='ocrx_word' id='word_1_330' title='bbox 1799 1053 1909 1135; x_wconf 86' lang='lat' dir='ltr'><strong>glacec</strong></span> <span class='ocrx_word' id='word_1_331' title='bbox 1937 1051 1969 1117; x_wconf 91' lang='lat' dir='ltr'><strong>le</strong></span> <span class='ocrx_word' id='word_1_332' title='bbox 1998 1063 2104 1134; x_wconf 88' lang='lat' dir='ltr'><strong>temps</strong></span> <span class='ocrx_word' id='word_1_333' title='bbox 2132 1072 2167 1118; x_wconf 85' lang='lat' dir='ltr'><strong>se</strong></span> 
     </span>
     <span class='ocr_line' id='line_1_51' title="bbox 1195 1137 2168 1223; baseline 0.001 -22"><span class='ocrx_word' id='word_1_334' title='bbox 1195 1139 1357 1202; x_wconf 89' lang='lat' dir='ltr'><strong>troublast</strong></span> <span class='ocrx_word' id='word_1_335' title='bbox 1377 1138 1465 1203; x_wconf 91' lang='lat' dir='ltr'><strong>aussi</strong></span> <span class='ocrx_word' id='word_1_336' title='bbox 1486 1139 1516 1201; x_wconf 89' lang='lat' dir='ltr'><strong>ie</strong></span> <span class='ocrx_word' id='word_1_337' title='bbox 1538 1159 1581 1201; x_wconf 92' lang='lat' dir='ltr'><strong>ne</strong></span> <span class='ocrx_word' id='word_1_338' title='bbox 1597 1157 1673 1223; x_wconf 84' lang='lat' dir='ltr'><strong>scay</strong></span> <span class='ocrx_word' id='word_1_339' title='bbox 1690 1147 1852 1203; x_wconf 88' lang='lat' dir='ltr'><strong>comment</strong></span> <span class='ocrx_word' id='word_1_340' title='bbox 1869 1154 1931 1220; x_wconf 90' lang='lat' dir='ltr'><strong>par</strong></span> <span class='ocrx_word' id='word_1_341' title='bbox 1947 1137 1979 1201; x_wconf 89' lang='lat' dir='ltr'><strong>la</strong></span> <span class='ocrx_word' id='word_1_342' title='bbox 1994 1137 2168 1220; x_wconf 91' lang='lat' dir='ltr'><strong>phrenesie</strong></span> 
     </span>
     <span class='ocr_line' id='line_1_52' title="bbox 1197 1222 2169 1307; baseline 0 -19"><span class='ocrx_word' id='word_1_343' title='bbox 1197 1223 1363 1303; x_wconf 89' lang='lat' dir='ltr'><strong>d&#39;auouns,</strong></span> <span class='ocrx_word' id='word_1_344' title='bbox 1391 1244 1474 1306; x_wconf 88' lang='lat' dir='ltr'><strong>pour</strong></span> <span class='ocrx_word' id='word_1_345' title='bbox 1503 1224 1576 1305; x_wconf 87' lang='lat' dir='ltr'><strong>puis</strong></span> <span class='ocrx_word' id='word_1_346' title='bbox 1606 1242 1700 1306; x_wconf 90' lang='lat' dir='ltr'><strong>apres</strong></span> <span class='ocrx_word' id='word_1_347' title='bbox 1728 1222 1808 1287; x_wconf 87' lang='lat' dir='ltr'><strong>faire</strong></span> <span class='ocrx_word' id='word_1_348' title='bbox 1837 1222 1929 1288; x_wconf 86' lang='lat' dir='ltr'><strong>lever</strong></span> <span class='ocrx_word' id='word_1_349' title='bbox 1957 1233 2069 1288; x_wconf 90' lang='lat' dir='ltr'><strong>contre</strong></span> <span class='ocrx_word' id='word_1_350' title='bbox 2091 1243 2169 1307; x_wconf 93' lang='lat' dir='ltr'><strong>moy</strong></span> 
     </span>
     <span class='ocr_line' id='line_1_53' title="bbox 1196 1308 2170 1392; baseline -0.001 -17"><span class='ocrx_word' id='word_1_351' title='bbox 1196 1330 1322 1375; x_wconf 89' lang='lat' dir='ltr'><strong>comme</strong></span> <span class='ocrx_word' id='word_1_352' title='bbox 1352 1328 1415 1373; x_wconf 88' lang='lat' dir='ltr'><strong>une</strong></span> <span class='ocrx_word' id='word_1_353' title='bbox 1444 1329 1527 1374; x_wconf 90' lang='lat' dir='ltr'><strong>nuee</strong></span> <span class='ocrx_word' id='word_1_354' title='bbox 1557 1309 1597 1373; x_wconf 89' lang='lat' dir='ltr'><strong>ds</strong></span> <span class='ocrx_word' id='word_1_355' title='bbox 1624 1329 1705 1392; x_wconf 84' lang='lat' dir='ltr'><strong>gens</strong></span> <span class='ocrx_word' id='word_1_356' title='bbox 1732 1310 1788 1389; x_wconf 92' lang='lat' dir='ltr'><strong>qui</strong></span> <span class='ocrx_word' id='word_1_357' title='bbox 1810 1317 1885 1374; x_wconf 89' lang='lat' dir='ltr'><strong>sont</strong></span> <span class='ocrx_word' id='word_1_358' title='bbox 1913 1317 1987 1392; x_wconf 86' lang='lat' dir='ltr'><strong>trop</strong></span> <span class='ocrx_word' id='word_1_359' title='bbox 2010 1308 2050 1373; x_wconf 90' lang='lat' dir='ltr'><strong>de</strong></span> <span class='ocrx_word' id='word_1_360' title='bbox 2072 1309 2170 1389; x_wconf 90' lang='lat' dir='ltr'><strong>loisir,</strong></span> 
     </span>
     <span class='ocr_line' id='line_1_54' title="bbox 1197 1393 2169 1478; baseline 0.001 -18"><span class='ocrx_word' id='word_1_361' title='bbox 1197 1407 1230 1460; x_wconf 89' lang='grc'><strong>61</strong></span> <span class='ocrx_word' id='word_1_362' title='bbox 1252 1398 1344 1459; x_wconf 84' lang='lat' dir='ltr'><strong>u&#39;o&#39;nt</strong></span> <span class='ocrx_word' id='word_1_363' title='bbox 1365 1416 1427 1478; x_wconf 91' lang='lat' dir='ltr'><strong>que</strong></span> <span class='ocrx_word' id='word_1_364' title='bbox 1448 1396 1528 1459; x_wconf 87' lang='lat' dir='ltr'><strong>l&#39;airc</strong></span> <span class='ocrx_word' id='word_1_365' title='bbox 1556 1394 1624 1458; x_wconf 91' lang='lat' dir='ltr'><strong>s’ils</strong></span> <span class='ocrx_word' id='word_1_366' title='bbox 1653 1415 1693 1458; x_wconf 90' lang='lat' dir='ltr'><strong>nc</strong></span> <span class='ocrx_word' id='word_1_367' title='bbox 1723 1393 2036 1460; x_wconf 89' lang='lat' dir='ltr'><strong>s&#39;escarmouschcnt</strong></span> <span class='ocrx_word' id='word_1_368' title='bbox 2058 1402 2079 1460; x_wconf 82' lang='grc'><strong>1</strong></span> <span class='ocrx_word' id='word_1_369' title='bbox 2100 1416 2169 1461; x_wconf 92' lang='lat' dir='ltr'><strong>em-</strong></span> 
     </span>
     <span class='ocr_line' id='line_1_55' title="bbox 1197 1478 2170 1564; baseline 0.002 -21"><span class='ocrx_word' id='word_1_370' title='bbox 1197 1479 1317 1564; x_wconf 90' lang='lat' dir='ltr'><strong>pcoher</strong></span> <span class='ocrx_word' id='word_1_371' title='bbox 1339 1502 1422 1545; x_wconf 88' lang='lat' dir='ltr'><strong>ceux</strong></span> <span class='ocrx_word' id='word_1_372' title='bbox 1445 1480 1499 1562; x_wconf 90' lang='lat' dir='ltr'><strong>qni</strong></span> <span class='ocrx_word' id='word_1_373' title='bbox 1522 1479 1711 1544; x_wconf 87' lang='lat' dir='ltr'><strong>travaillent</strong></span> <span class='ocrx_word' id='word_1_374' title='bbox 1734 1487 1755 1545; x_wconf 82' lang='grc'><strong>1</strong></span> <span class='ocrx_word' id='word_1_375' title='bbox 1776 1478 1972 1545; x_wconf 84' lang='lat' dir='ltr'><strong>edification.</strong></span> <span class='ocrx_word' id='word_1_376' title='bbox 2020 1479 2056 1544; x_wconf 88' lang='lat' dir='ltr'><strong>Ie</strong></span> <span class='ocrx_word' id='word_1_377' title='bbox 2079 1481 2170 1564; x_wconf 89' lang='lat' dir='ltr'><strong>parle</strong></span> 
     </span>
     <span class='ocr_line' id='line_1_56' title="bbox 1197 1565 2169 1649; baseline -0.002 -18"><span class='ocrx_word' id='word_1_378' title='bbox 1197 1586 1313 1632; x_wconf 88' lang='lat' dir='ltr'><strong>encore</strong></span> <span class='ocrx_word' id='word_1_379' title='bbox 1332 1566 1389 1630; x_wconf 90' lang='lat' dir='ltr'><strong>dos</strong></span> <span class='ocrx_word' id='word_1_380' title='bbox 1407 1565 1555 1630; x_wconf 89' lang='lat' dir='ltr'><strong>ennemis</strong></span> <span class='ocrx_word' id='word_1_381' title='bbox 1566 1565 1785 1648; x_wconf 91' lang='lat' dir='ltr'><strong>domestiques</strong></span> <span class='ocrx_word' id='word_1_382' title='bbox 1796 1565 1836 1630; x_wconf 90' lang='lat' dir='ltr'><strong>de</strong></span> <span class='ocrx_word' id='word_1_383' title='bbox 1854 1565 1997 1649; x_wconf 80' lang='lat' dir='ltr'><strong>l’Eglise,</strong></span> <span class='ocrx_word' id='word_1_384' title='bbox 2020 1567 2169 1631; x_wconf 80' lang='lat' dir='ltr'><strong>ascavoir</strong></span> 
     </span>
     <span class='ocr_line' id='line_1_57' title="bbox 1198 1650 2170 1734; baseline 0.001 -18"><span class='ocrx_word' id='word_1_385' title='bbox 1198 1651 1238 1716; x_wconf 92' lang='lat' dir='ltr'><strong>de</strong></span> <span class='ocrx_word' id='word_1_386' title='bbox 1260 1673 1344 1718; x_wconf 84' lang='lat' dir='ltr'><strong>ceux</strong></span> <span class='ocrx_word' id='word_1_387' title='bbox 1365 1652 1553 1733; x_wconf 89' lang='lat' dir='ltr'><strong>lesquelsse</strong></span> <span class='ocrx_word' id='word_1_388' title='bbox 1566 1650 1960 1718; x_wconf 85' lang='lat' dir='ltr'><strong>vantansbravemcntde</strong></span> <span class='ocrx_word' id='word_1_389' title='bbox 1982 1651 2170 1734; x_wconf 80' lang='lat' dir='ltr'><strong>l’Evangile</strong></span> 
     </span>
     <span class='ocr_line' id='line_1_58' title="bbox 1198 1737 2170 1822; baseline 0 -21"><span class='ocrx_word' id='word_1_390' title='bbox 1198 1737 1238 1802; x_wconf 89' lang='lat' dir='ltr'><strong>de</strong></span> <span class='ocrx_word' id='word_1_391' title='bbox 1262 1737 1384 1815; x_wconf 86' lang='lat' dir='ltr'><strong>Christ,</strong></span> <span class='ocrx_word' id='word_1_392' title='bbox 1413 1745 1568 1802; x_wconf 88' lang='lat' dir='ltr'><strong>seruent</strong></span> <span class='ocrx_word' id='word_1_393' title='bbox 1597 1746 1709 1801; x_wconf 89' lang='lat' dir='ltr'><strong>contre</strong></span> <span class='ocrx_word' id='word_1_394' title='bbox 1737 1757 1814 1822; x_wconf 89' lang='lat' dir='ltr'><strong>moy</strong></span> <span class='ocrx_word' id='word_1_395' title='bbox 1841 1737 1940 1802; x_wconf 90' lang='lat' dir='ltr'><strong>d&#39;une</strong></span> <span class='ocrx_word' id='word_1_396' title='bbox 1960 1737 2170 1819; x_wconf 77' lang='lat' dir='ltr'><strong>impetuosite</strong></span> 
     </span>
     <span class='ocr_line' id='line_1_59' title="bbox 1199 1821 2171 1908; baseline 0.002 -23"><span class='ocrx_word' id='word_1_397' title='bbox 1199 1824 1273 1908; x_wconf 92' lang='lat' dir='ltr'><strong>plus</strong></span> <span class='ocrx_word' id='word_1_398' title='bbox 1296 1821 1419 1905; x_wconf 81' lang='lat' dir='ltr'><strong>grande</strong></span> <span class='ocrx_word' id='word_1_399' title='bbox 1442 1843 1506 1905; x_wconf 92' lang='lat' dir='ltr'><strong>que</strong></span> <span class='ocrx_word' id='word_1_400' title='bbox 1528 1845 1569 1888; x_wconf 92' lang='lat' dir='ltr'><strong>ne</strong></span> <span class='ocrx_word' id='word_1_401' title='bbox 1591 1823 1663 1887; x_wconf 83' lang='lat' dir='ltr'><strong>font</strong></span> <span class='ocrx_word' id='word_1_402' title='bbox 1690 1843 1749 1905; x_wconf 88' lang='lat' dir='ltr'><strong>pas</strong></span> <span class='ocrx_word' id='word_1_403' title='bbox 1770 1822 1819 1888; x_wconf 90' lang='lat' dir='ltr'><strong>les</strong></span> <span class='ocrx_word' id='word_1_404' title='bbox 1839 1823 2044 1889; x_wconf 87' lang='lat' dir='ltr'><strong>adversaires</strong></span> <span class='ocrx_word' id='word_1_405' title='bbox 2066 1823 2171 1888; x_wconf 93' lang='lat' dir='ltr'><strong>mani·</strong></span> 
     </span>
    </p>
   </div>
   <div class='ocr_carea' id='block_1_11' title="bbox 1200 1907 2289 1992">
    <p class='ocr_par' dir='ltr' id='par_1_11' title="bbox 1200 1907 2289 1992">
     <span class='ocr_line' id='line_1_60' title="bbox 1200 1907 2289 1992; baseline 0.001 -18"><span class='ocrx_word' id='word_1_406' title='bbox 1200 1909 1315 1975; x_wconf 76' lang='lat' dir='ltr'><strong>scates:</strong></span> <span class='ocrx_word' id='word_1_407' title='bbox 1345 1919 1378 1973; x_wconf 92' lang='grc'><strong>61</strong></span> <span class='ocrx_word' id='word_1_408' title='bbox 1400 1908 1527 1974; x_wconf 87' lang='lat' dir='ltr'><strong>d’iceux</strong></span> <span class='ocrx_word' id='word_1_409' title='bbox 1555 1910 1584 1972; x_wconf 89' lang='lat' dir='ltr'><strong>ic</strong></span> <span class='ocrx_word' id='word_1_410' title='bbox 1613 1909 1688 1991; x_wconf 91' lang='lat' dir='ltr'><strong>puis</strong></span> <span class='ocrx_word' id='word_1_411' title='bbox 1709 1916 1871 1991; x_wconf 88' lang='lat' dir='ltr'><strong>protester</strong></span> <span class='ocrx_word' id='word_1_412' title='bbox 1893 1916 1914 1973; x_wconf 83' lang='grc'><strong>1</strong></span> <span class='ocrx_word' id='word_1_413' title='bbox 1936 1907 2109 1992; x_wconf 89' lang='lat' dir='ltr'><strong>l’excmple</strong></span> <span class='ocrx_word' id='word_1_414' title='bbox 2132 1907 2172 1972; x_wconf 90' lang='lat' dir='ltr'><strong>de</strong></span> <span class='ocrx_word' id='word_1_415' title='bbox 2286 1971 2289 1975; x_wconf 79' lang='grc'>,</span> 
     </span>
    </p>
   </div>
   <div class='ocr_carea' id='block_1_12' title="bbox 1199 1992 2174 5250">
    <p class='ocr_par' dir='ltr' id='par_1_12' title="bbox 1199 1992 2173 2934">
     <span class='ocr_line' id='line_1_61' title="bbox 1200 1992 2172 2078; baseline -0.001 -19"><span class='ocrx_word' id='word_1_416' title='bbox 1200 1992 1320 2071; x_wconf 87' lang='lat' dir='ltr'><strong>David,</strong></span> <span class='ocrx_word' id='word_1_417' title='bbox 1350 2015 1414 2078; x_wconf 90' lang='lat' dir='ltr'><strong>que</strong></span> <span class='ocrx_word' id='word_1_418' title='bbox 1435 1994 1546 2077; x_wconf 91' lang='lat' dir='ltr'><strong>quand</strong></span> <span class='ocrx_word' id='word_1_419' title='bbox 1566 1994 1597 2058; x_wconf 91' lang='lat' dir='ltr'><strong>ie</strong></span> <span class='ocrx_word' id='word_1_420' title='bbox 1619 1994 1757 2058; x_wconf 89' lang='lat' dir='ltr'><strong>cherchc</strong></span> <span class='ocrx_word' id='word_1_421' title='bbox 1779 1995 1866 2077; x_wconf 74' lang='lat' dir='ltr'><strong>pair,</strong></span> <span class='ocrx_word' id='word_1_422' title='bbox 1890 1995 1929 2058; x_wconf 91' lang='lat' dir='ltr'><strong>ils</strong></span> <span class='ocrx_word' id='word_1_423' title='bbox 1952 1996 2172 2059; x_wconf 81' lang='lat' dir='ltr'><strong>s¹esmeuvent</strong></span> 
     </span>
     <span class='ocr_line' id='line_1_62' title="bbox 1200 2078 2171 2164; baseline -0.001 -19"><span class='ocrx_word' id='word_1_424' title='bbox 1200 2087 1220 2145; x_wconf 80' lang='lat' dir='ltr'><strong>a</strong></span> <span class='ocrx_word' id='word_1_425' title='bbox 1250 2081 1330 2144; x_wconf 88' lang='lat' dir='ltr'><strong>faire</strong></span> <span class='ocrx_word' id='word_1_426' title='bbox 1358 2100 1485 2164; x_wconf 90' lang='lat' dir='ltr'><strong>guerre.</strong></span> <span class='ocrx_word' id='word_1_427' title='bbox 1529 2078 1578 2144; x_wconf 89' lang='lat' dir='ltr'><strong>Or</strong></span> <span class='ocrx_word' id='word_1_428' title='bbox 1607 2079 1831 2163; x_wconf 86' lang='lat' dir='ltr'><strong>l&#39;ingratitude</strong></span> <span class='ocrx_word' id='word_1_429' title='bbox 1861 2081 1998 2145; x_wconf 89' lang='lat' dir='ltr'><strong>barbaro</strong></span> <span class='ocrx_word' id='word_1_430' title='bbox 2027 2079 2067 2143; x_wconf 92' lang='lat' dir='ltr'><strong>de</strong></span> <span class='ocrx_word' id='word_1_431' title='bbox 2098 2089 2171 2145; x_wconf 87' lang='lat' dir='ltr'><strong>tous</strong></span> 
     </span>
     <span class='ocr_line' id='line_1_63' title="bbox 1200 2165 2172 2249; baseline -0.002 -18"><span class='ocrx_word' id='word_1_432' title='bbox 1200 2165 1334 2231; x_wconf 87' lang='lat' dir='ltr'><strong>ceux-la</strong></span> <span class='ocrx_word' id='word_1_433' title='bbox 1361 2187 1396 2231; x_wconf 92' lang='lat' dir='ltr'><strong>se</strong></span> <span class='ocrx_word' id='word_1_434' title='bbox 1426 2176 1580 2242; x_wconf 88' lang='lat' dir='ltr'><strong>monstra,</strong></span> <span class='ocrx_word' id='word_1_435' title='bbox 1611 2187 1651 2229; x_wconf 92' lang='lat' dir='ltr'><strong>en</strong></span> <span class='ocrx_word' id='word_1_436' title='bbox 1680 2186 1716 2230; x_wconf 90' lang='lat' dir='ltr'><strong>ce</strong></span> <span class='ocrx_word' id='word_1_437' title='bbox 1739 2165 1835 2248; x_wconf 92' lang='lat' dir='ltr'><strong>qu&#39;ils</strong></span> <span class='ocrx_word' id='word_1_438' title='bbox 1858 2187 1901 2230; x_wconf 93' lang='lat' dir='ltr'><strong>ne</strong></span> <span class='ocrx_word' id='word_1_439' title='bbox 1922 2166 1996 2230; x_wconf 87' lang='lat' dir='ltr'><strong>font</strong></span> <span class='ocrx_word' id='word_1_440' title='bbox 2018 2165 2110 2249; x_wconf 94' lang='lat' dir='ltr'><strong>point</strong></span> <span class='ocrx_word' id='word_1_441' title='bbox 2132 2165 2172 2229; x_wconf 92' lang='lat' dir='ltr'><strong>de</strong></span> 
     </span>
     <span class='ocr_line' id='line_1_64' title="bbox 1200 2249 2173 2334; baseline 0.002 -20"><span class='ocrx_word' id='word_1_442' title='bbox 1200 2250 1358 2316; x_wconf 81' lang='lat' dir='ltr'><strong>difficulte</strong></span> <span class='ocrx_word' id='word_1_443' title='bbox 1377 2249 1552 2314; x_wconf 85' lang='lat' dir='ltr'><strong>d&#39;assaillir</strong></span> <span class='ocrx_word' id='word_1_444' title='bbox 1574 2257 1607 2315; x_wconf 90' lang='lat' dir='ltr'><strong>et</strong></span> <span class='ocrx_word' id='word_1_445' title='bbox 1625 2257 1645 2315; x_wconf 81' lang='lat' dir='ltr'><strong>a</strong></span> <span class='ocrx_word' id='word_1_446' title='bbox 1666 2259 1754 2315; x_wconf 79' lang='lat' dir='ltr'><strong>coste</strong></span> <span class='ocrx_word' id='word_1_447' title='bbox 1772 2262 1806 2316; x_wconf 90' lang='lat' dir='ltr'><strong>et</strong></span> <span class='ocrx_word' id='word_1_448' title='bbox 1823 2272 1882 2333; x_wconf 88' lang='lat' dir='ltr'><strong>par</strong></span> <span class='ocrx_word' id='word_1_449' title='bbox 1900 2251 2052 2326; x_wconf 89' lang='lat' dir='ltr'><strong>derriere,</strong></span> <span class='ocrx_word' id='word_1_450' title='bbox 2076 2251 2173 2334; x_wconf 88' lang='lat' dir='ltr'><strong>celuy</strong></span> 
     </span>
     <span class='ocr_line' id='line_1_65' title="bbox 1199 2335 2173 2421; baseline 0.002 -22"><span class='ocrx_word' id='word_1_451' title='bbox 1199 2336 1305 2419; x_wconf 90' lang='lat' dir='ltr'><strong>lequel</strong></span> <span class='ocrx_word' id='word_1_452' title='bbox 1323 2335 1500 2421; x_wconf 88' lang='lat' dir='ltr'><strong>s’employe</strong></span> <span class='ocrx_word' id='word_1_453' title='bbox 1521 2336 1588 2399; x_wconf 85' lang='lat' dir='ltr'><strong>fort</strong></span> <span class='ocrx_word' id='word_1_454' title='bbox 1607 2356 1748 2400; x_wconf 89' lang='lat' dir='ltr'><strong>mesmes</strong></span> <span class='ocrx_word' id='word_1_455' title='bbox 1766 2344 1787 2400; x_wconf 75' lang='lat' dir='ltr'><strong>a</strong></span> <span class='ocrx_word' id='word_1_456' title='bbox 1803 2339 1982 2401; x_wconf 89' lang='lat' dir='ltr'><strong>maiutenir</strong></span> <span class='ocrx_word' id='word_1_457' title='bbox 2000 2358 2064 2400; x_wconf 89' lang='lat' dir='ltr'><strong>unc</strong></span> <span class='ocrx_word' id='word_1_458' title='bbox 2076 2357 2173 2403; x_wconf 88' lang='lat' dir='ltr'><strong>cause</strong></span> 
     </span>
     <span class='ocr_line' id='line_1_66' title="bbox 1199 2421 2172 2506; baseline 0.002 -21"><span class='ocrx_word' id='word_1_459' title='bbox 1199 2421 1294 2504; x_wconf 91' lang='lat' dir='ltr'><strong>qu&#39;ils</strong></span> <span class='ocrx_word' id='word_1_460' title='bbox 1331 2432 1389 2486; x_wconf 89' lang='lat' dir='ltr'><strong>ont</strong></span> <span class='ocrx_word' id='word_1_461' title='bbox 1410 2441 1582 2485; x_wconf 89' lang='lat' dir='ltr'><strong>commune</strong></span> <span class='ocrx_word' id='word_1_462' title='bbox 1609 2440 1688 2486; x_wconf 85' lang='lat' dir='ltr'><strong>avec</strong></span> <span class='ocrx_word' id='word_1_463' title='bbox 1710 2422 1776 2506; x_wconf 86' lang='lat' dir='ltr'><strong>luy,</strong></span> <span class='ocrx_word' id='word_1_464' title='bbox 1806 2423 1917 2504; x_wconf 89' lang='lat' dir='ltr'><strong>etqui</strong></span> <span class='ocrx_word' id='word_1_465' title='bbox 1941 2434 2094 2504; x_wconf 89' lang='lat' dir='ltr'><strong>pourtant</strong></span> <span class='ocrx_word' id='word_1_466' title='bbox 2116 2423 2172 2487; x_wconf 88' lang='lat' dir='ltr'><strong>de·</strong></span> 
     </span>
     <span class='ocr_line' id='line_1_67' title="bbox 1200 2505 2173 2593; baseline -0.001 -21"><span class='ocrx_word' id='word_1_467' title='bbox 1200 2510 1268 2572; x_wconf 86' lang='lat' dir='ltr'><strong>voit</strong></span> <span class='ocrx_word' id='word_1_468' title='bbox 1297 2529 1357 2593; x_wconf 93' lang='lat' dir='ltr'><strong>par</strong></span> <span class='ocrx_word' id='word_1_469' title='bbox 1379 2528 1443 2572; x_wconf 86' lang='lat' dir='ltr'><strong>eux</strong></span> <span class='ocrx_word' id='word_1_470' title='bbox 1472 2516 1558 2571; x_wconf 90' lang='lat' dir='ltr'><strong>estre</strong></span> <span class='ocrx_word' id='word_1_471' title='bbox 1589 2505 1662 2570; x_wconf 78' lang='lat' dir='ltr'><strong>aida</strong></span> <span class='ocrx_word' id='word_1_472' title='bbox 1692 2516 1725 2570; x_wconf 90' lang='lat' dir='ltr'><strong>et</strong></span> <span class='ocrx_word' id='word_1_473' title='bbox 1753 2527 1898 2571; x_wconf 89' lang='lat' dir='ltr'><strong>secouru.</strong></span> <span class='ocrx_word' id='word_1_474' title='bbox 1939 2505 2054 2573; x_wconf 83' lang='lat' dir='ltr'><strong>Oertes</strong></span> <span class='ocrx_word' id='word_1_475' title='bbox 2076 2509 2173 2590; x_wconf 88' lang='lat' dir='ltr'><strong>s’ily</strong></span> 
     </span>
     <span class='ocr_line' id='line_1_68' title="bbox 1200 2591 2173 2674; baseline -0.003 -15"><span class='ocrx_word' id='word_1_476' title='bbox 1200 2595 1289 2659; x_wconf 86' lang='lat' dir='ltr'><strong>avoit</strong></span> <span class='ocrx_word' id='word_1_477' title='bbox 1311 2615 1352 2657; x_wconf 92' lang='lat' dir='ltr'><strong>en</strong></span> <span class='ocrx_word' id='word_1_478' title='bbox 1372 2592 1464 2658; x_wconf 89' lang='lat' dir='ltr'><strong>telles</strong></span> <span class='ocrx_word' id='word_1_479' title='bbox 1483 2612 1640 2672; x_wconf 79' lang='lat' dir='ltr'><strong>gensune</strong></span> <span class='ocrx_word' id='word_1_480' title='bbox 1652 2600 1765 2674; x_wconf 85' lang='lat' dir='ltr'><strong>goutte</strong></span> <span class='ocrx_word' id='word_1_481' title='bbox 1777 2591 1991 2672; x_wconf 73' lang='lat' dir='ltr'><strong>d’bnmanitq</strong></span> <span class='ocrx_word' id='word_1_482' title='bbox 2013 2593 2044 2659; x_wconf 90' lang='lat' dir='ltr'><strong>la</strong></span> <span class='ocrx_word' id='word_1_483' title='bbox 2060 2594 2173 2658; x_wconf 88' lang='lat' dir='ltr'><strong>fureur</strong></span> 
     </span>
     <span class='ocr_line' id='line_1_69' title="bbox 1201 2677 2172 2763; baseline 0 -19"><span class='ocrx_word' id='word_1_484' title='bbox 1201 2680 1257 2744; x_wconf 92' lang='lat' dir='ltr'><strong>dcs</strong></span> <span class='ocrx_word' id='word_1_485' title='bbox 1282 2679 1432 2761; x_wconf 87' lang='lat' dir='ltr'><strong>Papistes</strong></span> <span class='ocrx_word' id='word_1_486' title='bbox 1452 2679 1508 2760; x_wconf 93' lang='lat' dir='ltr'><strong>qui</strong></span> <span class='ocrx_word' id='word_1_487' title='bbox 1537 2698 1572 2743; x_wconf 90' lang='lat' dir='ltr'><strong>se</strong></span> <span class='ocrx_word' id='word_1_488' title='bbox 1594 2678 1674 2742; x_wconf 89' lang='lat' dir='ltr'><strong>ictte</strong></span> <span class='ocrx_word' id='word_1_489' title='bbox 1702 2687 1816 2742; x_wconf 88' lang='lat' dir='ltr'><strong>contre</strong></span> <span class='ocrx_word' id='word_1_490' title='bbox 1844 2698 1921 2762; x_wconf 87' lang='lat' dir='ltr'><strong>moy</strong></span> <span class='ocrx_word' id='word_1_491' title='bbox 1951 2677 2048 2743; x_wconf 91' lang='lat' dir='ltr'><strong>d’une</strong></span> <span class='ocrx_word' id='word_1_492' title='bbox 2071 2680 2172 2763; x_wconf 93' lang='lat' dir='ltr'><strong>impe-</strong></span> 
     </span>
     <span class='ocr_line' id='line_1_70' title="bbox 1200 2762 2173 2849; baseline 0.003 -21"><span class='ocrx_word' id='word_1_493' title='bbox 1200 2766 1321 2829; x_wconf 80' lang='lat' dir='ltr'><strong>tuosite</strong></span> <span class='ocrx_word' id='word_1_494' title='bbox 1352 2763 1539 2840; x_wconf 87' lang='lat' dir='ltr'><strong>desbordce,</strong></span> <span class='ocrx_word' id='word_1_495' title='bbox 1569 2762 1678 2829; x_wconf 81' lang='lat' dir='ltr'><strong>deruit</strong></span> <span class='ocrx_word' id='word_1_496' title='bbox 1707 2764 1858 2847; x_wconf 90' lang='lat' dir='ltr'><strong>appaiscr</strong></span> <span class='ocrx_word' id='word_1_497' title='bbox 1884 2773 1992 2829; x_wconf 88' lang='lat' dir='ltr'><strong>tontes</strong></span> <span class='ocrx_word' id='word_1_498' title='bbox 2024 2765 2069 2829; x_wconf 90' lang='lat' dir='ltr'><strong>les</strong></span> <span class='ocrx_word' id='word_1_499' title='bbox 2099 2766 2173 2849; x_wconf 92' lang='lat' dir='ltr'><strong>plus</strong></span> 
     </span>
     <span class='ocr_line' id='line_1_71' title="bbox 1201 2849 1960 2934; baseline -0.003 -18"><span class='ocrx_word' id='word_1_500' title='bbox 1201 2851 1341 2934; x_wconf 87' lang='lat' dir='ltr'><strong>grandes</strong></span> <span class='ocrx_word' id='word_1_501' title='bbox 1363 2850 1478 2914; x_wconf 82' lang='lat' dir='ltr'><strong>heines</strong></span> <span class='ocrx_word' id='word_1_502' title='bbox 1501 2849 1595 2932; x_wconf 91' lang='lat' dir='ltr'><strong>qu’ils</strong></span> <span class='ocrx_word' id='word_1_503' title='bbox 1617 2861 1717 2932; x_wconf 86' lang='lat' dir='ltr'><strong>ayent</strong></span> <span class='ocrx_word' id='word_1_504' title='bbox 1739 2859 1851 2914; x_wconf 89' lang='lat' dir='ltr'><strong>contre</strong></span> <span class='ocrx_word' id='word_1_505' title='bbox 1873 2869 1960 2914; x_wconf 80' lang='lat' dir='ltr'><strong>mor.</strong></span> 
     </span>
    </p>

    <p class='ocr_par' dir='ltr' id='par_1_13' title="bbox 1199 2916 2174 4303">
     <span class='ocr_line' id='line_1_72' title="bbox 1287 2916 2173 3019; baseline 0.005 -20"><span class='ocrx_word' id='word_1_506' title='bbox 1287 2935 1373 3000; x_wconf 86' lang='lat' dir='ltr'><strong>Mais</strong></span> <span class='ocrx_word' id='word_1_507' title='bbox 1401 2934 1477 3019; x_wconf 92' lang='lat' dir='ltr'><strong>puis</strong></span> <span class='ocrx_word' id='word_1_508' title='bbox 1506 2955 1568 3016; x_wconf 90' lang='lat' dir='ltr'><strong>quc</strong></span> <span class='ocrx_word' id='word_1_509' title='bbox 1596 2932 1629 2999; x_wconf 89' lang='lat' dir='ltr'><strong>la</strong></span> <span class='ocrx_word' id='word_1_510' title='bbox 1656 2934 1821 3000; x_wconf 84' lang='lat' dir='ltr'><strong>condition</strong></span> <span class='ocrx_word' id='word_1_511' title='bbox 1852 2934 1891 2999; x_wconf 90' lang='lat' dir='ltr'><strong>dc</strong></span> <span class='ocrx_word' id='word_1_512' title='bbox 1920 2916 2029 3001; x_wconf 73' lang='lat' dir='ltr'><strong>David</strong></span> <span class='ocrx_word' id='word_1_513' title='bbox 2057 2957 2077 3000; x_wconf 92' lang='lat' dir='ltr'><strong>a</strong></span> <span class='ocrx_word' id='word_1_514' title='bbox 2104 2946 2173 3003; x_wconf 88' lang='lat' dir='ltr'><strong>este</strong></span> 
     </span>
     <span class='ocr_line' id='line_1_73' title="bbox 1201 3019 2174 3106; baseline 0.002 -20"><span class='ocrx_word' id='word_1_515' title='bbox 1201 3021 1288 3103; x_wconf 86' lang='lat' dir='ltr'><strong>telle,</strong></span> <span class='ocrx_word' id='word_1_516' title='bbox 1311 3022 1467 3106; x_wconf 88' lang='lat' dir='ltr'><strong>qu’ayant</strong></span> <span class='ocrx_word' id='word_1_517' title='bbox 1488 3021 1548 3084; x_wconf 84' lang='lat' dir='ltr'><strong>fait</strong></span> <span class='ocrx_word' id='word_1_518' title='bbox 1570 3020 1735 3104; x_wconf 88' lang='lat' dir='ltr'><strong>beaucoup</strong></span> <span class='ocrx_word' id='word_1_519' title='bbox 1759 3019 1798 3084; x_wconf 89' lang='lat' dir='ltr'><strong>de</strong></span> <span class='ocrx_word' id='word_1_520' title='bbox 1821 3020 1934 3102; x_wconf 89' lang='lat' dir='ltr'><strong>plaisir</strong></span> <span class='ocrx_word' id='word_1_521' title='bbox 1957 3029 1988 3086; x_wconf 88' lang='lat' dir='ltr'><strong>st</strong></span> <span class='ocrx_word' id='word_1_522' title='bbox 2010 3025 2131 3106; x_wconf 88' lang='lat' dir='ltr'><strong>proufit</strong></span> <span class='ocrx_word' id='word_1_523' title='bbox 2153 3029 2174 3088; x_wconf 80' lang='grc'><strong>1,</strong></span> 
     </span>
     <span class='ocr_line' id='line_1_74' title="bbox 1201 3104 2173 3192; baseline 0.001 -20"><span class='ocrx_word' id='word_1_524' title='bbox 1201 3128 1260 3173; x_wconf 88' lang='lat' dir='ltr'><strong>son</strong></span> <span class='ocrx_word' id='word_1_525' title='bbox 1292 3107 1417 3190; x_wconf 88' lang='lat' dir='ltr'><strong>pcuple,</strong></span> <span class='ocrx_word' id='word_1_526' title='bbox 1447 3104 1511 3169; x_wconf 88' lang='lat' dir='ltr'><strong>ila</strong></span> <span class='ocrx_word' id='word_1_527' title='bbox 1542 3105 1709 3169; x_wconf 85' lang='lat' dir='ltr'><strong>toutesfois</strong></span> <span class='ocrx_word' id='word_1_528' title='bbox 1731 3126 1807 3169; x_wconf 88' lang='lat' dir='ltr'><strong>sans</strong></span> <span class='ocrx_word' id='word_1_529' title='bbox 1837 3108 1985 3170; x_wconf 85' lang='lat' dir='ltr'><strong>occasion</strong></span> <span class='ocrx_word' id='word_1_530' title='bbox 2014 3117 2083 3173; x_wconf 89' lang='lat' dir='ltr'><strong>esta</strong></span> <span class='ocrx_word' id='word_1_531' title='bbox 2106 3108 2173 3192; x_wconf 94' lang='lat' dir='ltr'><strong>hay</strong></span> 
     </span>
     <span class='ocr_line' id='line_1_75' title="bbox 1201 3189 2172 3276; baseline 0.003 -20"><span class='ocrx_word' id='word_1_532' title='bbox 1201 3192 1241 3256; x_wconf 88' lang='lat' dir='ltr'><strong>de</strong></span> <span class='ocrx_word' id='word_1_533' title='bbox 1270 3191 1434 3275; x_wconf 85' lang='lat' dir='ltr'><strong>plusieurs</strong></span> <span class='ocrx_word' id='word_1_534' title='bbox 1462 3197 1602 3265; x_wconf 87' lang='lat' dir='ltr'><strong>(comme</strong></span> <span class='ocrx_word' id='word_1_535' title='bbox 1629 3189 1652 3252; x_wconf 91' lang='lat' dir='ltr'><strong>il</strong></span> <span class='ocrx_word' id='word_1_536' title='bbox 1676 3210 1710 3253; x_wconf 89' lang='lat' dir='ltr'><strong>se</strong></span> <span class='ocrx_word' id='word_1_537' title='bbox 1733 3190 1917 3273; x_wconf 91' lang='lat' dir='ltr'><strong>complaind</strong></span> <span class='ocrx_word' id='word_1_538' title='bbox 1945 3192 2024 3275; x_wconf 86' lang='lat' dir='ltr'><strong>qu’il</strong></span> <span class='ocrx_word' id='word_1_539' title='bbox 2047 3215 2066 3257; x_wconf 86' lang='lat' dir='ltr'><strong>a</strong></span> <span class='ocrx_word' id='word_1_540' title='bbox 2087 3202 2172 3276; x_wconf 80' lang='lat' dir='ltr'><strong>payt</strong></span> 
     </span>
     <span class='ocr_line' id='line_1_76' title="bbox 1201 3274 2172 3360; baseline 0 -17"><span class='ocrx_word' id='word_1_541' title='bbox 1201 3298 1237 3344; x_wconf 88' lang='lat' dir='ltr'><strong>ce</strong></span> <span class='ocrx_word' id='word_1_542' title='bbox 1260 3277 1336 3360; x_wconf 91' lang='lat' dir='ltr'><strong>qu’il</strong></span> <span class='ocrx_word' id='word_1_543' title='bbox 1365 3277 1488 3340; x_wconf 90' lang='lat' dir='ltr'><strong>n&#39;avoit</strong></span> <span class='ocrx_word' id='word_1_544' title='bbox 1515 3275 1609 3358; x_wconf 92' lang='lat' dir='ltr'><strong>point</strong></span> <span class='ocrx_word' id='word_1_545' title='bbox 1637 3274 1722 3359; x_wconf 88' lang='lat' dir='ltr'><strong>ravi)</strong></span> <span class='ocrx_word' id='word_1_546' title='bbox 1745 3276 1854 3357; x_wconf 91' lang='lat' dir='ltr'><strong>quand</strong></span> <span class='ocrx_word' id='word_1_547' title='bbox 1884 3277 1989 3341; x_wconf 90' lang='lat' dir='ltr'><strong>ieme</strong></span> <span class='ocrx_word' id='word_1_548' title='bbox 2019 3279 2086 3342; x_wconf 91' lang='lat' dir='ltr'><strong>suis</strong></span> <span class='ocrx_word' id='word_1_549' title='bbox 2109 3300 2172 3343; x_wconf 86' lang='lat' dir='ltr'><strong>vau</strong></span> 
     </span>
     <span class='ocr_line' id='line_1_77' title="bbox 1199 3360 2172 3447; baseline 0.003 -20"><span class='ocrx_word' id='word_1_550' title='bbox 1199 3384 1278 3428; x_wconf 90' lang='lat' dir='ltr'><strong>sans</strong></span> <span class='ocrx_word' id='word_1_551' title='bbox 1302 3381 1398 3427; x_wconf 89' lang='lat' dir='ltr'><strong>cause</strong></span> <span class='ocrx_word' id='word_1_552' title='bbox 1420 3373 1505 3427; x_wconf 89' lang='lat' dir='ltr'><strong>estre</strong></span> <span class='ocrx_word' id='word_1_553' title='bbox 1523 3360 1644 3426; x_wconf 91' lang='lat' dir='ltr'><strong>assailli</strong></span> <span class='ocrx_word' id='word_1_554' title='bbox 1664 3360 1721 3426; x_wconf 90' lang='lat' dir='ltr'><strong>des</strong></span> <span class='ocrx_word' id='word_1_555' title='bbox 1739 3360 1854 3428; x_wconf 89' lang='lat' dir='ltr'><strong>hainea</strong></span> <span class='ocrx_word' id='word_1_556' title='bbox 1872 3362 1913 3427; x_wconf 90' lang='lat' dir='ltr'><strong>de</strong></span> <span class='ocrx_word' id='word_1_557' title='bbox 1930 3383 2013 3428; x_wconf 90' lang='lat' dir='ltr'><strong>ceux</strong></span> <span class='ocrx_word' id='word_1_558' title='bbox 2031 3364 2172 3447; x_wconf 89' lang='lat' dir='ltr'><strong>lesquels</strong></span> 
     </span>
     <span class='ocr_line' id='line_1_78' title="bbox 1201 3447 2173 3532; baseline 0.002 -19"><span class='ocrx_word' id='word_1_559' title='bbox 1201 3470 1254 3513; x_wconf 95' lang='lat' dir='ltr'><strong>me</strong></span> <span class='ocrx_word' id='word_1_560' title='bbox 1282 3447 1445 3532; x_wconf 84' lang='lat' dir='ltr'><strong>dcvoyent</strong></span> <span class='ocrx_word' id='word_1_561' title='bbox 1469 3447 1559 3512; x_wconf 90' lang='lat' dir='ltr'><strong>aider</strong></span> <span class='ocrx_word' id='word_1_562' title='bbox 1589 3459 1622 3512; x_wconf 91' lang='lat' dir='ltr'><strong>et</strong></span> <span class='ocrx_word' id='word_1_563' title='bbox 1649 3447 1817 3531; x_wconf 86' lang='lat' dir='ltr'><strong>soulager,</strong></span> <span class='ocrx_word' id='word_1_564' title='bbox 1854 3469 1891 3514; x_wconf 89' lang='lat' dir='ltr'><strong>co</strong></span> <span class='ocrx_word' id='word_1_565' title='bbox 1921 3447 1986 3514; x_wconf 89' lang='lat' dir='ltr'><strong>m’a</strong></span> <span class='ocrx_word' id='word_1_566' title='bbox 2015 3458 2083 3515; x_wconf 89' lang='lat' dir='ltr'><strong>este</strong></span> <span class='ocrx_word' id='word_1_567' title='bbox 2108 3472 2173 3515; x_wconf 88' lang='lat' dir='ltr'><strong>unc</strong></span> 
     </span>
     <span class='ocr_line' id='line_1_79' title="bbox 1201 3532 2172 3619; baseline 0.002 -19"><span class='ocrx_word' id='word_1_568' title='bbox 1201 3533 1327 3618; x_wconf 86' lang='lat' dir='ltr'><strong>grande</strong></span> <span class='ocrx_word' id='word_1_569' title='bbox 1355 3535 1557 3599; x_wconf 87' lang='lat' dir='ltr'><strong>consolation</strong></span> <span class='ocrx_word' id='word_1_570' title='bbox 1587 3532 1627 3596; x_wconf 90' lang='lat' dir='ltr'><strong>de</strong></span> <span class='ocrx_word' id='word_1_571' title='bbox 1656 3554 1708 3597; x_wconf 88' lang='lat' dir='ltr'><strong>me</strong></span> <span class='ocrx_word' id='word_1_572' title='bbox 1738 3534 1922 3598; x_wconf 82' lang='lat' dir='ltr'><strong>conformer</strong></span> <span class='ocrx_word' id='word_1_573' title='bbox 1950 3542 1971 3599; x_wconf 80' lang='lat' dir='ltr'><strong>a</strong></span> <span class='ocrx_word' id='word_1_574' title='bbox 1999 3535 2172 3619; x_wconf 86' lang='lat' dir='ltr'><strong>l&#39;cxemple</strong></span> 
     </span>
     <span class='ocr_line' id='line_1_80' title="bbox 1203 3618 2173 3703; baseline 0.004 -19"><span class='ocrx_word' id='word_1_575' title='bbox 1203 3619 1280 3686; x_wconf 86' lang='lat' dir='ltr'><strong>d&#39;un</strong></span> <span class='ocrx_word' id='word_1_576' title='bbox 1304 3621 1347 3685; x_wconf 86' lang='lat' dir='ltr'><strong>tel</strong></span> <span class='ocrx_word' id='word_1_577' title='bbox 1371 3639 1576 3703; x_wconf 89' lang='lat' dir='ltr'><strong>personnage</strong></span> <span class='ocrx_word' id='word_1_578' title='bbox 1595 3628 1627 3682; x_wconf 89' lang='grc'><strong>61</strong></span> <span class='ocrx_word' id='word_1_579' title='bbox 1648 3619 1676 3682; x_wconf 84' lang='grc'><strong>61</strong></span> <span class='ocrx_word' id='word_1_580' title='bbox 1695 3618 1864 3683; x_wconf 89' lang='lat' dir='ltr'><strong>excellent.</strong></span> <span class='ocrx_word' id='word_1_581' title='bbox 1887 3620 1933 3683; x_wconf 83' lang='grc'><strong>111</strong></span> <span class='ocrx_word' id='word_1_582' title='bbox 1951 3632 2173 3688; x_wconf 89' lang='lat' dir='ltr'><strong>mesmeoeste</strong></span> 
     </span>
     <span class='ocr_line' id='line_1_81' title="bbox 1201 3704 2172 3791; baseline 0.002 -19"><span class='ocrx_word' id='word_1_583' title='bbox 1201 3709 1431 3791; x_wconf 90' lang='lat' dir='ltr'><strong>cogneissanoe</strong></span> <span class='ocrx_word' id='word_1_584' title='bbox 1457 3715 1488 3769; x_wconf 91' lang='grc'><strong>61</strong></span> <span class='ocrx_word' id='word_1_585' title='bbox 1518 3705 1709 3786; x_wconf 83' lang='lat' dir='ltr'><strong>experiente</strong></span> <span class='ocrx_word' id='word_1_586' title='bbox 1732 3708 1797 3768; x_wconf 90' lang='lat' dir='ltr'><strong>m’a</strong></span> <span class='ocrx_word' id='word_1_587' title='bbox 1828 3704 1868 3768; x_wconf 90' lang='lat' dir='ltr'><strong>de</strong></span> <span class='ocrx_word' id='word_1_588' title='bbox 1899 3704 2064 3789; x_wconf 85' lang='lat' dir='ltr'><strong>beaucoup</strong></span> <span class='ocrx_word' id='word_1_589' title='bbox 2084 3709 2172 3774; x_wconf 83' lang='lat' dir='ltr'><strong>servi</strong></span> 
     </span>
     <span class='ocr_line' id='line_1_82' title="bbox 1202 3790 2171 3879; baseline 0 -22"><span class='ocrx_word' id='word_1_590' title='bbox 1202 3814 1283 3874; x_wconf 92' lang='lat' dir='ltr'><strong>pour</strong></span> <span class='ocrx_word' id='word_1_591' title='bbox 1311 3791 1468 3857; x_wconf 86' lang='lat' dir='ltr'><strong>entendre</strong></span> <span class='ocrx_word' id='word_1_592' title='bbox 1497 3790 1544 3854; x_wconf 87' lang='lat' dir='ltr'><strong>les</strong></span> <span class='ocrx_word' id='word_1_593' title='bbox 1574 3790 1759 3867; x_wconf 88' lang='lat' dir='ltr'><strong>Pseaumes,</strong></span> <span class='ocrx_word' id='word_1_594' title='bbox 1791 3792 1856 3854; x_wconf 86' lang='lat' dir='ltr'><strong>alin</strong></span> <span class='ocrx_word' id='word_1_595' title='bbox 1886 3812 1949 3873; x_wconf 91' lang='lat' dir='ltr'><strong>que</strong></span> <span class='ocrx_word' id='word_1_596' title='bbox 1980 3793 2009 3854; x_wconf 90' lang='lat' dir='ltr'><strong>ic</strong></span> <span class='ocrx_word' id='word_1_597' title='bbox 2039 3813 2081 3857; x_wconf 91' lang='lat' dir='ltr'><strong>ne</strong></span> <span class='ocrx_word' id='word_1_598' title='bbox 2104 3797 2171 3879; x_wconf 87' lang='lat' dir='ltr'><strong>m’y</strong></span> 
     </span>
     <span class='ocr_line' id='line_1_83' title="bbox 1202 3877 2169 3962; baseline 0.004 -21"><span class='ocrx_word' id='word_1_599' title='bbox 1202 3888 1370 3942; x_wconf 90' lang='lat' dir='ltr'><strong>trouvasse</strong></span> <span class='ocrx_word' id='word_1_600' title='bbox 1393 3885 1466 3958; x_wconf 91' lang='lat' dir='ltr'><strong>trop</strong></span> <span class='ocrx_word' id='word_1_601' title='bbox 1485 3895 1634 3939; x_wconf 90' lang='lat' dir='ltr'><strong>nouveau</strong></span> <span class='ocrx_word' id='word_1_602' title='bbox 1652 3894 1778 3938; x_wconf 89' lang='lat' dir='ltr'><strong>comme</strong></span> <span class='ocrx_word' id='word_1_603' title='bbox 1790 3896 1829 3938; x_wconf 89' lang='lat' dir='ltr'><strong>cn</strong></span> <span class='ocrx_word' id='word_1_604' title='bbox 1850 3895 1894 3939; x_wconf 92' lang='lat' dir='ltr'><strong>un</strong></span> <span class='ocrx_word' id='word_1_605' title='bbox 1911 3896 1994 3960; x_wconf 87' lang='lat' dir='ltr'><strong>pays</strong></span> <span class='ocrx_word' id='word_1_606' title='bbox 2016 3877 2169 3962; x_wconf 87' lang='lat' dir='ltr'><strong>incognu.</strong></span> 
     </span>
     <span class='ocr_line' id='line_1_84' title="bbox 1202 3961 2172 4046; baseline 0.004 -19"><span class='ocrx_word' id='word_1_607' title='bbox 1202 3961 2172 4046; x_wconf 87' lang='lat' dir='ltr'><strong>Etdcsaict,leslectcurs(commeiepcnse)recognoistront</strong></span> 
     </span>
     <span class='ocr_line' id='line_1_85' title="bbox 1202 4045 2171 4132; baseline 0.004 -20"><span class='ocrx_word' id='word_1_608' title='bbox 1202 4054 1300 4132; x_wconf 89' lang='lat' dir='ltr'><strong>qu&#39;en</strong></span> <span class='ocrx_word' id='word_1_609' title='bbox 1331 4048 1496 4111; x_wconf 89' lang='lat' dir='ltr'><strong>declarant</strong></span> <span class='ocrx_word' id='word_1_610' title='bbox 1526 4046 1573 4111; x_wconf 90' lang='lat' dir='ltr'><strong>les</strong></span> <span class='ocrx_word' id='word_1_611' title='bbox 1602 4045 1771 4111; x_wconf 82' lang='lat' dir='ltr'><strong>affectione</strong></span> <span class='ocrx_word' id='word_1_612' title='bbox 1807 4045 2000 4113; x_wconf 89' lang='lat' dir='ltr'><strong>interienres</strong></span> <span class='ocrx_word' id='word_1_613' title='bbox 2031 4059 2102 4115; x_wconf 87' lang='lat' dir='ltr'><strong>tant</strong></span> <span class='ocrx_word' id='word_1_614' title='bbox 2131 4049 2171 4117; x_wconf 90' lang='lat' dir='ltr'><strong>de</strong></span> 
     </span>
     <span class='ocr_line' id='line_1_86' title="bbox 1202 4132 2170 4215; baseline 0.006 -18"><span class='ocrx_word' id='word_1_615' title='bbox 1202 4134 1309 4198; x_wconf 87' lang='lat' dir='ltr'><strong>David</strong></span> <span class='ocrx_word' id='word_1_616' title='bbox 1334 4154 1398 4215; x_wconf 91' lang='lat' dir='ltr'><strong>que</strong></span> <span class='ocrx_word' id='word_1_617' title='bbox 1421 4133 1477 4197; x_wconf 90' lang='lat' dir='ltr'><strong>des</strong></span> <span class='ocrx_word' id='word_1_618' title='bbox 1500 4140 1620 4209; x_wconf 86' lang='lat' dir='ltr'><strong>autres,</strong></span> <span class='ocrx_word' id='word_1_619' title='bbox 1649 4132 1713 4195; x_wconf 90' lang='lat' dir='ltr'><strong>i’en</strong></span> <span class='ocrx_word' id='word_1_620' title='bbox 1737 4132 1825 4212; x_wconf 88' lang='lat' dir='ltr'><strong>parle</strong></span> <span class='ocrx_word' id='word_1_621' title='bbox 1848 4153 1973 4198; x_wconf 90' lang='lat' dir='ltr'><strong>comme</strong></span> <span class='ocrx_word' id='word_1_622' title='bbox 1996 4135 2036 4200; x_wconf 92' lang='lat' dir='ltr'><strong>de</strong></span> <span class='ocrx_word' id='word_1_623' title='bbox 2058 4136 2170 4204; x_wconf 84' lang='lat' dir='ltr'><strong>choses</strong></span> 
     </span>
     <span class='ocr_line' id='line_1_87' title="bbox 1202 4218 1911 4303; baseline 0 -20"><span class='ocrx_word' id='word_1_624' title='bbox 1202 4219 1383 4302; x_wconf 90' lang='lat' dir='ltr'><strong>desquellcs</strong></span> <span class='ocrx_word' id='word_1_625' title='bbox 1404 4219 1471 4303; x_wconf 87' lang='lat' dir='ltr'><strong>i’ay</strong></span> <span class='ocrx_word' id='word_1_626' title='bbox 1492 4218 1649 4283; x_wconf 89' lang='lat' dir='ltr'><strong>familiere</strong></span> <span class='ocrx_word' id='word_1_627' title='bbox 1671 4218 1911 4300; x_wconf 83' lang='lat' dir='ltr'><strong>cogneissanoe.</strong></span> 
     </span>
    </p>

    <p class='ocr_par' dir='ltr' id='par_1_14' title="bbox 1201 4303 2171 5250">
     <span class='ocr_line' id='line_1_88' title="bbox 1288 4303 2170 4392; baseline 0.006 -23"><span class='ocrx_word' id='word_1_628' title='bbox 1288 4306 1341 4370; x_wconf 86' lang='lat' dir='ltr'><strong>Au</strong></span> <span class='ocrx_word' id='word_1_629' title='bbox 1363 4314 1460 4383; x_wconf 89' lang='lat' dir='ltr'><strong>reste,</strong></span> <span class='ocrx_word' id='word_1_630' title='bbox 1483 4325 1606 4368; x_wconf 88' lang='lat' dir='ltr'><strong>comme</strong></span> <span class='ocrx_word' id='word_1_631' title='bbox 1628 4303 1710 4367; x_wconf 92' lang='lat' dir='ltr'><strong>ainsi</strong></span> <span class='ocrx_word' id='word_1_632' title='bbox 1729 4305 1792 4369; x_wconf 91' lang='lat' dir='ltr'><strong>soit</strong></span> <span class='ocrx_word' id='word_1_633' title='bbox 1811 4325 1874 4386; x_wconf 91' lang='lat' dir='ltr'><strong>que</strong></span> <span class='ocrx_word' id='word_1_634' title='bbox 1896 4305 1977 4388; x_wconf 90' lang='lat' dir='ltr'><strong>i’aye</strong></span> <span class='ocrx_word' id='word_1_635' title='bbox 1990 4308 2051 4372; x_wconf 86' lang='lat' dir='ltr'><strong>mis</strong></span> <span class='ocrx_word' id='word_1_636' title='bbox 2074 4309 2170 4392; x_wconf 92' lang='lat' dir='ltr'><strong>peine</strong></span> 
     </span>
     <span class='ocr_line' id='line_1_89' title="bbox 1202 4389 2169 4472; baseline 0.004 -17"><span class='ocrx_word' id='word_1_637' title='bbox 1202 4412 1243 4455; x_wconf 92' lang='lat' dir='ltr'><strong>en</strong></span> <span class='ocrx_word' id='word_1_638' title='bbox 1266 4391 1374 4457; x_wconf 89' lang='lat' dir='ltr'><strong>bonne</strong></span> <span class='ocrx_word' id='word_1_639' title='bbox 1396 4390 1583 4456; x_wconf 84' lang='lat' dir='ltr'><strong>conscience</strong></span> <span class='ocrx_word' id='word_1_640' title='bbox 1602 4389 1641 4453; x_wconf 92' lang='lat' dir='ltr'><strong>de</strong></span> <span class='ocrx_word' id='word_1_641' title='bbox 1664 4390 1911 4472; x_wconf 88' lang='lat' dir='ltr'><strong>communiquer</strong></span> <span class='ocrx_word' id='word_1_642' title='bbox 1941 4411 1977 4456; x_wconf 87' lang='lat' dir='ltr'><strong>ee</strong></span> <span class='ocrx_word' id='word_1_643' title='bbox 2000 4395 2169 4460; x_wconf 79' lang='lat' dir='ltr'><strong>thresort</strong></span> 
     </span>
     <span class='ocr_line' id='line_1_90' title="bbox 1202 4476 2170 4560; baseline 0.002 -19"><span class='ocrx_word' id='word_1_644' title='bbox 1202 4485 1277 4541; x_wconf 89' lang='lat' dir='ltr'><strong>tous</strong></span> <span class='ocrx_word' id='word_1_645' title='bbox 1306 4476 1430 4556; x_wconf 88' lang='lat' dir='ltr'><strong>fideles,</strong></span> <span class='ocrx_word' id='word_1_646' title='bbox 1457 4495 1574 4540; x_wconf 91' lang='lat' dir='ltr'><strong>encore</strong></span> <span class='ocrx_word' id='word_1_647' title='bbox 1604 4497 1666 4557; x_wconf 89' lang='lat' dir='ltr'><strong>que</strong></span> <span class='ocrx_word' id='word_1_648' title='bbox 1695 4476 1725 4539; x_wconf 92' lang='lat' dir='ltr'><strong>ie</strong></span> <span class='ocrx_word' id='word_1_649' title='bbox 1748 4479 1805 4559; x_wconf 86' lang='lat' dir='ltr'><strong>n’y</strong></span> <span class='ocrx_word' id='word_1_650' title='bbox 1831 4497 1893 4560; x_wconf 87' lang='lat' dir='ltr'><strong>aye</strong></span> <span class='ocrx_word' id='word_1_651' title='bbox 1921 4498 1980 4559; x_wconf 91' lang='lat' dir='ltr'><strong>pas</strong></span> <span class='ocrx_word' id='word_1_652' title='bbox 2010 4490 2082 4542; x_wconf 84' lang='lat' dir='ltr'><strong>tent</strong></span> <span class='ocrx_word' id='word_1_653' title='bbox 2112 4481 2170 4543; x_wconf 86' lang='lat' dir='ltr'><strong>fait</strong></span> 
     </span>
     <span class='ocr_line' id='line_1_91' title="bbox 1202 4560 2170 4647; baseline 0.003 -20"><span class='ocrx_word' id='word_1_654' title='bbox 1202 4584 1264 4646; x_wconf 90' lang='lat' dir='ltr'><strong>quc</strong></span> <span class='ocrx_word' id='word_1_655' title='bbox 1287 4564 1402 4628; x_wconf 87' lang='lat' dir='ltr'><strong>i&#39;cusse</strong></span> <span class='ocrx_word' id='word_1_656' title='bbox 1424 4563 1497 4627; x_wconf 89' lang='lat' dir='ltr'><strong>bien</strong></span> <span class='ocrx_word' id='word_1_657' title='bbox 1520 4560 1634 4637; x_wconf 81' lang='lat' dir='ltr'><strong>desire,</strong></span> <span class='ocrx_word' id='word_1_658' title='bbox 1658 4561 1685 4624; x_wconf 89' lang='lat' dir='ltr'><strong>ai</strong></span> <span class='ocrx_word' id='word_1_659' title='bbox 1708 4570 1809 4625; x_wconf 87' lang='lat' dir='ltr'><strong>cst-ee</strong></span> <span class='ocrx_word' id='word_1_660' title='bbox 1833 4582 1894 4644; x_wconf 90' lang='lat' dir='ltr'><strong>que</strong></span> <span class='ocrx_word' id='word_1_661' title='bbox 1918 4564 1948 4626; x_wconf 93' lang='lat' dir='ltr'><strong>le</strong></span> <span class='ocrx_word' id='word_1_662' title='bbox 1972 4565 2085 4628; x_wconf 88' lang='lat' dir='ltr'><strong>devoir</strong></span> <span class='ocrx_word' id='word_1_663' title='bbox 2107 4585 2170 4647; x_wconf 93' lang='lat' dir='ltr'><strong>que</strong></span> 
     </span>
     <span class='ocr_line' id='line_1_92' title="bbox 1201 4646 2169 4733; baseline 0.004 -20"><span class='ocrx_word' id='word_1_664' title='bbox 1201 4650 1267 4713; x_wconf 89' lang='lat' dir='ltr'><strong>i’en</strong></span> <span class='ocrx_word' id='word_1_665' title='bbox 1287 4670 1329 4732; x_wconf 89' lang='lat' dir='ltr'><strong>ay</strong></span> <span class='ocrx_word' id='word_1_666' title='bbox 1352 4648 1411 4713; x_wconf 85' lang='lat' dir='ltr'><strong>fait</strong></span> <span class='ocrx_word' id='word_1_667' title='bbox 1432 4648 1548 4712; x_wconf 89' lang='lat' dir='ltr'><strong>merite</strong></span> <span class='ocrx_word' id='word_1_668' title='bbox 1570 4647 1667 4729; x_wconf 87' lang='lat' dir='ltr'><strong>qn’on</strong></span> <span class='ocrx_word' id='word_1_669' title='bbox 1691 4646 1773 4710; x_wconf 86' lang='lat' dir='ltr'><strong>m’en</strong></span> <span class='ocrx_word' id='word_1_670' title='bbox 1798 4648 1914 4712; x_wconf 89' lang='lat' dir='ltr'><strong>scacbe</strong></span> <span class='ocrx_word' id='word_1_671' title='bbox 1944 4648 2080 4731; x_wconf 90' lang='lat' dir='ltr'><strong>quelque</strong></span> <span class='ocrx_word' id='word_1_672' title='bbox 2102 4660 2169 4733; x_wconf 80' lang='lat' dir='ltr'><strong>gre.</strong></span> 
     </span>
     <span class='ocr_line' id='line_1_93' title="bbox 1202 4733 2170 4818; baseline 0.003 -19"><span class='ocrx_word' id='word_1_673' title='bbox 1202 4735 1384 4799; x_wconf 76' lang='lat' dir='ltr'><strong>Toutesfois</strong></span> <span class='ocrx_word' id='word_1_674' title='bbox 1417 4733 1448 4798; x_wconf 90' lang='lat' dir='ltr'><strong>ic</strong></span> <span class='ocrx_word' id='word_1_675' title='bbox 1481 4754 1522 4797; x_wconf 93' lang='lat' dir='ltr'><strong>ne</strong></span> <span class='ocrx_word' id='word_1_676' title='bbox 1556 4733 1682 4815; x_wconf 89' lang='lat' dir='ltr'><strong>requier</strong></span> <span class='ocrx_word' id='word_1_677' title='bbox 1713 4743 1806 4796; x_wconf 89' lang='lat' dir='ltr'><strong>autre</strong></span> <span class='ocrx_word' id='word_1_678' title='bbox 1843 4733 1954 4812; x_wconf 90' lang='lat' dir='ltr'><strong>chose,</strong></span> <span class='ocrx_word' id='word_1_679' title='bbox 1988 4735 2080 4799; x_wconf 90' lang='lat' dir='ltr'><strong>sinon</strong></span> <span class='ocrx_word' id='word_1_680' title='bbox 2108 4758 2170 4818; x_wconf 91' lang='lat' dir='ltr'><strong>que</strong></span> 
     </span>
     <span class='ocr_line' id='line_1_94' title="bbox 1201 4817 2169 4903; baseline 0.005 -18"><span class='ocrx_word' id='word_1_681' title='bbox 1201 4819 1325 4885; x_wconf 88' lang='lat' dir='ltr'><strong>chacun</strong></span> <span class='ocrx_word' id='word_1_682' title='bbox 1349 4821 1423 4903; x_wconf 90' lang='lat' dir='ltr'><strong>iugc</strong></span> <span class='ocrx_word' id='word_1_683' title='bbox 1446 4819 1485 4883; x_wconf 90' lang='lat' dir='ltr'><strong>de</strong></span> <span class='ocrx_word' id='word_1_684' title='bbox 1507 4839 1582 4882; x_wconf 94' lang='lat' dir='ltr'><strong>mon</strong></span> <span class='ocrx_word' id='word_1_685' title='bbox 1605 4818 1717 4882; x_wconf 90' lang='lat' dir='ltr'><strong>labeur</strong></span> <span class='ocrx_word' id='word_1_686' title='bbox 1739 4839 1780 4882; x_wconf 94' lang='lat' dir='ltr'><strong>en</strong></span> <span class='ocrx_word' id='word_1_687' title='bbox 1805 4817 1908 4882; x_wconf 90' lang='lat' dir='ltr'><strong>bonne</strong></span> <span class='ocrx_word' id='word_1_688' title='bbox 1930 4819 2048 4900; x_wconf 76' lang='lat' dir='ltr'><strong>equite,</strong></span> <span class='ocrx_word' id='word_1_689' title='bbox 2080 4821 2169 4890; x_wconf 86' lang='lat' dir='ltr'><strong>selon</strong></span> 
     </span>
     <span class='ocr_line' id='line_1_95' title="bbox 1201 4904 2169 4990; baseline 0 -21"><span class='ocrx_word' id='word_1_690' title='bbox 1201 4905 1232 4969; x_wconf 93' lang='lat' dir='ltr'><strong>le</strong></span> <span class='ocrx_word' id='word_1_691' title='bbox 1254 4906 1377 4988; x_wconf 89' lang='lat' dir='ltr'><strong>prcufit</strong></span> <span class='ocrx_word' id='word_1_692' title='bbox 1399 4907 1482 4971; x_wconf 90' lang='grc'><strong>6116</strong></span> <span class='ocrx_word' id='word_1_693' title='bbox 1505 4905 1584 4968; x_wconf 88' lang='lat' dir='ltr'><strong>fruit</strong></span> <span class='ocrx_word' id='word_1_694' title='bbox 1606 4904 1682 4986; x_wconf 93' lang='lat' dir='ltr'><strong>qu’il</strong></span> <span class='ocrx_word' id='word_1_695' title='bbox 1707 4926 1747 4966; x_wconf 90' lang='lat' dir='ltr'><strong>en</strong></span> <span class='ocrx_word' id='word_1_696' title='bbox 1766 4904 1899 4968; x_wconf 90' lang='lat' dir='ltr'><strong>sentira.</strong></span> <span class='ocrx_word' id='word_1_697' title='bbox 1923 4905 2009 4968; x_wconf 72' lang='lat' dir='ltr'><strong>Tant</strong></span> <span class='ocrx_word' id='word_1_698' title='bbox 2027 4928 2051 4989; x_wconf 94' lang='lat' dir='ltr'><strong>y</strong></span> <span class='ocrx_word' id='word_1_699' title='bbox 2069 4928 2088 4969; x_wconf 89' lang='lat' dir='ltr'><strong>a</strong></span> <span class='ocrx_word' id='word_1_700' title='bbox 2106 4930 2169 4990; x_wconf 86' lang='lat' dir='ltr'><strong>qne</strong></span> 
     </span>
     <span class='ocr_line' id='line_1_96' title="bbox 1202 4988 2170 5076; baseline 0.004 -21"><span class='ocrx_word' id='word_1_701' title='bbox 1202 4992 1382 5056; x_wconf 86' lang='lat' dir='ltr'><strong>seulement</strong></span> <span class='ocrx_word' id='word_1_702' title='bbox 1411 5013 1451 5055; x_wconf 90' lang='lat' dir='ltr'><strong>en</strong></span> <span class='ocrx_word' id='word_1_703' title='bbox 1481 4991 1581 5054; x_wconf 91' lang='lat' dir='ltr'><strong>lisant</strong></span> <span class='ocrx_word' id='word_1_704' title='bbox 1608 5010 1662 5054; x_wconf 90' lang='lat' dir='ltr'><strong>ces</strong></span> <span class='ocrx_word' id='word_1_705' title='bbox 1685 4988 1954 5071; x_wconf 86' lang='lat' dir='ltr'><strong>Commentaires,</strong></span> <span class='ocrx_word' id='word_1_706' title='bbox 1981 5011 2024 5055; x_wconf 91' lang='lat' dir='ltr'><strong>on</strong></span> <span class='ocrx_word' id='word_1_707' title='bbox 2051 5014 2170 5076; x_wconf 89' lang='lat' dir='ltr'><strong>pourra</strong></span> 
     </span>
     <span class='ocr_line' id='line_1_97' title="bbox 1201 5073 2170 5163; baseline 0.007 -24"><span class='ocrx_word' id='word_1_708' title='bbox 1201 5077 1294 5140; x_wconf 84' lang='lat' dir='ltr'><strong>veoir</strong></span> <span class='ocrx_word' id='word_1_709' title='bbox 1317 5084 1337 5142; x_wconf 77' lang='lat' dir='ltr'><strong>a</strong></span> <span class='ocrx_word' id='word_1_710' title='bbox 1366 5077 1449 5143; x_wconf 88' lang='lat' dir='ltr'><strong>l&#39;oeil</strong></span> <span class='ocrx_word' id='word_1_711' title='bbox 1472 5097 1535 5158; x_wconf 92' lang='lat' dir='ltr'><strong>que</strong></span> <span class='ocrx_word' id='word_1_712' title='bbox 1557 5077 1587 5139; x_wconf 92' lang='lat' dir='ltr'><strong>ie</strong></span> <span class='ocrx_word' id='word_1_713' title='bbox 1608 5076 1684 5160; x_wconf 89' lang='lat' dir='ltr'><strong>n&#39;ay</strong></span> <span class='ocrx_word' id='word_1_714' title='bbox 1713 5076 1804 5157; x_wconf 86' lang='lat' dir='ltr'><strong>point</strong></span> <span class='ocrx_word' id='word_1_715' title='bbox 1831 5073 1971 5140; x_wconf 80' lang='lat' dir='ltr'><strong>cherchc</strong></span> <span class='ocrx_word' id='word_1_716' title='bbox 1993 5076 2032 5142; x_wconf 91' lang='lat' dir='ltr'><strong>de</strong></span> <span class='ocrx_word' id='word_1_717' title='bbox 2058 5079 2170 5163; x_wconf 91' lang='lat' dir='ltr'><strong>plaire,</strong></span> 
     </span>
     <span class='ocr_line' id='line_1_98' title="bbox 1203 5163 2171 5250; baseline 0.005 -24"><span class='ocrx_word' id='word_1_718' title='bbox 1203 5163 1298 5226; x_wconf 91' lang='lat' dir='ltr'><strong>sinon</strong></span> <span class='ocrx_word' id='word_1_719' title='bbox 1327 5173 1442 5227; x_wconf 87' lang='lat' dir='ltr'><strong>entant</strong></span> <span class='ocrx_word' id='word_1_720' title='bbox 1472 5163 1549 5244; x_wconf 92' lang='lat' dir='ltr'><strong>qu&#39;il</strong></span> <span class='ocrx_word' id='word_1_721' title='bbox 1579 5184 1601 5245; x_wconf 93' lang='lat' dir='ltr'><strong>y</strong></span> <span class='ocrx_word' id='word_1_722' title='bbox 1633 5163 1720 5224; x_wconf 90' lang='lat' dir='ltr'><strong>avoit</strong></span> <span class='ocrx_word' id='word_1_723' title='bbox 1744 5171 1844 5241; x_wconf 87' lang='lat' dir='ltr'><strong>quant</strong></span> <span class='ocrx_word' id='word_1_724' title='bbox 1866 5172 1898 5223; x_wconf 88' lang='lat' dir='ltr'><strong>et-</strong></span> <span class='ocrx_word' id='word_1_725' title='bbox 1928 5175 2030 5244; x_wconf 92' lang='lat' dir='ltr'><strong>quant</strong></span> <span class='ocrx_word' id='word_1_726' title='bbox 2052 5186 2171 5250; x_wconf 89' lang='lat' dir='ltr'><strong>moyen</strong></span> 
     </span>
    </p>
   </div>
   <div class='ocr_carea' id='block_1_13' title="bbox 1950 5264 1967 5317">
    <p class='ocr_par' dir='ltr' id='par_1_15' title="bbox 1950 5264 1967 5317">
     <span class='ocr_line' id='line_1_99' title="bbox 1950 5264 1967 5317; baseline 0 0"><span class='ocrx_word' id='word_1_727' title='bbox 1950 5264 1967 5317; x_wconf 87' lang='lat'><strong>3</strong></span> 
     </span>
    </p>
   </div>
   <div class='ocr_carea' id='block_1_14' title="bbox 0 0 2350 5860">
    <p class='ocr_par' dir='ltr' id='par_1_16' title="bbox 0 0 2350 5860">
     <span class='ocr_line' id='line_1_100' title="bbox 0 0 2350 5860; baseline 0 0"><span class='ocrx_word' id='word_1_728' title='bbox 0 0 2350 5860; x_wconf 95' lang='lat' dir='ltr'><strong> </strong></span> 
     </span>
    </p>
   </div>
  </div>
 </body>
</html>
