4658 5856
159 369 220 436 551
987 365 1200 433 PSALMUS
1224 366 1315 434 LVI.
2083 369 2148 439 552

159 562 250 628 fanos
272 559 422 625 homines
444 558 562 635 inflari,
586 557 662 641 quia
684 554 743 621 sibi
763 554 920 621 videntur
942 578 1011 624 esse
1032 570 1128 623 extra
1179 557 1326 642 singulas
1348 558 1418 624 eius
1440 566 1550 642 guttas
1572 570 1733 627 numeret.
1771 559 1856 626 Ossa
1877 562 1948 645 ipsa
1965 573 1997 623 et
2014 579 2147 626 carnem

160 648 222 712 Dei
251 665 396 711 manum.
446 643 515 710 Nec
543 662 620 707 vero
649 643 878 724 impunitatem
907 644 967 710 sibi
997 653 1127 710 tautum
1179 654 1319 708 exurant
1349 644 1500 728 tyranni,
1535 647 1669 729 sanguis
1702 656 1812 712 tamur
1845 665 1974 727 semper
2002 647 2147 712 manebit

160 732 365 816 promittunt,
395 730 451 795 sed
480 750 555 814 spes
582 739 615 794 et
638 748 715 810 opes
738 748 815 792 suas
837 728 947 794 locant
969 731 1003 795 in
1026 730 1127 794 male·
1180 743 1344 812 superstes
1382 729 1423 794 ad
1462 730 1665 797 clamandam
1705 731 1901 797 vindictam:
1941 732 2017 812 quia
2056 732 2147 797 nulla

159 818 254 886 ficiis:
286 827 319 884 et
346 837 409 900 quo
439 815 593 880 audacius
618 826 650 878 et
672 813 829 879 furiosius
857 834 951 881 ruere
980 825 1127 899 pergent,
1179 826 1269 880 aetas
1298 814 1419 880 delebit
1445 814 1530 898 quod
1553 815 1644 883 Deus
1672 819 1706 882 iu
1737 839 1796 883 sua
1818 818 1975 882 memoria
2004 816 2145 902 descrip-

160 913 280 990 putant
309 903 461 968 omuibus
489 898 702 965 incommodis
729 897 789 964 sibi
811 908 961 982 paratum
983 922 1054 968 esse
1075 923 1126 966 re·
1179 907 1250 964 tum
1273 900 1380 967 habet.

160 990 314 1056 medium.
358 989 539 1071 Postquam
568 985 630 1049 hoc
658 1005 698 1051 ex
723 1005 835 1050 eorum
865 1007 962 1051 seusu
992 985 1129 1070 protulit

154 1075 281 1154 David,
297 1075 408 1140 statim
424 1070 570 1138 retundit
584 1091 772 1153 perversam
788 1069 873 1136 hano
888 1072 1128 1149 confidentiam,
1266 1071 1316 1136 10.
1343 1071 1431 1138 Terre
1458 1077 1614 1139 vamur
1642 1075 1766 1139 inimici
1792 1076 1854 1139 mei
1884 1077 2056 1141 retrorsum
2087 1096 2145 1157 quo

183 1180 341 1226 rovocans
370 1158 411 1223 ad
440 1158 504 1222 Dei
535 1156 700 1223 iudicium.
746 1155 907 1236 Quamvis
939 1160 987 1224 ita
1016 1179 1128 1243 super·
1178 1156 1837 1240 commovero:toenort,qeoa1)ees
1857 1178 1984 1224 mecam.
2031 1162 2080 1225 11.
2104 1163 2145 1225 Ia

161 1182 269 1330 biaut,
306 1246 427 1328 inquit,
469 1243 524 1308 ubi
561 1252 723 1307 maturum
763 1241 932 1308 advenerit
965 1245 1128 1310 vindictae
1179 1240 1247 1307 Deo
1280 1243 1413 1309 wadeho
1442 1245 1588 1309 umbem.-
1625 1247 1661 1310 ia
1694 1245 1810 1311 leboeo
1841 1245 1978 1311 amato
2010 1248 2144 1313 rebam.

162 1341 300 1415 tempus,
323 1342 358 1395 tu
376 1329 469 1395 Deus
488 1328 625 1412 populos
643 1338 839 1411 prosternes.
874 1328 1001 1395 Plurali
1019 1343 1126 1396 autem
1182 1328 1232 1393 12.
1266 1327 1309 1392 Ire
1337 1328 1405 1395 Dee
1433 1333 1578 1411 mecei:
1609 1352 1670 1396 aen
1699 1330 1808 1397 timebo
1836 1331 1913 1413 qaid
1940 1333 2040 1413 fedat
2066 1333 2146 1398 mitt

161 1436 297 1482 numere
319 1417 432 1493 utitur,
462 1413 676 1480 confirmandi
705 1415 806 1479 animi
836 1416 885 1478 sui
914 1437 1022 1491 eausa,
1051 1417 1128 1498 quia
1179 1412 1275 1479 homo.

161 1502 294 1569 difficile
316 1511 396 1577 erat,
426 1521 491 1566 non
521 1520 739 1583 expavescere
765 1499 806 1565 ad
829 1509 955 1566 tantam
985 1502 1127 1567 hostium

160 1588 299 1653 turbam.
341 1586 479 1667 Quoties
502 1605 580 1669 ergo
602 1606 661 1650 nos
681 1583 820 1651 obruent
843 1585 984 1652 bostium
1007 1588 1128 1670 copiae,
1266 1586 1316 1650 10.
1343 1587 1447 1670 (Tarte
1467 1587 1645 1667 vertentur.)
1688 1587 1840 1654 Alterius
1861 1590 2030 1655 victoriam
2053 1611 2143 1656 suam

161 1674 273 1739 veniat
294 1674 389 1739 nobis
410 1674 443 1737 iu
462 1682 615 1748 mentem,
638 1672 807 1755 proprium
829 1692 899 1736 esse
918 1671 981 1737 Dei
1000 1694 1129 1754 munus,
1179 1670 1287 1748 iactat,
1307 1692 1382 1736 nam
1400 1676 1491 1755 quasi
1509 1675 1543 1738 in
1562 1696 1597 1739 rs
1615 1674 1778 1757 praesenti
1796 1675 1969 1740 articulum
1992 1679 2146 1760 temporis

161 1779 227 1825 non
248 1779 351 1824 unum
379 1757 544 1823 hominem
567 1757 727 1821 duntaxat
749 1756 802 1820 vel
824 1778 953 1840 paucos,
982 1778 1048 1823 non
1072 1780 1128 1841 po-
1180 1755 1340 1840 designat,
1368 1778 1432 1840 quo
1454 1759 1604 1824 vertendi
1633 1760 1702 1824 sint
1728 1760 1851 1826 inimici
1881 1761 1931 1827 sui
1954 1771 2144 1828 retrorsum.

160 1846 274 1929 pulum
297 1843 392 1910 modo
414 1863 527 1923 unum,
549 1842 606 1908 sed
628 1851 732 1906 totum
756 1841 914 1908 mundum
937 1842 1084 1910 deiicere.
1180 1841 1377 1924 Quanquam
1399 1855 1507 1910 autem
1531 1843 1675 1910 noudum
1698 1854 1764 1911 tam
1787 1846 2002 1930 propinquam
2032 1868 2144 1913 eorum

244 1931 274 1998 9.
298 1928 439 2015 (Fugam
461 1925 584 2011 meam.)
627 1926 779 2010 Abrupta
801 1938 851 1994 est
872 1930 1027 2012 precatio,
1050 1950 1127 1998 nam
1179 1928 1308 1992 ruinam
1332 1931 1496 2008 cernebat,
1525 1929 1589 1996 Dei
1611 1940 1720 1996 tamen
1744 1932 1956 2014 promissione
1978 1933 2078 1999 fretus
2101 1935 2146 1998 ita

160 2029 270 2101 petere
304 2034 442 2081 exorsus
475 2025 513 2079 ut
540 2015 630 2078 Deus
663 2013 825 2098 lacrymas
858 2034 935 2080 suas
968 2016 1128 2099 respiciat,
1180 2023 1294 2077 notare
1323 2016 1429 2097 potuit
1457 2025 1624 2081 maturum
1655 2027 1800 2101 tempus,
1833 2017 1919 2100 quod
1952 2017 2059 2084 adhuc
2089 2040 2144 2103 pa·

160 2104 281 2185 statim,
304 2101 398 2184 quasi
422 2100 492 2165 voti
514 2119 654 2182 compos,
678 2101 879 2180 pronuntiat,
903 2100 937 2164 iu
959 2101 1041 2167 libro
1064 2101 1127 2166 Dei
1181 2099 1304 2163 tienter
1335 2103 1587 2184 exspectandum
1618 2111 1697 2167 erat.
1748 2101 1791 2166 In
1818 2124 1962 2180 summa,
1994 2108 2145 2187 quamvis

160 2189 299 2271 scriptas
321 2205 402 2252 esse.
447 2185 520 2251 Nisi
541 2186 623 2249 forte
645 2183 730 2250 hane
752 2203 878 2268 quoque
900 2187 1128 2270 interrogatio·
1180 2204 1248 2250 non
1270 2193 1438 2269 tantopere
1460 2187 1590 2253 festinet
1611 2188 1712 2268 Deus,
1733 2209 1793 2254 uec
1815 2188 1928 2254 eodem
1951 2209 2013 2272 quo
2036 2190 2144 2255 David

163 2294 239 2339 nem
261 2273 425 2356 precative
453 2271 599 2354 accipere
619 2269 779 2353 quispiam
801 2270 903 2349 malit,
926 2272 1058 2337 videtur
1079 2282 1129 2337 ta·
1180 2279 1330 2355 precatus
1357 2282 1408 2337 est
1429 2283 1592 2337 momento
1623 2274 1732 2339 hostes
1753 2273 1824 2338 eius
1846 2273 1999 2357 dissipet,
2033 2276 2146 2342 statuit

164 2381 238 2425 men
260 2379 374 2424 seusus
396 2356 449 2423 bic
471 2377 541 2422 ease
564 2355 757 2440 simplicior:
779 2355 921 2422 Domine
939 2357 1022 2423 nihil
1046 2379 1129 2442 opus
1180 2366 1291 2421 tamen
1321 2366 1452 2423 sauctus
1474 2360 1528 2423 vir
1548 2378 1660 2441 preces
1682 2378 1756 2424 suas
1779 2379 1843 2423 non
1866 2360 1934 2424 fore
1955 2361 2078 2426 irritas:
2109 2383 2145 2427 ac

163 2456 214 2511 est
234 2454 271 2509 nt
288 2456 320 2509 te
337 2440 486 2526 pluribus
504 2439 614 2507 verbis
636 2441 840 2524 compellem:
864 2443 940 2525 quia
962 2454 994 2510 te
1011 2455 1128 2528 sponte
1181 2443 1303 2524 optime
1335 2441 1478 2508 declarat
1511 2443 1671 2526 quomodo
1701 2445 1752 2509 vel
1784 2444 1872 2510 unde
1900 2456 2009 2510 certus
2035 2447 2079 2512 sit
2107 2448 2145 2512 de

163 2531 376 2597 antevertisse
397 2548 547 2612 agnosco,
576 2538 614 2592 ut
638 2537 821 2610 praestares
843 2528 928 2610 quod
950 2528 1126 2614 petendum
1181 2526 1328 2592 hostibus
1352 2529 1420 2593 suis
1449 2528 1674 2612 profligandis:
1704 2550 1821 2613 nempe
1851 2531 1927 2612 quia
1950 2531 2041 2596 Deus
2062 2554 2145 2598 nuu-

164 2627 242 2681 erat.
270 2614 335 2682 Sed
354 2624 500 2697 praestat
517 2611 646 2696 singula
661 2612 761 2676 verba
779 2612 974 2696 expendere.
1000 2614 1138 2698 Fugam
1181 2632 1279 2694 quam
1302 2615 1479 2679 frustratur
1508 2635 1642 2679 suorum
1664 2622 1740 2679 vota
1769 2626 1802 2679 et
1830 2636 1950 2698 preces,
1979 2618 2056 2698 quia
2086 2618 2146 2684 hoc

163 2722 256 2767 suam
275 2700 353 2766 dicit
371 2707 575 2763 numeratam
593 2716 664 2763 esse
679 2697 760 2775 Deo,
778 2718 840 2781 quo
857 2719 892 2764 se
912 2700 1129 2765 miserabilem
1181 2698 1311 2781 penitus
1340 2698 1450 2763 animo
1479 2699 1620 2765 inflxum
1649 2700 1759 2779 babet,
1789 2703 1950 2784 patienter
1978 2703 2146 2787 suspendit

163 2787 277 2853 faciat:
306 2786 382 2868 quia
410 2783 508 2866 longo
536 2784 601 2846 iam
625 2793 770 2864 tempore
793 2804 896 2867 vagus
918 2796 951 2849 et
972 2786 1129 2869 profugus
1181 2784 1281 2848 animi
1304 2785 1354 2849 sui
1377 2783 1582 2864 desiderium,
1605 2795 1642 2850 ut
1659 2786 1810 2850 effectum
1828 2786 1953 2869 placide
1971 2801 2146 2871 exspectet.

165 2892 274 2937 errare
303 2891 369 2935 non
403 2869 581 2934 destiterat.
632 2867 701 2934 Neo
730 2867 769 2932 de
797 2890 863 2934 una
892 2879 1019 2936 tantam
1051 2872 1129 2955 fuga
1181 2869 1337 2935 Ooutinet
1364 2879 1473 2935 autem
1505 2870 1558 2937 hic
1587 2872 1676 2937 locus
1704 2872 1818 2937 utilem
1848 2872 2039 2949 donuinam,
2070 2877 2147 2958 quia

164 2957 316 3043 loquitur,
338 2954 393 3022 sed
416 2954 551 3019 mutatio
573 2960 623 3018 est
645 2956 784 3019 numeri.
825 2954 1019 3039 Quanquam
1043 2956 1130 3022 vide·
1181 2953 1290 3019 David
1314 2967 1353 3019 at
1374 2957 1526 3038 impetret
1554 2956 1641 3040 quod
1670 2958 1820 3039 postulat,
1849 2978 1914 3023 non
1937 2960 2071 3023 fortuito
2093 2961 2144 3025 vel

164 3054 219 3108 tur
240 3043 344 3127 magis
366 3040 549 3124 emphatice
572 3058 708 3104 numero
730 3039 1006 3124 singularitetem
1025 3042 1129 3107 vitam
1182 3040 1372 3106 dubitanter
1393 3061 1429 3104 se
1450 3061 1544 3107 orare
1572 3042 1660 3126 dicit,
1690 3043 1746 3107 sed
1776 3044 1892 3108 afferre
1921 3055 2043 3109 certam
2073 3067 2145 3130 per·

164 3148 258 3195 snam
291 3127 462 3193 erraticam
496 3134 624 3202 notare,
658 3145 695 3190 ac
723 3127 751 3192 si
778 3136 908 3193 vocaret
940 3128 1130 3195 continuam
1182 3128 1374 3201 suasionem,
1397 3127 1484 3209 quod
1507 3126 1598 3193 Deus
1620 3138 1697 3193 vota
1718 3150 1779 3193 sua
1800 3130 1961 3212 propitius
1983 3133 2145 3196 exaudiet.

164 3213 469 3300 peregrinationem.
515 3210 664 3276 Debebat
693 3211 796 3295 igitur
823 3215 977 3280 continua
1000 3213 1056 3278 illa
1077 3234 1129 3278 er·
1181 3215 1283 3278 Porro
1304 3215 1362 3279 hac
1381 3212 1445 3277 fide
1467 3223 1624 3296 concepta
1645 3235 1799 3299 spernere
1821 3234 1884 3279 uon
1903 3211 2033 3280 dub'itat
2055 3219 2144 3301 qaid·

163 3302 247 3366 ratio
280 3301 423 3363 favorem
456 3318 497 3361 ex
531 3296 750 3361 misericordia
786 3299 959 3364 conciliare
995 3299 1128 3377 Davidi,
1182 3296 1258 3383 quid
1282 3296 1384 3365 Satan
1406 3320 1482 3364 eum
1504 3298 1655 3366 omnibus
1675 3300 1785 3383 impiis
1807 3298 1954 3364 tentabit.

165 3385 247 3470 quod
278 3385 375 3449 anxie
404 3394 437 3447 et
459 3403 554 3465 aegre
582 3382 776 3467 perlongus
805 3397 838 3450 et
866 3386 1037 3469 perplexos
1066 3385 1129 3451 cir·
1267 3386 1317 3450 ll.
1353 3382 1409 3469 (Ire
1441 3384 1510 3450 Dee
1543 3384 1700 3470 aetam)
1754 3386 1819 3451 Hic
1853 3406 1918 3450 uon
1951 3387 2147 3469 exprimitur

163 3473 270 3538 cuitus
297 3471 400 3534 vitam
433 3469 595 3533 traxisset.
647 3466 764 3551 Itaque
792 3469 953 3554 lacrymas
987 3490 1062 3536 suas
1094 3471 1129 3535 iu
1182 3470 1375 3551 relativum,
1408 3482 1446 3534 ut
1478 3471 1575 3552 paulo
1609 3483 1703 3535 aute:
1736 3470 1792 3536 sed
1826 3481 1932 3536 tamen
1967 3492 2038 3537 essa
2072 3476 2144 3538 sub·

164 3566 237 3623 utre
255 3555 318 3622 Dei
340 3553 469 3620 recondi
492 3554 643 3635 postulat.
682 3551 842 3619 Solebant
863 3557 897 3619 in
915 3554 1042 3621 utribus
1064 3577 1129 3621 ser·
1182 3556 1390 3634 audiendum,
1412 3578 1453 3621 ex
1476 3557 1532 3620 illo
1554 3556 1659 3639 priore
1681 3556 1751 3622 loco
1772 3555 1945 3639 colligitur.
1980 3558 2146 3641 Repetitio

164 3663 240 3708 vare
263 3642 375 3707 viuum
399 3650 431 3704 et
454 3638 569 3704 oleum.
604 3638 717 3722 Itaque
739 3662 853 3706 sensus
874 3653 932 3718 est,
954 3642 1004 3705 Ne
1027 3643 1130 3724 patia-
1183 3662 1260 3707 vero
1290 3662 1354 3707 nou
1381 3662 1496 3724 parum
1519 3642 1618 3707 habet
1642 3642 1882 3708 vehementiae:
1913 3663 1951 3707 ac
1972 3644 2001 3708 si
2024 3643 2144 3710 dictum

163 3740 217 3793 tur
236 3728 326 3792 Deus
349 3727 512 3810 lacrymas
532 3723 671 3789 Davidis
692 3727 726 3790 iu
750 3741 869 3793 terram
892 3727 1051 3804 excidere,
1073 3728 1130 3794 sed
1182 3739 1279 3792 esset:
1307 3726 1469 3807 Quamvis
1491 3726 1583 3791 Deus
1605 3729 1729 3810 gratiae
1751 3747 1829 3791 suae
1851 3728 2144 3795 manifestationem

163 3815 251 3880 fideli
273 3811 419 3880 custodia
442 3822 597 3894 tauquam
622 3811 777 3893 pretiosas
804 3824 983 3879 conservet.
1028 3813 1130 3877 Porro
1182 3813 1328 3888 differat,
1358 3823 1395 3878 ut
1417 3810 1522 3877 videri
1552 3814 1655 3894 possit
1684 3812 1765 3877 nihil
1794 3826 1962 3896 praestans
1995 3814 2145 3880 inanibus

164 3900 313 3964 videmus
337 3896 496 3963 Davidem
527 3895 580 3961 hic
609 3916 723 3979 preces
750 3920 824 3964 suas
852 3898 987 3963 fundare
1009 3898 1043 3961 iu
1068 3898 1131 3963 Dei
1181 3897 1289 3963 verbis
1318 3896 1478 3964 Davidem
1508 3899 1644 3962 lactare:
1678 3917 1744 3963 non
1774 3906 1884 3963 tamen
1914 3897 2075 3965 deiectum
2104 3901 2144 3966 iri

165 3984 382 4068 providentia:
402 3983 478 4066 quia
493 4003 624 4065 gressus
642 4002 776 4046 suorum
797 3994 1011 4067 prosequatur
1027 3983 1129 4049 oculis
1181 3986 1282 4048 sancti
1306 3985 1370 4048 viri
1393 3985 1547 4059 animum,
1578 3984 1657 4065 quin
1687 4004 1815 4066 semper
1836 3984 1995 4067 glorietur
2023 3986 2060 4050 in
2081 3985 2145 4051 Dei

164 4073 240 4148 suis,
268 4068 559 4153 quaemadmodum
586 4067 684 4133 etiam
709 4067 860 4134 Ohristus
883 4070 974 4134 docet
995 4068 1130 4152 capillos
1180 4069 1289 4134 verbo.
1331 4069 1375 4132 Et
1396 4078 1484 4133 certe
1508 4069 1567 4132 hoc
1589 4080 1639 4132 est
1660 4069 1862 4134 subscribere
1883 4069 1970 4152 quod
1989 4070 2082 4136 Deus
2104 4074 2145 4136 sit

163 4156 276 4239 capitis
289 4155 391 4219 nostri
404 4164 593 4218 numeratos
603 4173 674 4218 esse
683 4173 790 4219 coram
802 4153 880 4233 Deo,
889 4154 1007 4219 Matth.
1017 4154 1128 4237 10,30.
1181 4174 1292 4231 verax,
1314 4154 1404 4219 Ioan.
1425 4154 1456 4230 3,
1479 4152 1521 4218 33
1544 4153 1597 4217 ubi
1620 4154 1728 4219 ablato
1750 4155 1904 4219 bonitatis
1925 4165 1958 4219 et
1979 4158 2145 4239 potentiae

165 4242 237 4307 Nisi
258 4241 344 4305 enim
368 4240 513 4321 persuasi
537 4239 648 4315 simus,
679 4238 834 4323 quidquid
850 4241 1008 4388 Ipatimur
1028 4239 1128 4305 mole·
1180 4241 1250 4305 sius
1283 4260 1397 4316 sensu,
1431 4240 1529 4303 verbo
1562 4239 1698 4304 solidam
1731 4242 1869 4323 gloriam
1903 4239 2048 4306 tribuere
2080 4264 2144 4308 non

163 4329 310 4401 stiarum,
340 4325 450 4388 venire
475 4324 508 4387 iu
532 4324 689 4389 rationem
718 4345 828 4391 eoram
884 4346 930 4404 eo,
960 4345 1126 4408 nunquam
1180 4324 1366 4390 desinimus.
1399 4324 1572 4408 Repetitio,
1596 4338 1631 4388 ut
1650 4325 1726 4403 dixi,
1750 4325 1855 4391 tendit
1871 4328 1907 4391 in
1925 4326 2014 4392 hune
2030 4329 2143 4393 finem:

163 4417 197 4479 in
221 4414 305 4478 hano
325 4408 479 4495 precandi
508 4408 658 4473 fiduciam
688 4411 788 4475 animi
818 4412 921 4475 nostri
951 4424 1128 4495 emergent,
1179 4409 1341 4490 Quamvis
1372 4409 1468 4474 hodie
1496 4411 1584 4474 visus
1612 4431 1631 4474 a
1658 4433 1710 4475 me
1737 4412 1836 4476 luerit
1865 4413 1955 4478 Deus
1984 4414 2143 4491 resedere,

163 4508 200 4566 ut
223 4498 315 4564 Deus
344 4498 378 4561 in
401 4495 518 4578 lagena
547 4493 703 4560 recondat
732 4495 894 4580 lacrymas
923 4507 1058 4574 nostras,
1089 4508 1128 4561 ut
1179 4498 1256 4579 quia
1285 4516 1378 4579 opem
1413 4516 1505 4560 suam
1539 4495 1709 4570 subduxit,
1742 4498 1776 4561 in
1806 4500 1876 4563 eius
1904 4508 2016 4563 umen
2047 4500 2144 4564 verbo

162 4606 275 4652 earum
302 4591 474 4665 conspectu
500 4579 541 4643 ad
563 4599 656 4663 opem
681 4581 773 4646 nobis
800 4581 966 4647 ferendam
996 4582 1127 4646 taudem
1179 4584 1352 4665 quiescam.
1397 4579 1488 4644 Idem
1513 4582 1538 4646 si
1561 4601 1633 4645 cras
1655 4584 1832 4666 contingat,
1863 4592 1896 4647 et
1918 4584 2082 4666 perendie,
2110 4587 2143 4650 in

162 4675 321 4737 flectatur.
374 4668 453 4733 Mox
485 4686 561 4730 vero
591 4687 625 4731 se
654 4667 808 4749 adeptum
838 4689 909 4733 esse
938 4666 1128 4751 pronuntiat
1179 4666 1290 4732 eadem
1314 4665 1410 4730 laude
1433 4667 1613 4749 persistam.
1657 4667 1709 4731 Ad
1733 4669 1818 4734 banc
1840 4668 2084 4735 meditationem
2110 4693 2144 4735 se

163 4755 247 4840 quod
269 4754 402 4838 optavit.
447 4752 537 4818 Malo
559 4752 646 4816 enim
672 4749 721 4835 (ut
744 4753 807 4817 iam
832 4753 913 4902 dix?
936 4755 1127 4818 affirmative
1179 4752 1395 4818 assttefaeiant
1432 4751 1558 4822 fideles.
1600 4763 1637 4817 ut
1669 4753 1756 4818 iuter
1787 4757 1983 4820 tentationes
2015 4757 2142 4821 firmam

164 4844 247 4907 hauc
276 4852 401 4924 partem
432 4840 551 4923 legere,
583 4846 620 4903 ut
642 4858 676 4902 se
699 4837 737 4901 ad
765 4859 882 4922 sperau
908 4860 958 4902 am
989 4836 1128 4902 salutem
1179 4840 1313 4922 gloriam
1345 4838 1517 4913 retineant,
1546 4837 1635 4902 nudo
1657 4838 1757 4904 verbo
1779 4843 1931 4905 conteuti.
1974 4840 2060 4905 Nam
2083 4844 2143 4907 etsi

164 4929 224 4993 bae
251 4926 468 4993 consolatione
499 4925 627 4988 muniat
650 4923 767 4998 David,
798 4926 881 5006 quod
910 4944 1022 4988 omnes
1050 4943 1128 4988 suae
1179 4923 1271 4987 Deus
1294 4922 1357 4987 illis
1380 4923 1593 5005 multiplicem
1625 4924 1784 5006 gloriandi
1807 4928 1977 4991 materiam
2005 4927 2142 4993 subinde

163 5015 325 5098 lacrymae
348 5013 380 5075 in
404 5012 466 5075 Dei
489 5011 724 5074 commentario
747 5009 925 5092 descriptae
947 5010 1028 5074 sint:
1052 5011 1129 5090 quia
1179 5010 1212 5071 in
1243 5009 1310 5073 suis
1342 5006 1506 5072 beneficiis
1536 5009 1737 5092 suppeditat:
1769 5013 1827 5075 vix
1857 5021 1966 5077 tamen
1996 5032 2141 5094 uuquam

164 5100 286 5164 scilieet
303 5118 415 5162 earum
434 5096 591 5160 memoria
608 5117 715 5163 coram
735 5116 771 5158 eo
788 5116 851 5158 non
870 5094 1001 5159 deletur.
1031 5092 1127 5174 Quod
1180 5101 1246 5157 tres
1270 5112 1384 5174 passus
1407 5095 1564 5164 conficere
1587 5095 1705 5172 licebit,
1735 5098 1796 5161 uisi
1820 5098 1854 5160 in
1878 5097 1982 5162 solum
2006 5099 2141 5163 verbum

163 5185 190 5247 si
218 5186 344 5266 piorum
377 5183 532 5266 lacrymis
561 5181 653 5247 Deus
686 5189 814 5244 tantum
850 5180 981 5245 honoris
1014 5177 1128 5257 defert,
1180 5177 1366 5243 recumbere
1389 5179 1569 5245 didicerint.
1606 5180 1728 5245 Eodem
1752 5185 1894 5263 pertinet
1915 5183 2052 5248 alterius
2072 5205 2143 5248 seu·

164 5281 249 5334 certe
272 5268 374 5331 multo
404 5269 513 5332 minus
543 5268 628 5332 sinet
651 5268 786 5332 effluere
814 5267 1018 5350 sanguinem,
1048 5265 1127 5347 quin
1179 5264 1300 5328 tentiae
1329 5266 1493 5347 repetitio,
1526 5266 1568 5331 Ia
1594 5266 1662 5331 Dee
1689 5270 1828 5350 speravi,
1858 5273 1911 5334 eto.
1954 5268 2026 5334 Etsi
2055 5270 2143 5335 euim
