4658 5856
140 335 204 402 229
959 327 1177 401 Psanites
1201 333 1319 400 XXII.
2074 338 2139 404 230

140 525 181 591 ad
216 523 336 591 deliras
369 523 495 591 fabulas
527 546 585 590 suo
618 545 708 588 more
738 523 943 607 oonlttgiunt,
974 525 1113 600 leonem,
1166 543 1264 605 quam
1287 523 1353 591 illis
1374 524 1533 606 spoliatus
1555 534 1613 601 est,
1644 545 1719 589 cum
1743 524 1882 593 ludibrio
1911 527 1999 592 inter
2028 525 2138 592 hostes

141 611 195 676 uhi
217 610 379 695 quispiam
402 610 552 688 occurrit,
582 610 741 678 circulum
764 611 872 674 faeere
894 609 997 675 eauda
1020 618 1113 674 ante·
1165 607 1269 673 dividi
1307 620 1462 692 tanquam
1504 610 1688 692 praemium
1728 611 1893 696 victoriae,
1934 634 1999 696 quo
2032 614 2138 696 magis

140 717 239 780 quam
261 697 303 762 ad
325 697 479 781 praedam
499 705 590 761 ruat:
614 696 701 761 unde
718 697 800 761 satis
822 707 967 779 apparet,
985 697 1114 760 ratione
1165 704 1304 778 augetur
1333 696 1525 780 indignitas,
1556 697 1633 779 quia
1663 717 1728 761 non
1759 718 1852 763 secus
1881 719 1919 765 ac
1941 699 1982 763 de
2004 697 2137 763 homine

140 803 195 847 eos
218 782 362 849 dest-itui.
384 783 456 847 Iam
479 804 581 866 quum
604 780 821 848 similitudine
843 781 946 847 leonis
963 782 1112 864 proximo
1164 790 1294 845 mortno
1319 781 1523 866 triumphum
1546 782 1696 865 agebant.
1720 780 1817 862 Quod
1839 794 1948 850 autem
1968 784 2138 849 literalitsr

140 890 237 935 versu
267 889 347 934 usus
374 867 482 949 fuerit,
513 887 715 953 supervacua
743 888 831 933 nuno
860 877 947 932 esset
974 867 1111 933 iteratio.
1163 863 1215 951 (ιιι
1236 868 1342 953 aiunt)
1364 877 1397 932 ει
1418 867 1540 949 absque
1561 870 1666 949 figura
1686 866 1794 932 locum
1811 868 1900 935 huno
1916 872 2020 936 citant
2036 890 2136 934 evan·

139 953 267 1020 Omitto
295 952 381 1037 quod
405 975 446 1018 ex
468 954 589 1019 nostris
618 953 751 1037 quidam
774 953 961 1034 observant,
991 973 1111 1018 nomen
1164 951 1310 1036 gelistae,
1339 954 1374 1018 in
1397 974 1435 1019 eo
1457 953 1540 1018 nihil
1569 963 1620 1018 est
1641 953 1791 1018 absurdi:
1824 977 1901 1021 nam
1931 976 1995 1038 qno
2017 955 2137 1020 certius

139 1061 213 1106 eum
254 1051 333 1105 nota
371 1039 594 1105 similitudinis
637 1039 859 1116 coniunctum,
903 1040 972 1104 fere
1015 1039 1113 1104 aliter
1164 1039 1330 1117 sciremus,
1364 1041 1398 1104 in
1428 1038 1489 1104 hcc
1518 1039 1652 1105 Psalmo
1680 1038 1850 1104 Christum
1881 1041 1974 1107 nobis
1997 1042 2137 1124 prophe·

139 1125 323 1208 punctuari.
353 1125 469 1209 Neque
491 1139 602 1190 tamen
623 1124 814 1210 subigendis
835 1123 967 1190 Iudaeis
990 1124 1111 1204 laboro,
1163 1124 1227 1189 tieo
1249 1126 1367 1208 spiritu
1389 1123 1587 1208 descriptum
1608 1145 1688 1202 esse,
1710 1146 1823 1190 eornm
1841 1147 1924 1209 quae
1942 1125 2137 1191 adumbrata

138 1231 278 1294 quorum
301 1211 461 1276 indomita
482 1225 532 1278 εει
553 1210 594 1275 ad
617 1211 794 1277 rixandum
818 1212 1015 1292 pertinacia:
1039 1223 1111 1274 tan·
1163 1220 1241 1276 sunt
1281 1212 1316 1275 in
1349 1209 1480 1276 Davide
1511 1211 1639 1276 visibile
1670 1211 1944 1294 oonrplementum
1986 1212 2137 1277 eoelestis

138 1311 207 1362 tum
242 1296 388 1363 breviter
426 1298 598 1364 ostendere
636 1297 729 1361 volui
762 1317 859 1379 quam
891 1296 1039 1380 improbe
1071 1296 1112 1361 ob
1162 1296 1319 1362 Peterin
1343 1317 1481 1379 persona
1503 1297 1563 1361 filii
1585 1296 1636 1362 sui
1658 1307 1788 1362 exstare
1810 1297 1922 1364 voluit.
1947 1298 2137 1363 Matthaeus

138 1382 304 1448 diversam
334 1382 434 1449 huius
461 1383 524 1449 loci
559 1383 732 1449 lectionem
762 1381 968 1448 Christianos
999 1382 1111 1465 exagi-
1162 1401 1232 1466 cap.
1255 1382 1288 1462 8,
1312 1382 1351 1446 ll
1374 1382 1584 1466 paralyticos,
1605 1401 1727 1460 caecos,
1750 1394 1783 1446 et
1804 1383 1938 1449 claudos
1960 1385 2029 1450 suis
2050 1405 2138 1448 mor·

138 1478 219 1534 tent.
275 1467 361 1534 Nam
395 1468 482 1551 quod
514 1468 680 1548 obiiciunt,
715 1488 758 1533 ex
791 1468 874 1552 legis
907 1469 1111 1550 praescripto
1162 1468 1213 1535 bis
1243 1477 1375 1534 sanatos
1405 1468 1561 1545 referens,
1593 1467 1654 1532 hoe
1683 1467 1779 1531 modo
1806 1469 2007 1554 completum
2035 1470 2137 1535 luisse

138 1554 303 1620 neminem
337 1557 504 1620 confixum
536 1554 638 1620 fuisse
671 1553 784 1632 clavis,
825 1554 859 1618 in
893 1573 933 1618 eo
967 1573 1111 1619 crassam
1162 1553 1242 1618 dicit
1262 1554 1388 1619 Iesaiae
1409 1553 1614 1630 vatioinium,
1636 1553 1720 1637 quod
1740 1553 1894 1620 Christus
1912 1556 1953 1620 ad
1977 1554 2137 1620 tollendas

136 1639 294 1706 historiae
315 1641 479 1707 inscitiam
497 1640 658 1724 produnt:
680 1641 755 1723 quia
777 1647 902 1705 certum
920 1648 972 1705 est
989 1640 1111 1704 Roma·
1162 1650 1290 1706 nostras
1328 1640 1538 1705 infirmitates
1577 1640 1699 1705 missus
1727 1640 1842 1705 fuerit:
1882 1661 1983 1723 quum
2024 1649 2135 1705 tamen

137 1746 197 1792 nos
220 1726 325 1791 multa
339 1748 381 1791 ex
399 1729 505 1809 patrio
522 1747 614 1791 more
630 1726 666 1790 in
684 1725 872 1809 provincias
894 1725 1110 1791 transtulisse.
1162 1725 1324 1810 propheta
1362 1725 1565 1808 spiritualem
1599 1725 1666 1792 illio
1707 1724 1869 1793 medicum
1903 1725 1997 1791 nobis
2029 1726 2134 1790 filium

137 1811 175 1878 si
198 1811 361 1878 Davidem
379 1810 533 1878 obiiciant
551 1833 720 1895 nunquam
738 1811 840 1877 fuisse
856 1811 945 1877 eruci
963 1811 1111 1891 affixum,
1162 1812 1226 1877 Dei
1250 1821 1420 1894 proponat.
1464 1809 1532 1879 Sed
1559 1819 1598 1876 ιιι
1627 1811 1668 1876 ad
1690 1809 1889 1876 eredendum
1913 1811 1999 1877 tardi
2020 1832 2136 1877 sumus

138 1897 244 1964 facilis
280 1897 402 1964 solutio
437 1908 497 1976 est,
530 1897 752 1981 metaphorice
786 1907 1003 1980 conquestum
1032 1917 1112 1974 esse.
1163 1911 1197 1963 et
1225 1897 1385 1973 difficiles,
1419 1896 1503 1961 nihil
1534 1896 1656 1962 mirum
1687 1896 1716 1962 si
1748 1917 1808 1979 pro
1842 1909 1956 1963 nostra
1988 1898 2136 1964 crassitie

137 2004 205 2048 non
232 2003 326 2050 secus
347 2005 383 2050 se
400 1984 582 2067 constringi
605 1982 646 2048 ab
669 1981 818 2048 hostibus
840 2002 939 2066 quam
961 1982 1017 2064 qui
1040 2003 1112 2064 per·
1162 1981 1335 2066 palpabilis
1355 1981 1593 2048 demonstratio
1618 1982 1709 2048 nobis
1727 1983 1789 2048 fuit
1809 1983 1966 2066 exhibita,
1989 2003 2071 2065 quae
2093 1982 2134 2047 ad

137 2069 232 2136 fossis
270 2069 423 2136 manibus
462 2079 495 2136 ει
525 2068 664 2154 pedibus
704 2067 745 2134 ad
787 2068 915 2154 lignum
948 2069 1110 2152 alligitur:
1162 2065 1490 2152 expergefaciendum
1514 2079 1681 2151 stuporem
1704 2084 1853 2134 nostrum
1877 2072 2049 2135 sufficeret.

137 2154 251 2239 quales
273 2155 371 2221 etiam
395 2156 607 2240 metaphorae
629 2155 819 2239 paulopost
840 2165 1024 2220 occurrent.
1248 2155 1301 2220 20.
1334 2152 1392 2240 (Ει
1420 2159 1454 2219 tu
1484 2152 1622 2240 Iehoeu.)
1667 2153 1860 2220 Tenendum
1894 2156 2052 2220 memoria
2084 2168 2136 2220 est

1162 2239 1320 2323 quidquid
1354 2239 1513 2306 haetenus
1546 2239 1587 2304 de
1619 2261 1655 2305 se
1688 2241 1840 2323 exposuit
1873 2238 1994 2307 David.
2048 2240 2135 2305 Nam

225 2325 275 2392 18.
299 2325 481 2392 Numerobo
510 2327 617 2392 onvnie
637 2346 710 2392 ossa
730 2346 813 2391 meu:
840 2326 907 2408 ipsi
922 2325 1111 2406 εᾱειιὶεἱιιιιι,
1162 2345 1264 2408 quum
1294 2325 1379 2391 nihil
1409 2323 1451 2389 ad
1479 2325 1683 2390 mseriarum
1714 2327 1882 2391 cumulum
1905 2326 2041 2404 deesset,
2075 2347 2136 2392 nec

138 2417 167 2477 et
192 2412 356 2478 intuentur
384 2433 440 2477 me.
488 2411 1009 2478 lausannensem
1029 2431 1109 2488 mee,
1161 2413 1294 2477 interim
1324 2410 1469 2477 scintilla
1497 2409 1566 2475 nlla
1595 2412 1731 2477 micaret
1759 2412 1890 2477 futurae
1918 2411 2136 2478 liberationis:

135 2518 231 2580 vtutarer
251 2504 363 2563 vesum
382 2518 482 2562 mum
503 2500 631 2564 mittunt
647 2503 768 2564 aarum.
791 2497 844 2562 20.
866 2497 911 2562 Ει
931 2502 965 2561 tn
984 2495 1109 2577 Iaheuo,
1162 2497 1248 2580 quod
1270 2519 1337 2563 non
1358 2497 1462 2563 solum
1486 2495 1649 2579 patienter
1671 2496 1813 2576 duravit,
1841 2496 1897 2563 sed
1920 2519 1962 2562 ex
1981 2495 2134 2580 despera·

137 2603 175 2649 ne
198 2584 311 2668 procul
338 2584 439 2650 abac:
466 2585 616 2666 fortitude
642 2604 721 2662 meu,
750 2584 794 2650 ud
820 2582 980 2649 auxilium
1007 2602 1110 2648 meum
1162 2583 1262 2650 tionis
1294 2583 1412 2667 abysso
1434 2582 1567 2647 emersit
1595 2582 1636 2648 ad
1654 2581 1719 2646 Dei
1748 2583 2001 2660 invocationem,
2031 2584 2134 2649 admi·

137 2669 261 2751 festino.
306 2669 358 2735 21.
382 2669 485 2752 Eripe
507 2692 527 2735 a
547 2669 656 2752 plodio
678 2670 820 2736 animum
841 2688 951 2747 meum,
974 2688 991 2734 e
1011 2689 1110 2734 manu
1161 2670 1325 2735 rabileest
1339 2668 1414 2735 fidei
1430 2667 1669 2734 documentum.
1693 2668 1852 2735 Notsmus
1866 2688 1954 2753 ergo,
1970 2668 2133 2735 Davidem

137 2755 225 2820 canis
246 2756 374 2820 unicum
394 2754 544 2841 meant).
588 2755 640 2821 22.
669 2753 769 2820 Servo
789 2776 838 2821 me
859 2774 899 2819 en
921 2773 974 2820 ere
1001 2755 1109 2835 leonis,
1161 2777 1238 2821 suas
1266 2754 1518 2820 lamentationes
1548 2775 1614 2819 non
1643 2754 1766 2821 fudisse
1796 2766 1954 2837 tanquam
1977 2775 2079 2820 vanas
2101 2769 2135 2820 et

137 2844 165 2904 et
185 2861 201 2905 e
223 2841 368 2907 munibus
389 2842 593 2908 unicornium
612 2841 769 2906 mundius
790 2861 847 2907 me.
1162 2843 1283 2920 irritas,
1316 2850 1354 2906 ut
1385 2861 1482 2924 saepe
1511 2839 1603 2905 anxii
1631 2839 1782 2906 homines
1812 2849 1934 2907 temere
1957 2841 2135 2924 proiicinnt

1162 2947 1240 2993 suos
1272 2927 1429 3010 gemitus:
1473 2926 1551 3008 quia
1583 2947 1698 3009 preces
1731 2925 1861 2991 additae
1890 2927 1971 2992 satis
2000 2925 2134 2992 demon·

223 3010 275 3077 18.
297 3009 501 3097 (Nurneraho,
528 3011 596 3099 ete.)
618 3025 747 3110 nqmp
765 3011 920 3078 dicuntur
944 3032 1019 3078 ossa
1043 3012 1110 3076 He-
1161 3023 1270 3079 strant
1298 3033 1446 3094 sperasse
1475 3032 1572 3093 quem
1594 3012 1728 3094 optabat
1756 3013 1893 3076 exitum.
1936 3011 2010 3077 Imo
2032 3033 2132 3095 quum

139 3099 243 3164 brasis
266 3119 286 3162 a
307 3098 432 3178 robore,
462 3095 535 3162 ideo
564 3099 627 3163 hoe
654 3119 776 3164 nomen
803 3097 968 3162 interdum
993 3096 1045 3162 vel
1067 3098 1108 3162 ad
1162 3100 1267 3163 Deum
1290 3099 1439 3163 nominat
1459 3118 1553 3162 suam
1582 3096 1819 3174 fortitudinem,
1848 3098 1884 3162 in
1907 3096 1968 3164 hoo
1989 3099 2134 3181 epitheto

138 3184 265 3260 amicos,
305 3202 445 3265 quorum
485 3183 646 3266 praesidio
677 3185 779 3249 fortes
818 3204 940 3260 sumus,
988 3182 1042 3249 vel
1074 3184 1107 3247 in
1161 3184 1283 3250 clarius
1305 3183 1443 3248 fiduciae
1465 3202 1543 3247 suae
1564 3183 1787 3248 testimonium
1806 3183 1924 3247 reddit.
1946 3183 2024 3247 Non
2046 3185 2133 3248 enim

138 3269 333 3348 defensione,
363 3269 404 3333 ad
431 3282 629 3352 argumenta
655 3279 689 3334 et
717 3269 861 3334 rationes
888 3289 970 3351 quae
991 3289 1108 3333 causae
1161 3269 1351 3334 dubitanter
1383 3269 1523 3350 concipit
1558 3290 1618 3333 sua
1651 3279 1736 3346 vota,
1775 3269 1833 3332 sed
1867 3268 1927 3332 sibi
1969 3269 2133 3349 promittit
2212 3272 2215 3277 ’

137 3355 254 3420 robora
274 3364 361 3434 sunt,
383 3355 589 3421 transfertur.
633 3354 712 3420 Ideo
735 3354 866 3437 quidam
890 3356 936 3420 sic
958 3374 1110 3437 praesen·
1161 3354 1247 3438 quod
1281 3354 1425 3418 nondum
1462 3352 1552 3418 videt
1583 3354 1753 3418 auxilium.
1799 3355 1865 3418 Per
1896 3354 2040 3436 gladium
2074 3376 2132 3436 por

138 3452 201 3506 tem
231 3441 341 3505 locum
370 3441 578 3523 exprimunt:
608 3441 767 3506 Rationes
796 3460 885 3505 meas
908 3441 1109 3505 numerando
1159 3461 1289 3505 monum
1317 3441 1415 3517 canu,
1444 3462 1502 3522 per
1534 3459 1569 3505 oa
1595 3440 1701 3516 honis,
1729 3453 1762 3504 et
1790 3460 1907 3506 cernua
1934 3441 2134 3505 unicornium

139 3526 224 3591 nihil
244 3525 425 3610 proficiam,
457 3527 534 3608 qnia
566 3526 665 3592 semel
694 3524 861 3591 decretum
890 3534 939 3591 est
961 3525 1108 3591 hostibus
1159 3525 1355 3611 intelligitur
1384 3547 1539 3606 praesens
1566 3527 1683 3591 mortis
1711 3525 1903 3608 perieulum,
1935 3534 1969 3590 ει
1998 3526 2132 3609 quidem

94 3666 103 3682 .
137 3613 228 3690 meis,
258 3633 316 3695 per
344 3611 394 3676 fas
424 3624 481 3676 aut
503 3613 603 3692 nefas,
633 3612 725 3677 nullo
754 3610 927 3695 aequitatis
949 3622 1107 3694 respectu,
1160 3612 1344 3695 multiplex.
1388 3609 1485 3678 Unde
1515 3612 1709 3696 colligimus,
1739 3631 1839 3694 quum
1867 3613 1902 3675 in
1935 3634 1970 3678 se
1999 3632 2133 3694 prorsus

136 3718 189 3762 mc
213 3697 359 3780 perdere.
405 3698 473 3762 Alii
494 3718 582 3777 vero,
611 3699 638 3763 si
660 3698 810 3782 colligam
834 3717 1045 3779 quaecunque
1067 3697 1108 3762 ad
1160 3699 1358 3764 deficereta
1387 3709 1493 3762 morte
1523 3698 1684 3774 obsessus,
1713 3699 1843 3763 stetisse
1871 3711 1982 3762 tamen
2014 3699 2132 3762 lortem

136 3804 189 3848 me
211 3783 390 3848 iuvandum
414 3785 520 3849 faeere
543 3784 694 3849 videntur
716 3783 850 3862 auxilia,
881 3783 962 3846 nihil
991 3782 1107 3866 prode·
1159 3787 1194 3849 in
1216 3783 1372 3862 Domino,
1395 3796 1428 3848 et
1451 3784 1538 3846 vitae
1560 3784 1710 3866 spiritum
1730 3804 1859 3865 semper
1877 3786 1912 3847 in
1931 3783 2001 3847 eius
2023 3783 2132 3848 animo

137 3878 226 3933 runt.
272 3867 339 3935 Sed
369 3870 445 3952 quia
474 3871 637 3952 expositio
668 3888 751 3953 quae
773 3868 879 3952 magis
895 3880 1026 3949 recepta
1047 3878 1107 3947 est,
1159 3871 1312 3954 viguisse.
1359 3867 1456 3949 Quod
1484 3869 1625 3934 animum
1654 3869 1780 3934 unicum
1810 3889 1867 3951 pro
1897 3887 1974 3933 cara
1998 3878 2031 3932 ει
2058 3889 2131 3951 pre·

136 3954 316 4037 simplicior
338 3964 372 4018 et
394 3957 500 4038 magis
522 3957 665 4039 genuina
689 3954 825 4032 videtur,
856 3975 926 4019 eam
952 3954 1108 4019 libentius
1159 3958 1243 4020 ticsa
1271 3954 1404 4037 quidam
1433 3954 1606 4035 accipiunt,
1638 3976 1703 4018 non
1727 3953 1898 4019 convenit:
1929 3955 2006 4036 quia
2023 3956 2132 4036 potins

136 4039 334 4123 amplector:
367 4061 484 4123 nempe
518 4053 554 4104 ut
586 4052 742 4123 queratur
763 4039 883 4119 David,
915 4042 950 4104 in
973 4058 1107 4120 eorpore
1158 4042 1328 4125 signifieat,
1359 4042 1447 4103 inter
1477 4049 1524 4102 tct
1554 4049 1676 4105 mortes
1703 4039 1785 4103 nihil
1817 4040 1879 4104 sibi
1913 4040 1982 4121 opis
2005 4041 2039 4104 in
2064 4050 2131 4106 toto

135 4127 241 4192 macie
270 4127 417 4192 confecto
440 4146 514 4191 ossa
534 4147 707 4210 apparere:
739 4147 815 4191 mox
838 4128 926 4190 enim
949 4124 1107 4208 adiungit.
1159 4126 1282 4192 mundo
1310 4125 1431 4203 offerri,
1461 4126 1557 4190 sicuti
1580 4126 1712 4191 Psalmo
1742 4125 1793 4205 35,
1826 4125 1866 4189 17
1889 4123 2003 4190 ecdem
2033 4148 2130 4192 sensu
2195 4186 2200 4194 ,

138 4211 248 4277 hostes
270 4212 473 4294 voluptatem
495 4231 611 4294 capere
639 4234 680 4277 ex
704 4212 760 4276 tali
784 4211 976 4294 spectaculo.
1021 4211 1107 4277 Con·
1158 4214 1256 4279 unioa
1283 4212 1393 4275 anima
1422 4212 1555 4294 ponitur
1582 4232 1641 4293 pro
1670 4211 1825 4289 solitaria,
1856 4225 1889 4275 et
1918 4232 2002 4293 quae
2024 4214 2130 4279 subsi-

134 4297 232 4362 einne
254 4306 364 4363 autem
386 4297 459 4361 fluit
480 4308 662 4376 contextus,
692 4306 760 4362 tam
782 4296 1013 4379 inexplebilem
1037 4317 1108 4362 esse
1159 4297 1381 4364 diisomnibus
1393 4296 1598 4363 destituitur:
1616 4297 1811 4381 quodetiam
1825 4319 1866 4362 ex
1878 4296 2012 4362 Psalmo
2025 4298 2076 4376 25,
2091 4300 2131 4364 16

137 4383 282 4448 hostium
304 4384 486 4461 saevitiam,
514 4394 553 4447 ut
573 4382 732 4448 miserum
762 4383 927 4449 hominem
950 4383 1107 4466 languore
1157 4383 1279 4449 elarius
1301 4381 1433 4465 patebit,
1464 4382 1521 4448 uhi
1542 4404 1718 4466 pauperem
1742 4395 1775 4447 ει
1796 4385 1930 4449 unicum
1953 4404 1988 4448 se
2012 4406 2131 4451 vocans

135 4469 332 4546 confectum,
378 4481 412 4534 et
450 4469 543 4552 quasi
583 4466 729 4534 tabidum
769 4479 950 4549 cernentes,
996 4468 1107 4534 oeulos
1158 4467 1277 4548 David,
1306 4469 1395 4533 haud
1425 4468 1522 4534 dubie
1544 4469 1656 4535 amieis
1679 4470 1830 4534 omnibns
1853 4489 1888 4534 ss
1910 4469 2070 4549 orbatum,
2098 4488 2130 4534 et

138 4566 247 4619 tamen
270 4563 336 4618 tam
357 4554 444 4620 tristi
462 4554 647 4638 spectaculo
669 4566 815 4637 pascant.
838 4553 936 4635 Quod
958 4556 1107 4636 proximo
1159 4579 1178 4621 a
1210 4565 1279 4620 toto
1306 4553 1431 4620 mundo
1461 4554 1626 4620 desertum
1653 4556 1876 4638 conqueritur.
1921 4555 1963 4617 In
1995 4556 2059 4619 tine
2088 4556 2130 4620 22

137 4660 236 4706 versu
249 4639 289 4705 de
303 4641 447 4706 vestibus
465 4641 621 4724 seqnitur,
640 4641 873 4706 translatitium
893 4650 953 4723 est,
973 4639 1108 4722 perinde
1160 4661 1283 4724 versus,
1306 4640 1362 4706 uhi
1384 4639 1514 4718 dieitur,
1535 4640 1712 4723 Responde
1733 4639 1823 4720 mihi,
1847 4641 1900 4704 vel
1924 4640 2053 4705 Exaudi
2078 4663 2130 4706 me

135 4727 227 4792 enim
245 4734 296 4791 est
313 4728 389 4792 acsi
407 4724 545 4792 dixisset
566 4726 713 4791 fortunas
735 4746 847 4791 omnes
865 4747 943 4792 suas
960 4726 995 4790 in
1014 4746 1107 4808 praee
1158 4750 1178 4793 a
1212 4725 1379 4792 cornibus:
1419 4747 1608 4809 quanquam
1641 4727 1787 4810 loquutio
1827 4724 1979 4791 hebraica
2017 4725 2130 4793 latinis

137 4811 214 4875 dam
245 4831 316 4876 esse
348 4812 522 4894 expositas,
553 4820 591 4878 ιιι
619 4812 726 4876 solent
749 4812 890 4878 victores
922 4812 976 4877 vel
1006 4810 1108 4893 spolia
1159 4812 1294 4878 auribus
1322 4831 1386 4876 non
1416 4811 1500 4876 nihil
1530 4814 1669 4877 obscura
1698 4824 1763 4888 εει,
1793 4833 1909 4876 εειιειιε
1932 4821 2041 4875 ιειιιειι
2064 4834 2128 4879 noa

137 4896 288 4979 diripere,
319 4898 371 4963 vel
402 4899 488 4962 inter
517 4919 551 4963 se
579 4898 687 4963 sortiri
711 4897 788 4980 quid
810 4899 929 4980 cuique
951 4897 1108 4980 obtingat.
1159 4909 1208 4964 est
1230 4897 1413 4980 ambiguus,
1437 4898 1513 4981 quia
1536 4908 1664 4963 tantum
1688 4918 1786 4963 eausa
1814 4917 1873 4979 pro
1896 4896 2013 4961 effectu
2038 4902 2129 4980 poni·

137 4981 210 5048 Sua
241 4984 329 5047 enim
364 4990 566 5062 ornamenta,
607 5005 684 5065 opes
717 5003 794 5048 suas
826 4993 859 5048 et
898 5001 1109 5067 quaeeunque
1160 4996 1225 5050 tur.
1268 4982 1352 5048 Inde
1380 4984 1470 5048 enim
1493 4984 1652 5061 liberatio,
1682 4984 1760 5066 quia
1790 5003 1849 5048 nos
1871 4982 1963 5046 Deus
1985 4985 2129 5053 exaudit.

139 5066 335 5152 possederat,
365 5071 512 5137 vestibus
542 5090 745 5152 comparans,
774 5069 996 5151 conqueritur,
1020 5077 1109 5153 post·
1161 5069 1200 5136 si
1223 5080 1314 5153 roget
1337 5070 1497 5152 quispiam
1520 5068 1678 5152 qucmodo
1701 5068 1761 5134 hoc
1783 5067 1917 5134 Christo
1934 5070 2040 5150 aptari
2058 5094 2130 5156 pos·

1162 5157 1214 5233 sit,
1248 5176 1346 5238 quem
1376 5165 1470 5237 pater
1500 5177 1562 5219 non
1595 5155 1716 5238 eripuit
1748 5176 1767 5218 a
1796 5162 1915 5218 morte:
1950 5159 2130 5237 respondeo

227 5259 256 5328 ³)
273 5277 317 5313 ma
334 5258 416 5321 seule,
436 5272 469 5312 en
487 5273 590 5327 mores:
609 5258 747 5327 aseqavoir
766 5257 817 5322 vie,
835 5256 882 5325 qui
900 5263 943 5311 est
960 5259 1041 5311 seule.
1163 5262 1227 5307 uno
1250 5238 1358 5318 verbo,
1379 5241 1481 5306 fuisse
1503 5241 1670 5323 potentius
1691 5248 1851 5324 ereptum,
1874 5260 1971 5322 quam
1995 5243 2022 5307 si
2044 5248 2129 5327 peri·

1876 5341 1926 5395 15*
