4658 5856
160 328 224 395 615
977 326 1192 396 PSALMUS
1215 330 1341 397 LXVI.
2094 333 2158 397 616

162 521 362 598 tolerantiae
396 539 474 586 suae
518 519 795 601 perseverantiam
838 516 960 584 orendo
1000 516 1133 600 probet:
1184 520 1274 586 Deae
1303 523 1360 603 qui
1386 541 1448 588 noc
1476 522 1594 588 amovit
1608 521 1818 602 precationem
1847 541 1958 603 meam,
1986 522 2158 589 616111611-

162 608 279 675 deinde
307 602 546 692 gratitudinem
576 617 719 670 testetur.
765 604 834 670 Nec
862 602 919 669 668
941 624 977 669 16
1000 603 1135 670 6161186
1184 607 1323 672 cordiam
1344 628 1438 674 auam
1460 628 1482 671 a
1502 628 1559 673 me.

163 695 257 761 labiis
279 693 452 774 6161611866
481 696 566 769 coto,
600 690 789 774 significans
822 709 988 771 nunquam
1021 711 1056 755 sc
1088 689 1136 754 ita

49 804 55 817 ’
163 801 311 846 moerore
334 779 433 843 luisse
451 778 673 855 constrictum,
695 775 774 859 quin
793 775 912 840 diserte
929 795 1041 858 616668
1058 770 1161 873 666-ξ
1272 778 1321 845 lt.
1344 777 1412 865 (Ad
1431 777 1562 864 ipsum.)
1596 777 1777 846 Confirmat
1798 798 1833 844 se
1855 778 1919 844 Dei
1941 778 2069 846 auxilio
2093 778 2157 843 sal·

163 867 296 950 cipiens,
326 866 535 947 profiteretur
559 862 650 928 sein
674 882 773 926 munu
795 860 860 925 Dei
881 860 1019 926 salutem
1042 882 1135 926 suam
1185 885 1262 928 vum
1292 886 1373 944 esse,
1403 866 1574 947 quiscum
1597 874 1759 947 precatus,
1786 864 1856 947 ipso
1878 864 1997 931 effectu
2017 866 2160 931 senserit

164 953 336 1036 deponere.
391 948 443 1013 De
477 947 560 1012 votis
593 947 677 1030 quod
711 946 789 1011 alibi
821 946 924 1011 fusius
958 948 1134 1012 tractatum
1186 949 1286 1015 fuisse
1316 951 1377 1016 sibi
1407 951 1594 1034 propitium.
1638 949 1798 1014 Votorum
1827 950 1915 1015 enim
1937 949 2064 1016 fructus
2083 971 2159 1035 gra·

164 1039 235 1114 fuit,
257 1035 403 1103 breviter
426 1033 642 1117 repetendum
663 1044 723 1098 est.
756 1033 869 1098 Primo
891 1030 973 1097 nihil
991 1052 1135 1115 unquam
1185 1036 1264 1100 1166
1286 1035 1351 1100 Ι)61
1380 1056 1445 1101 666
1469 1057 1583 1119 parum
1606 1035 1760 1112 illustrat,
1789 1045 1827 1099 ut
1848 1035 1941 1101 nobis
1962 1035 2007 1101 811
2029 1036 2158 1103 certior.

164 1132 295 1190 8666168
327 1131 438 1206 661168
466 1120 596 1185 1611888
626 1118 707 1197 Ι)66,
740 1118 803 1183 6181
832 1117 917 1199 quod
946 1119 976 1182 ei
1005 1117 1135 1202 probari
1184 1120 1310 1186 Iterum
1342 1143 1401 1204 per
1429 1141 1462 1186 os
1489 1127 1516 1187 et
1543 1121 1693 1205 tiapucm,
1722 1120 1818 1186 sicuti
1847 1120 1945 1203 paulo
1966 1134 2055 1198 ante,
2086 1143 2157 1206 pre·

164 1211 297 1275 scirent.
341 1204 471 1271 Deinde
500 1225 566 1269 non
592 1204 782 1271 161188616
807 1203 1040 1279 6116611666,
1070 1203 1135 1268 nisi
1186 1207 1282 1272 candi
1305 1208 1545 1273 vehementiam
1564 1218 1597 1272 et
1614 1206 1762 1271 ardorem
1781 1206 1947 1289 exprimit.
1982 1207 2055 1273 Nisi
2073 1228 2160 1273 oras·

164 1311 200 1361 ιιι
224 1292 435 1379 gratitudinis
456 1313 534 1356 suae
557 1289 779 1356 testimonium
804 1287 985 1354 redderent.
1025 1289 1135 1370 Quare
1186 1306 1236 1358 set
1269 1314 1311 1358 ex
1343 1294 1458 1360 intimo
1490 1292 1595 1360 cordis
1628 1292 1764 1369 affectu,
1804 1292 1995 1376 repudiatus
2028 1293 2159 1377 quidem

153 1382 264 1446 'nimis
285 1379 409 1443 insulse
432 1377 563 1442 illorum
582 1376 769 1458 exemplum
788 1375 971 1441 obtendunt
989 1376 1135 1459 papistae
1186 1390 1289 1445 esset:
1312 1378 1369 1444 866
1391 1379 1537 1465 linguam
1562 1379 1639 1442 facit
1657 1376 1764 1443 cordis
1781 1379 1941 1457 comitem,
1963 1389 2000 1443 ut
2018 1380 2159 1445 sciamus

164 1488 230 1533 non
265 1464 360 1531 modo
392 1463 590 1542 temerariis,
625 1461 681 1528 sed
715 1461 813 1526 etiem
847 1461 1014 1545 sacrilegis
1042 1463 1135 1540 16118,
1187 1485 1253 1531 666
1277 1465 1395 1549 frigide
1417 1487 1491 1530 eum
1514 1486 1634 1530 orasse.
1668 1461 1766 1544 Quod
1789 1464 1937 1529 nonnulli
1957 1463 2015 1531 aab
2037 1466 2158 1549 1166116,

163 1554 240 1619 666
282 1551 388 1633 61166
422 1548 560 1613 futiliter
592 1546 775 1613 obtrndunt
808 1547 878 1612 Deo
911 1546 1066 1630 quidquid
1100 1549 1135 1611 in
1187 1553 1379 1616 tantundem
1404 1552 1512 1617 161616
1534 1560 1654 1633 661661
1675 1560 1771 1631 atque
1792 1550 1828 1614 ia
1847 1550 1947 1629 corde,
1978 1549 2159 1616 absurdum

165 1639 298 1704 buccam
328 1636 436 1700 venit:
467 1634 584 1699 deinde
616 1633 697 1697 nihil
728 1633 788 1698 sibi
819 1634 927 1698 minus
949 1642 1134 1717 proponunt
1187 1650 1245 1701 est.
1289 1634 1406 1703 Sermo
1436 1639 1522 1701 enim
1553 1637 1607 1718 qui
1636 1656 1678 1700 ex
1700 1633 1832 1719 linguae
1855 1636 1978 1700 reflexu
2001 1637 2160 1718 procedit,

163 1743 262 1808 quam
286 1736 411 1787 rectum
435 1722 543 1797 11666,
567 1731 600 1783 61
623 1718 781 1783 diabolica
802 1719 955 1802 superbia
978 1719 1017 1783 de
1039 1718 1136 1784 rebus
1186 1723 1247 1786 sub
1287 1721 1401 1806 lingua
1441 1723 1532 1788 nasci
1564 1720 1700 1786 dicitur:
1738 1722 1822 1786 sicut
1854 1720 1950 1798 alibi,
1984 1722 2158 1787 Venenum

163 1810 224 1876 sibi
249 1830 313 1871 non
337 1810 498 1874 concessis
520 1807 756 1887 pasciscuntur.
1186 1807 1334 1891 aspidum
1366 1809 1427 1874 sub
1458 1807 1552 1873 labiis
1578 1827 1700 1884 eorum,
1733 1806 1865 1871 Psalmo
1897 1806 1969 1886 140,
1999 1828 2100 1872 versu
2130 1815 2158 1871 4.

252 1891 528 1977 16.(Η616666616
551 1889 746 1977 pinguium.)
789 1889 851 1954 Vel
878 1889 1053 1970 Davidem,
1083 1890 1136 1955 vel
1186 1893 1364 1958 Ecoltonde’
1394 1894 1491 1959 16166
1520 1892 1685 1977 significat
1712 1914 1777 1956 non
1807 1892 1872 1957 alia
1896 1891 2031 1957 honoris
2053 1894 2159 1975 866616

163 1980 304 2062 aliquem
338 2000 378 2043 ex
409 1978 545 2042 summis
575 1977 764 2059 proceribus
792 1976 846 2040 hic
875 1975 963 2058 loqui
992 1986 1135 2059 oportet:
1186 1980 1302 2044 melius
1321 1979 1385 2046 coli
1403 1979 1521 2059 Deum,
1539 1999 1637 2061 quam
1657 1976 1712 2043 ubi
1730 1977 1771 2042 ab
1790 1977 1860 2059 ipso
1880 1978 2046 2060 expetitur
2061 1979 2158 2044 salus.

163 2067 239 2149 quia
281 2074 319 2129 ut
359 2064 466 2129 tenuis
500 2063 650 2128 fortunae
682 2062 831 2139 homines
863 2071 943 2127 tam>
964 2064 1072 2144 opima
1104 2073 1136 2127 61
1186 2063 1282 2131 Unde
1312 2076 1449 2149 apparet
1477 2065 1512 2129 in
1545 2072 1667 2147 papatu
1694 2062 1829 2212 86611611
1853 2064 1961 2146 16866
1984 2065 2158 2147 6166616116

164 2149 337 2233 861666166
366 2149 524 2215 8661111616
555 2148 712 2214 offerrant
739 2146 877 2214 facultas
907 2168 973 2212 non
1000 2147 1135 2214 sinebat.
1209 2151 1308 2216 lorias
1326 2172 1404 2217 suae
1423 2164 1525 2234 parte,
1544 2149 1602 2216 ubi
1620 2148 1671 2215 161
1689 2168 1708 2213 6
1749 2159 1893 2214 mortuas
1913 2149 2018 2214 16166
2034 2159 2158 2214 statuas

164 2235 339 2302 Probabile
361 2237 463 2318 igitur
484 2245 533 2301 est
555 2233 716 2301 Davidem
739 2232 864 2299 Psalmi
885 2253 958 2301 6886
979 2244 1136 2310 6616166,
1187 2173 1414 2302 distrahuntur
1443 2237 1612 2301 hominum
1644 2246 1735 2299 vota:
1765 2248 1797 2298 61
1819 2234 1982 2301 invocatio
2004 2234 2069 2300 Dei
2092 2235 2158 2300 fere

169 2323 224 2405 qui
262 2334 430 2403 sumptum
463 2320 606 2406 regalem
636 2321 796 2386 facturum
829 2339 864 2384 se
896 2317 1070 2384 denuntiat
1102 2320 1135 2383 in
1186 2343 1245 2405 pro
1279 2323 1382 2387 nihilo
1413 2322 1553 2388 ducitur.
1610 2318 1674 2387 Sed
1706 2321 1837 2384 interim
1870 2320 1976 2403 legam
2009 2341 2094 2403 pure
2127 2335 2158 2385 61

168 2407 344 2474 8661166116.
378 2405 510 2474 Scimus
532 2418 640 2472 66166
663 2427 720 2473 661
742 2406 803 2471 8161
827 2415 907 2469 1666
927 2404 1020 2471 Deus
1042 2405 1135 2471 victi·
1187 2417 1274 2474 recte
1295 2408 1412 2474 orandi
1433 2408 1563 2474 subiicit
1585 2406 1752 2489 propheta,
1778 2426 1818 2470 ne
1841 2406 2019 2489 praeterita
2041 2406 2106 2471 fide
2128 2423 2158 2472 61

166 2515 238 2559 668
267 2494 374 2558 offerri
406 2494 537 2558 iusserit
565 2514 623 2575 pro
647 2493 826 2577 gratiarum
849 2490 987 2565 actione,
1019 2512 1136 2572 nempe
1187 2495 1397 2577 poenitentia,
1417 2505 1539 2559 temere
1558 2514 1593 2558 86
1611 2492 1746 2575 6618666
1765 2490 1806 2556 ad
1820 2491 1928 2556 Deum
1942 2492 2158 2557 invocandum

166 2581 329 2644 61861161
358 2579 495 2662 6666168
523 2576 817 2644 8661666661116
846 2575 1136 2657 661161611111611
1187 2580 1324 2662 ingerat,
1379 2579 1525 2656 Scimus,
1565 2579 1692 2661 quoties
1730 2578 1764 2641 in
1807 2598 1926 2660 genere
1965 2578 2158 2661 pronuntiat

166 2665 229 2730 Dei
254 2664 376 2741 laudes,
401 2665 462 2728 nisi
481 2664 613 2729 aliunde
630 2663 882 2727 sanctificentur.
915 2660 1001 2726 Nam
1019 2672 1134 2728 utcun·
1187 2666 1351 2747 scriptura
1378 2663 1596 2730 invocandum
1627 2684 1696 2737 esse
1727 2662 1845 2739 Deum,
1875 2683 1973 2746 quam
2004 2662 2158 2729 audacter

167 2772 228 2834 que
260 2750 351 2815 nobis
381 2751 424 2815 sit
453 2753 651 2832 propositum
675 2747 808 2812 laudare
830 2746 892 2811 Dei
915 2766 1046 2825 nomen,
1076 2748 1135 2812 im·
1187 2750 1371 2834 irrumpant
1403 2750 1593 2833 hypocritae
1626 2763 1658 2813 81
1691 2748 1819 2832 profani
1853 2748 2016 2825 hominos,
2059 2771 2158 2832 seque

167 2836 258 2919 puris
282 2847 388 2900 tamen
412 2833 505 2900 labiis
522 2834 871 2919 ipsum'profanamus,
895 2833 957 2899 nisi
975 2844 1135 2916 quatenus
1187 2837 1405 2918 permisceant
1436 2835 1595 2900 fidelibus.
1650 2835 1740 2919 Ergo
1774 2834 1934 2917 propheta
1967 2844 2007 2901 ut
2040 2836 2158 2900 1611668

167 2944 201 2987 86
225 2920 376 2986 Christus
398 2920 498 2985 semel
520 2920 661 2985 hostiam
686 2918 805 2984 obtulit
827 2929 864 2982 ut
886 2937 946 2983 nos
968 2929 1002 2984 61
1024 2930 1136 2985 nostra
1187 2920 1335 2988 ludibriis
1356 2923 1489 2987 ianuam
1512 2920 1710 3003 praecludat,
1733 2919 1838 2985 cordis
1861 2921 2087 3002 integritatem
2110 2943 2156 2985 16

166 3007 277 3071 omnia
294 3005 481 3071 sanctificet.
512 3004 1134 3089 1666611666661666816168Η66.10,7
1187 3008 1295 3091 quirit.
1340 3007 1460 3073 Fateor
1489 3006 1620 3090 quidem
1643 3005 1838 3088 prophetam
1860 3006 1913 3072 his
1937 3007 2045 3072 serbis
2067 3028 2157 3072 suam

166 3093 355 3175 peripsum
378 3092 734 3176 placerelaudesquas
752 3089 1024 3157 Deo-referimus.
1059 3090 1134 3159 Suf-
1187 3094 1405 3160 innocentiam
1433 3114 1594 3172 asserere,
1623 3090 1895 3175 quemadmodum
1923 3114 2021 3175 saepe
2052 3090 2157 3158 David

165 3180 260 3244 litum
279 3179 329 3243 sui
348 3178 528 3245 holocausti
546 3179 600 3243 hic
619 3176 826 3243 commendat
845 3177 1014 3259 propheta,
1035 3200 1135 3261 quum
1188 3178 1381 3262 probitatem
1410 3200 1504 3244 suam
1535 3178 1625 3254 reali,
1655 3189 1690 3243 ut
1720 3177 1768 3242 ita
1795 3176 1911 3258 dicam,
1940 3180 2068 3261 gratiae
2097 3177 2156 3241 Dei

165 3263 242 3330 inde
281 3264 412 3330 nonnisi
451 3264 562 3348 gravis
594 3283 632 3329 ac
665 3261 799 3344 putidus
830 3262 911 3327 odor
943 3264 978 3328 16
1010 3265 1134 3329 666166
1187 3267 1375 3330 testimonio
1392 3265 1596 3332 acalumniis
1608 3264 1741 3330 asserit:
1761 3261 2000 3328 sedconsilium
2015 3266 2157 3330 maxime

166 3349 386 3415 adscenderit:
426 3349 483 3414 sed
524 3358 686 3433 quatenus
716 3349 842 3433 figurae
875 3360 970 3414 erent
1000 3349 1135 3426 Christi,
1187 3351 1250 3416 fuit
1279 3349 1408 3416 tradere
1437 3372 1496 3416 suo
1525 3349 1674 3445 exemplo
1704 3368 1911 3414 communem
1934 3350 2096 3433 regulam,
2124 3364 2157 3415 ut

166 3436 283 3501 arietes
311 3433 458 3517 aliaeque
489 3434 649 3512 victimae,
679 3434 826 3499 suaviter
853 3452 962 3499 coram
985 3434 1056 3500 Deo
1085 3456 1135 3500 re·
1188 3437 1350 3502 discamus
1380 3435 1420 3500 ad
1448 3435 1556 3500 Deum
1588 3455 1669 3517 puro
1697 3434 1793 3500 corde
1822 3434 1985 3500 accedere.
2030 3433 2157 3502 Similis

167 3519 328 3587 dolebant.
380 3520 477 3584 Nunc
510 3521 638 3587 abolitis
668 3519 828 3603 legalibus
861 3520 991 3603 figuris,
1024 3532 1137 3586 manet
1187 3536 1236 3587 est
1269 3523 1359 3588 locus
1390 3522 1445 3586 1116
1477 3521 1613 3587 1666616
1644 3519 1675 3596 9,
1707 3519 1766 3584 31:
1808 3521 1899 3586 Deus
1932 3521 2051 3604 impios
2094 3544 2182 3603 non,

166 3606 260 3672 uobis
280 3605 462 3690 spiritualis
482 3609 614 3688 veritas,
636 3625 720 3688 quae
739 3604 886 3686 proximo
903 3625 1000 3671 versu
1020 3607 1136 3671 melius
1187 3606 1329 3674 exaudit.
1376 3607 1499 3672 Verum
1530 3606 1661 3690 quidem
1690 3617 1741 3669 est
1772 3625 1839 3669 non
1861 3606 1941 3672 alios
1963 3627 2063 3690 quam
2087 3629 2156 3691 pec·
2200 3606 2203 3613 '

167 3693 378 3777 exprimitur,
412 3692 467 3757 nbi
499 3692 661 3776 61666816
688 3690 919 3756 beneficiorum
949 3690 1012 3755 Dei
1042 3707 1135 3773 prae·
1186 3702 1311 3759 catores
1340 3693 1456 3769 audiri,
1484 3693 1560 3775 quia
1588 3691 1738 3757 omnibus
1764 3691 1806 3755 ad
1834 3713 1935 3756 unum
1957 3695 2158 3776 praescripta

167 3799 281 3846 eonem
311 3798 346 3843 se
372 3777 443 3842 fore
471 3777 653 3843 denuntiat.
703 3776 789 3841 Nam
819 3785 852 3841 et
880 3775 940 3840 sub
969 3776 1041 3860 lege
1071 3776 1136 3844 huc
1187 3790 1237 3845 681
1254 3780 1358 3844 forma
1378 3792 1414 3844 ut
1432 3791 1563 3861 peccata
1582 3779 1643 3844 8161
1661 3777 1786 3842 remitti
1804 3788 1927 3860 petant.
1960 3777 2156 3862 66661166-

167 3865 282 3930 referri
309 3865 453 3947 oportuit
472 3872 624 3929 externas
652 3863 888 3927 caeremonias:
916 3862 994 3945 quia
1015 3863 1135 3946 alioqui
1187 3866 1238 3931 vis
1267 3867 1446 3949 ingenuam
1476 3874 1587 3930 reatus
1614 3864 1667 3929 sui
1696 3863 1933 3930 confessionem
1954 3885 2067 3930 coram
2090 3866 2158 3936 Deo

169 3949 297 4015 inutilis
335 3950 450 4016 fuisset
481 3970 594 4014 earum
628 3969 755 4032 pompa.
811 3948 1026 4013 Praeconium
1058 3970 1136 4032 ergo
1187 3951 1325 4016 afferant
1347 3950 1468 4026 fideles,
1492 3949 1552 4014 hoc
1575 3962 1684 4014 tamen
1705 3949 1778 4032 1686
1800 3948 2073 4032 iampeccatcres
2091 3971 2158 4016 esse

162 4036 288 4119 gratiae
316 4035 379 4100 Dei
410 4056 527 4100 verum
557 4034 801 4099 condimentum
835 4032 898 4098 fuit
925 4054 966 4099 ns
995 4033 1136 4118 insipida
1187 4035 1356 4115 desinunt,
1384 4035 1461 4118 6616
1491 4036 1582 4100 Deus
1609 4034 1772 4117 supplices
1801 4034 1949 4100 absolvit.
2001 4035 2158 4101 Ponenda

162 4132 273 4185 688661
294 4121 462 4187 sacrificia.
508 4120 604 4202 Quod
630 4133 738 4184 autem
761 4119 898 4185 6616661
921 4120 1134 4201 piosomnes.
1187 4123 1274 4186 enim
1303 4132 1354 4188 est
1375 4121 1471 4186 Pauli
1497 4120 1683 4199 admonitio,
1713 4121 1744 4185 2.
1767 4120 1850 4185 Tim.
1880 4121 1910 4201 2,
1939 4121 1998 4185 19:
2040 4120 2156 4188 11166

162 4227 222 4274 8116
252 4206 402 4287 exemplo
433 4207 528 4273 docet
557 4228 624 4272 non
652 4206 732 4271 86118
755 4214 864 4289 grauis
886 4225 957 4270 esse
977 4205 1049 4271 Deo
1071 4207 1135 4272 nisi
1186 4207 1356 4290 iniquitate
1379 4205 1523 4272 discedat
1547 4207 1694 4291 quisquis
1715 4207 1848 4272 1616661
1870 4227 1989 4273 nomen
2011 4207 2156 4274 Domini.

162 4292 219 4376 qui
261 4290 420 4356 desiderio
453 4294 597 4375 flagrant
628 4291 843 4374 publicandae
875 4311 975 4372 quam
1008 4292 1135 4374 experti
1187 4294 1291 4359 Porro
1320 4293 1516 4375 iniquitatem
1544 4292 1706 4375 adspicere
1733 4294 1769 4358 iu
1796 4293 1896 4373 corde,
1925 4314 1993 4358 non
2015 4307 2158 4359 estesse

162 4387 243 4444 8661
277 4377 416 4462 gratiae,
451 4392 518 4441 uon
551 4378 647 4442 modo
680 4389 715 4442 ut
747 4375 923 4440 incitentur
952 4396 1066 4442 omnes
1094 4379 1134 4443 ad
1186 4378 1249 4444 sibi
1272 4379 1357 4445 male
1378 4379 1544 4445 conscium
1566 4377 1656 4464 (quia
1680 4377 1791 4444 116616
1813 4399 1872 4444 866
1896 4379 1975 4445 11116
1992 4392 2158 4463 coguntur

161 4483 236 4529 eum
266 4483 333 4527 uuo
362 4483 524 4527 censensu
555 4461 763 4541 laudandum,
792 4459 848 4527 866
873 4469 912 4527 61
934 4461 1135 4528 documentis
1186 4464 1246 4529 filii
1277 4465 1353 4543 Dei,
1387 4476 1424 4528 ut
1456 4464 1518 4529 sibi
1548 4464 1583 4527 in
1612 4465 1679 4530 illis
1708 4464 1916 4546 displiceant:
1949 4477 2048 4546 atque
2079 4467 2158 4530 haec

160 4549 286 4634 gratiae
312 4548 382 4612 eius
409 4548 598 4612 animantur
626 4547 665 4612 ad
696 4547 791 4613 fidem
823 4559 855 4610 61
883 4567 984 4630 8686.
1037 4548 1134 4629 Quod
1185 4550 1328 4633 cognitio
1358 4572 1416 4633 pro
1445 4570 1575 4614 summa
1605 4551 1727 4615 virtuto
1756 4550 1880 4614 censeri
1911 4550 2072 4635 16616161)
2102 4550 2158 4617 sed

161 4645 270 4700 autem
295 4636 517 4698 narrationem
539 4654 632 4698 snam
654 4633 796 4698 destinat
819 4632 895 4697 solis
917 4632 982 4698 Dei
1004 4633 1133 4699 cultori·
1184 4635 1350 4700 intentum
1379 4654 1449 4699 esse
1480 4647 1514 4698 61
1541 4634 1707 4700 66616166
1737 4634 1910 4716 iniquitati.
1959 4635 2156 4718 Quanquam

161 4721 230 4794 bus,
254 4722 338 4784 ratio
361 4731 421 4797 est,
444 4715 605 4803 quia'soli
628 4718 743 4784 idonei·
758 4729 835 4783 8661
857 4717 1036 4785 auditores:
1061 4741 1134 4801 pro·
1186 4722 1257 4786 ideo
1279 4720 1400 4786 diserte
1421 4718 1527 4786 cordis
1551 4722 1699 4785 meminit
1716 4719 1892 4800 Propheta,
1917 4736 1953 4786 ut
1971 4724 2159 4789 ostenderet-

161 4806 246 4871 fanis
276 4818 385 4871 autem
414 4813 447 4869 et
477 4805 657 4890 hypocritis
689 4814 841 4886 tanquam
866 4803 974 4870 surdis
996 4809 1134 4871 canitur.
1187 4829 1250 4871 nou
1280 4806 1374 4871 modo
1408 4826 1508 4887 puras
1538 4806 1598 4871 sibi
1632 4827 1703 4871 esse
1731 4827 1863 4884 manus,
1899 4807 1948 4872 161
1980 4829 2016 4873 86
2046 4829 2157 4874 86166

910 4888 914 4897 '
1186 4892 1372 4958 hominibus
1402 4912 1473 4956 6886
1502 4891 1684 4968 16661166,
1714 4893 1769 4957 866
1802 4904 1840 4957 ut
1869 4912 1978 4957 coram
2003 4893 2075 4959 Deo
2097 4894 2158 4960 8161

249 4976 298 5042 17.
322 4978 377 5042 Aa
399 4977 505 5059 ipsam
525 4997 577 5042 ore
598 4995 664 5040 meo
685 4973 826 5050 clamavi,
856 4981 885 5041 et
907 4976 1135 5043 exaltatricem
1186 4989 1345 5043 assereret
1368 4999 1465 5042 16166
1488 4976 1688 5059 integritatis
1711 4978 1849 5043 laudem.
1892 4979 1963 5044 Nisi
1986 4980 2077 5044 enim
2101 5003 2158 5045 ex·

161 5061 219 5126 aab
241 5062 350 5145 1166116
372 5083 451 5127 moa.
498 5063 548 5127 18.
574 5062 775 5143 Iniquitatem
796 5062 826 5126 si
846 5064 970 5144 respexi
991 5064 1026 5127 iu
1047 5065 1135 5130 corde
1187 5062 1299 5129 ternae
1330 5063 1415 5128 vitae
1438 5063 1788 5145 168666666116161161
1810 5063 1915 5128 cordis
1939 5066 2072 5143 veritas,
2103 5066 2158 5132 866

160 5166 235 5223 mco,
262 5167 325 5212 noa
346 5149 452 5213 666161
472 5149 639 5214 Dominus.
685 5146 734 5212 19.
764 5145 873 5230 Utique
895 5149 1016 5213 audivit
1037 5149 1135 5229 Deus,
1186 5149 1355 5214 recondita
1395 5148 1522 5214 malitia
1554 5148 1669 5214 lateat:
1711 5148 1795 5229 quod
1829 5147 2016 5231 splendebit
2049 5172 2159 5216 coram

159 5232 289 5296 attendit
315 5235 357 5298 cd
385 5254 482 5299 vocem
507 5235 696 5316 precationis
724 5254 816 5301 meae.
867 5233 918 5299 20.
950 5233 1136 5302 Benedictus
1186 5234 1382 5316 hominibus,
1412 5234 1623 5303 abomitnatio
1651 5234 1715 5300 erit
1743 5252 1851 5299 coram
1884 5234 1964 5299 Deo.
2020 5234 2162 5303 Sublicit
