4658 5856
172 339 234 406 ’151
965 335 1182 405 PSALMUS
1206 337 1369 404 LXXIX.
2102 339 2160 408 ⁷52

171 552 206 596 se
227 529 353 614 pridem
377 526 550 612 multiplici
572 534 674 609 reatu,
704 547 804 608 eoque
827 535 966 603 vestuto,
988 547 1063 592 com
1087 547 1142 609 pa·
1280 527 1329 592 10.
1352 525 1475 613 (Quare
1495 528 1654 614 dicerent.)
1684 528 1760 594 Alio
1775 550 1872 594 sensu
1894 549 1985 594 nune
2006 526 2162 593 obiiciunt

171 616 277 682 tribus
309 614 410 680 fuisse
443 612 625 696 implicitos.
681 612 734 677 Ita
765 612 897 696 longam
926 612 1140 696 pertinaciam
1193 612 1264 677 Deo
1296 613 1409 679 fideles
1442 636 1563 679 nomen
1595 636 1703 680 sunm.
1757 614 1859 681 Nobis
1899 615 1989 679 enim
2029 626 2161 697 propter

172 703 316 767 fatentur
336 700 371 764 in
394 721 459 783 qua
481 697 704 765 obduruerant
725 712 840 763 eontra
854 696 970 762 Deum.
1005 698 1049 761 Et
1068 718 1141 781 pro·
1193 719 1311 763 nomen
1334 720 1431 764 sunm
1453 700 1608 784 ignoscit:
1631 702 1707 783 quia
1729 719 1829 782 quum
1852 701 1895 766 sit
1912 700 2106 776 misericors,
2128 713 2161 765 et

170 787 310 872 phetieie
343 784 624 870 obiurgationibne
654 783 831 866 respondet
862 782 1023 849 confessio
1044 783 1141 849 hacc:
1194 785 1272 849 velit
1294 806 1331 850 os
1353 785 1445 850 nobie
1467 785 1644 865 obstruere,
1667 796 1704 850 nt
1725 785 1813 851 solue
1842 786 1949 852 iustus
1976 795 2159 863 censeatur,

170 883 309 940 testatur
330 872 417 936 enim
436 892 527 936 sacra
545 870 682 935 historia
704 889 895 952 suspensam
914 869 1013 934 fuisse
1033 868 1142 934 exsilii
1192 871 1294 952 gretie
1316 883 1449 953 peecata
1471 872 1564 938 nobie
1584 872 1735 956 ignoscit.
1779 871 1878 937 Nune
1905 879 2016 936 autem
2047 868 2160 954 depre-

169 980 318 1044 poenam,
351 957 453 1022 donec
485 970 639 1040 expertus
668 956 783 1021 fuisset
806 956 896 1020 Deua
928 955 1138 1020 incurabilem
1191 965 1308 1020 cantur
1330 954 1451 1034 fideles,
1475 979 1516 1023 ne
1538 957 1629 1022 Dens
1651 976 1779 1023 eaerum
1801 978 1896 1022 enum
1927 977 2047 1022 nomen
2076 955 2159 1022 blae-

169 1065 240 1111 esse
260 1043 428 1109 malitiam.
462 1042 530 1108 Nec
552 1042 672 1106 mirum
696 1050 745 1106 cet
761 1053 889 1125 patrum
908 1040 1038 1123 eulpam
1055 1041 1139 1106 tilios
1190 1042 1330 1123 phemiis
1362 1063 1400 1108 ae
1432 1041 1615 1108 maledictis
1647 1043 1822 1125 impiorum
1855 1041 2014 1108 subiiciat.
2065 1040 2159 1108 Unde

169 1130 347 1216 deprecari,
370 1149 469 1211 quum
492 1128 546 1193 lex
568 1129 768 1211 pronuntiet,
791 1127 900 1192 Deum
926 1127 1060 1192 reiicere
1082 1148 1138 1209 pa·
1190 1129 1288 1192 etiam
1311 1148 1490 1205 monemur,
1515 1148 1686 1211 perperam
1709 1148 1770 1194 nos
1791 1130 1926 1211 precari,
1957 1127 2020 1193 nisi
2043 1128 2160 1193 salutis

169 1226 260 1282 trum
282 1214 399 1280 delicta
419 1215 453 1278 in
477 1214 584 1279 sinum
606 1213 756 1292 filiorum,
780 1225 813 1276 et
835 1211 947 1278 ulcisci
959 1223 1092 1295 peccata
1103 1212 1137 1276 in
1190 1225 1319 1279 nostrae
1341 1235 1453 1280 euram
1475 1235 1550 1279 cum
1573 1214 1641 1280 eolo
1663 1214 1786 1298 gloriae
1796 1213 1860 1278 Dei
1879 1213 2051 1278 individuo
2073 1234 2160 1279 nexu

168 1302 301 1368 tertiam
322 1310 355 1365 et
376 1307 528 1383 quartam
549 1300 803 1382 generationem.
847 1297 1001 1364 Notanda
1028 1309 1137 1363 autem
1189 1299 1373 1383 iungamus.
1418 1301 1472 1364 Ex
1494 1299 1636 1364 seeundo
1658 1300 1804 1365 membro
1822 1299 1935 1364 eadem
1954 1319 2038 1381 quae
2057 1320 2160 1381 nuper

168 1396 219 1455 eet
251 1385 424 1452 antithesis
456 1385 544 1451 inter
576 1384 712 1449 verbum
743 1384 917 1466 festinandi
954 1389 982 1448 et
1020 1389 1138 1448 oeteeto
1189 1385 1295 1449 solnta
1317 1397 1377 1463 est,
1398 1384 1545 1468 quaestio
1567 1386 1723 1452 exoritur.
1766 1385 1839 1450 Etsi
1862 1385 1951 1450 enim
1972 1385 2069 1450 Deus
2092 1386 2160 1449 vin·

161 1477 302 1557 pecata:
323 1471 401 1554 qnia
422 1472 451 1537 si
474 1470 514 1536 ad
536 1471 697 1537 calculum
721 1468 970 1535 vocassetDcns
1005 1469 1137 1553 uidquid
1189 1469 1294 1536 dicem
1318 1482 1465 1537 nostrum
1488 1493 1524 1537 sc
1545 1472 1614 1536 fore
1635 1472 1835 1554 pronuntiet,
1863 1492 1930 1534 non
1950 1469 2025 1535 ideo
2049 1480 2159 1535 tamen

167 1559 271 1624 tribus
295 1557 345 1622 rel
362 1570 502 1640 quatuor
517 1557 656 1622 saeculis
672 1490 1079 1638 peccaverantlsraelitoe,
1102 1556 1136 1620 in
1187 1555 1273 1633 licet,
1304 1578 1404 1640 quum
1437 1558 1514 1623 laesi
1549 1578 1672 1631 sumne,
1705 1555 1862 1622 ultionem
1885 1569 2048 1639 appetere.
2093 1555 2159 1623 Sed

165 1646 299 1728 longum
323 1654 453 1727 tempus
474 1663 633 1725 suspensa
662 1642 778 1706 fuisset
800 1640 960 1706 liberatio.
1005 1642 1138 1725 Rogant
1189 1642 1444 1721 meminerimus,
1467 1663 1532 1708 non
1564 1642 1760 1725 quibuslibet
1790 1641 1944 1707 dictatam
1974 1661 2047 1706 esee
2075 1641 2160 1707 hano

165 1731 268 1815 igitur
289 1727 402 1794 fideles
424 1738 461 1793 nt
481 1729 612 1794 abolitis
635 1728 800 1811 prioribus
821 1727 965 1809 offensis,
983 1727 1025 1792 ad
1042 1748 1136 1809 opem
1188 1725 1343 1877 precandi
1376 1728 1526 1807 formam,
1561 1742 1596 1793 nt
1630 1729 1767 1810 privatis
1789 1728 1857 1793 suis
1878 1727 2088 1812 passionibus
2109 1728 2159 1791 in·

165 1813 332 1882 terendam
355 1815 496 1880 festinet.
539 1813 612 1878 Iam
641 1814 718 1896 qnia
747 1812 781 1876 in
803 1812 882 1897 ipsis
903 1813 1045 1894 peccatis
1066 1821 1138 1877 erat
1211 1813 1362 1897 uigeant:
1385 1813 1442 1879 sed
1464 1828 1502 1879 nt
1524 1814 1607 1880 duce
1629 1828 1662 1879 et
1683 1816 1839 1899 magistm
1860 1813 1976 1896 spiritu
1999 1812 2156 1878 adversus

166 1922 294 1968 remora
314 1911 347 1964 et
369 1899 584 1984 obstaculum,
614 1920 679 1964 non
709 1899 831 1963 frustra
853 1896 987 1975 addunt,
1015 1909 1052 1962 nt
1073 1898 1137 1964 Dei
1188 1901 1342 1983 reprobos
1364 1920 1569 1964 communem
1592 1910 1693 1983 agant
1709 1920 1841 1965 cansam
1859 1897 2022 1964 eeclesiae.
2068 1899 2156 1982 Ergo

164 1986 401 2053 misericordiae
421 1985 557 2052 celeriter
579 1988 753 2052 aeerraer.
1188 1995 1225 2051 nt
1246 1986 1310 2050 rite
1331 2007 1501 2068 preoemur
1522 1987 1557 2050 in
1580 1985 1668 2050 huno
1689 1984 1831 2062 modurn,
1854 1985 1996 2068 primum
2012 1982 2050 2046 in
2066 1984 2156 2049 nobie

250 2072 280 2137 9.
303 2069 470 2157 (Secerrre
490 2071 602 2157 eobie.)
635 2070 761 2136 Iterum
778 2078 934 2152 repetunt
955 2069 1016 2134 hoc
1038 2089 1137 2134 versu
1188 2071 1349 2154 refulgeat
1369 2072 1504 2155 spiritns
1525 2070 1706 2154 prudentia.
1751 2069 1880 2136 Deinde
1900 2070 2102 2151 compositus
2115 2069 2155 2135 eit

165 2157 290 2237 fideles,
323 2156 479 2240 quidquid
512 2156 729 2222 afflictionum
759 2157 930 2232 sustinent,
963 2154 1136 2238 pmvenire
1188 2177 1225 2222 ac
1248 2178 1349 2239 purus
1370 2158 1468 2237 aelus,
1491 2177 1586 2239 quem
1611 2156 1765 2222 lutulenti
1787 2155 1895 2222 earnis
1917 2154 2055 2221 affectus
2084 2176 2155 2238 per·

166 2242 457 2320 exiraDei,neo
480 2241 659 2308 aliudesse
689 2239 784 2306 malie
816 2241 978 2317 solatium,
1007 2240 1069 2306 nisi
1098 2249 1136 2304 ut
1188 2241 1333 2308 turbant.
1377 2244 1470 2309 Tunc
1492 2240 1614 2326 liquido
1636 2242 1706 2307 zelo
1727 2254 1761 2306 ot
1782 2241 1895 2307 sedato
1919 2253 2028 2323 petere
2047 2239 2156 2306 licebit

166 2329 275 2395 Deum
296 2328 358 2394 eibi
380 2328 566 2412 propitiant.
598 2328 669 2393 Iam
692 2328 769 2409 qula
790 2324 852 2391 sibi
868 2327 1047 2391 multorum
1065 2346 1134 2393 ece·
1187 2336 1225 2393 nt
1247 2327 1339 2394 Dens
1360 2328 1458 2395 claris
1487 2327 1647 2411 exemplis
1679 2328 1828 2393 ostendat
1861 2335 1938 2391 ante
1965 2326 2078 2391 oculos
2100 2348 2156 2391 no·

164 2414 270 2480 lerum
293 2415 413 2481 coneoii
436 2423 539 2492 erant,
562 2434 654 2497 spem
680 2413 794 2478 veniae
815 2410 1040 2496 impetrandae
1062 2431 1135 2476 oon·
1184 2422 1272 2480 stros
1293 2413 1355 2479 sibi
1377 2415 1553 2498 pretiosam
1582 2434 1653 2479 esee
1685 2433 1854 2479 servorum
1884 2432 2019 2478 suorum
2041 2412 2153 2489 vitam,

163 2502 297 2566 firmant
319 2500 419 2564 variis
441 2500 594 2583 loquendi
616 2496 731 2565 modis.
775 2497 889 2562 Primo
907 2498 1053 2563 favorem
1071 2496 1133 2562 sibi
1185 2520 1322 2582 qnorum
1344 2500 1538 2584 sangninem
1561 2498 1739 2565 ulciscitur.
1783 2499 1896 2582 Neque
1918 2497 2006 2563 enim
2025 2496 2082 2563 hio
2099 2518 2154 2562 vo-

161 2586 338 2653 conciliant
368 2587 428 2651 hoo
461 2586 616 2669 epitheto,
650 2585 728 2648 dum
750 2594 868 2648 vocant
890 2581 994 2648 Deem
1020 2583 1133 2649 saletis
1185 2586 1260 2649 lunt
1280 2584 1393 2650 fideles
1414 2585 1540 2668 expleri
1562 2585 1731 2668 sanguine,
1754 2605 1791 2650 ac
1813 2585 1841 2649 ei
1863 2605 1938 2648 eum
1960 2582 2079 2666 cupide
2100 2604 2154 2665 ap-

160 2692 255 2739 aeee:
290 2671 408 2736 deinde
441 2693 476 2736 se
505 2670 589 2735 nihil
612 2690 632 2734 a
654 2690 689 2733 se
712 2669 791 2750 ipeie
821 2668 940 2732 afferre
970 2677 1133 2734 testantur
1185 2681 1342 2752 peterent,
1364 2670 1421 2736 aed
1445 2680 1573 2736 tantum
1596 2680 1757 2754 expetunt
1776 2668 1853 2735 fidei
1873 2688 1952 2734 suae
1979 2670 2154 2733 confirma·

162 2755 248 2841 quod
272 2757 335 2822 Dei
357 2755 613 2822 misericordiam
637 2761 801 2838 provocet,
830 2752 965 2835 ideoque
986 2774 1078 2819 snam
1101 2753 1132 2817 ei
1184 2755 1307 2819 tionem
1329 2775 1372 2819 ex
1393 2766 1530 2838 paterno
1556 2755 1620 2822 Dei
1653 2776 1774 2833 amore,
1805 2757 1861 2837 qui
1893 2755 1928 2819 in
1961 2753 2154 2820 ulciscendis

161 2842 299 2927 gloriam
329 2840 492 2906 duntaxat
520 2839 686 2907 obiiciunt.
730 2837 826 2905 Unde
855 2837 1040 2923 colligimus
1066 2860 1130 2905 non
1183 2841 1314 2907 iniuriis
1345 2851 1491 2925 apparet.
1536 2840 1725 2907 Notandum
1758 2854 1930 2925 praeterea
1961 2848 2012 2905 eet
2045 2842 2154 2906 vocari

161 2925 438 2994 satisfactionibus
462 2926 513 2991 vel
537 2925 614 2992 ullis
635 2945 771 3010 opernm
802 2924 940 3008 meritis,
970 2925 1026 2991 sed
1056 2945 1131 3010 gra·
1183 2946 1288 2992 aereos
1307 2925 1380 3007 Dei,
1403 2927 1459 3010 qni
1482 2937 1592 2993 tamen
1614 2925 1655 2992 ob
1677 2947 1737 2993 ena
1765 2935 1896 3008 peecata
1922 2927 2010 2990 iuste
2038 2928 2153 3009 punie-

161 3013 244 3079 tnita
273 3013 371 3079 venia
400 3013 472 3077 Deo
501 3009 703 3079 reconciliari
732 3011 920 3094 quicunque
945 3020 1130 3093 peccarunt.
1184 3011 1322 3077 bantur:
1344 3012 1422 3096 qnia
1443 3022 1607 3096 uteunque
1629 3033 1689 3077 nos
1708 3015 1845 3097 castiget
1867 3013 1966 3090 Deus,
1995 3032 2062 3076 non
2084 3011 2153 3077 ideo

160 3098 352 3166 Tenendum
376 3107 426 3164 eet
447 3098 545 3164 etiam
567 3095 765 3247 quodpeulo
780 3096 973 3181 anteattigi,
985 3097 1132 3163 otiosius
1183 3097 1334 3181 protinus
1355 3098 1474 3175 abiicit,
1496 3100 1586 3182 quin·
1599 3098 1708 3182 potins
1731 3097 1771 3164 de
1792 3098 1898 3165 salute
1919 3105 2033 3162 nostra
2054 3104 2153 3162 testa·

160 3185 302 3269 explicui
314 3184 446 3249 Psalmo
458 3188 489 3267 6,
511 3183 568 3250 ubi
589 3203 650 3249 noe
697 3204 754 3249 eus
776 3182 925 3266 castigat,
949 3201 1016 3247 non
1035 3182 1131 3248 modo
1183 3196 1238 3248 tur
1255 3206 1291 3250 se
1311 3203 1384 3250 esse
1405 3184 1591 3250 sollicitum.
1625 3183 1755 3249 Deinde
1766 3184 1899 3260 seimus,
1917 3181 1973 3248 ubi
1984 3195 2154 3267 graeemnr

161 3271 202 3337 ab
224 3270 372 3336 externis
393 3272 507 3353 poenis
529 3270 681 3335 levamen
703 3288 774 3333 esse
795 3267 985 3351 optandum,
1017 3267 1075 3333 sed
1096 3269 1131 3333 in
1184 3269 1234 3335 ira
1256 3268 1320 3335 Dei
1343 3271 1377 3334 in
1398 3279 1504 3335 totum
1526 3269 1682 3336 ecelesiae
1704 3288 1832 3353 corpus,
1862 3269 1939 3352 qnia
1960 3267 2037 3333 boni
2060 3268 2154 3333 malie

159 3357 274 3440 primis
296 3355 337 3421 de
359 3354 517 3439 placando
540 3356 611 3421 Deo
634 3351 848 3439 cogitandum
869 3374 956 3419 esee:
979 3373 1039 3418 nee
1061 3353 1133 3419 imi·
1184 3355 1331 3437 permisti
1363 3365 1458 3434 sunt,
1498 3354 1719 3422 communiter
1760 3356 1859 3420 etiam
1899 3354 2021 3438 affligi:
2060 3354 2153 3420 sicuti

159 3439 275 3507 taudoe
295 3460 366 3506 esse
388 3441 506 3506 stultos
529 3450 678 3524 aegrotos
695 3439 751 3522 qui
767 3446 989 3523 symptomata
1000 3448 1131 3504 tantum
1184 3439 1346 3518 Ezechiel,
1375 3439 1543 3519 Ieremias,
1574 3441 1703 3517 Daniel,
1733 3450 1767 3506 et
1796 3440 1913 3523 reliqui
1945 3441 1979 3504 in
2002 3439 2154 3505 exsilium

160 3526 280 3593 auferri
311 3526 372 3592 eibi
403 3525 550 3609 eupiunt,
580 3547 639 3609 pro
672 3522 774 3589 nihilo
808 3523 931 3590 dnount
953 3525 1077 3589 fontem
1098 3534 1133 3591 et
1183 3527 1279 3591 tracti
1299 3534 1386 3593 eunt
1431 3526 1505 3593 Etsi
1534 3526 1623 3592 onim
1656 3547 1721 3590 non
1743 3546 1878 3609 prorsus
1900 3532 1995 3590 erant
2016 3525 2153 3602 innoxii,

161 3633 294 3680 oausam
316 3612 430 3678 morbi.
474 3611 527 3677 De
548 3612 649 3677 verbo
671 3622 751 3692 'th
773 3610 859 3692 quod
879 3609 1021 3674 reddunt
1035 3610 1131 3675 inter·
1182 3620 1309 3677 certum
1331 3621 1443 3676 tamon
1465 3623 1515 3677 eet
1536 3633 1604 3677 non
1627 3612 1726 3677 luisse
1748 3621 1874 3677 tautam
1892 3610 2018 3677 cladem
2030 3610 2154 3676 illatam

161 3710 282 3784 pretes,
308 3698 477 3780 Propitius
503 3706 581 3773 esto,
611 3696 690 3762 alibi
724 3696 848 3760 dietum
877 3696 949 3761 fnit.
995 3696 1132 3778 Proprie
1182 3695 1301 3779 populo
1322 3718 1435 3762 eorum
1458 3719 1574 3763 cauea:
1603 3698 1660 3763 sed
1689 3699 1794 3779 potine
1822 3697 1857 3762 in
1879 3718 1993 3761 eorum
2015 3716 2154 3778 persona

162 3785 327 3869 significet
357 3783 501 3866 expiare,
541 3794 574 3848 et
606 3782 773 3848 sacrifieiis
808 3792 955 3864 aptatur:
995 3779 1132 3864 ideoque
1183 3782 1402 3865 spectaculum
1425 3783 1608 3848 exhibitum
1627 3783 1727 3848 inisse
1745 3782 1864 3864 impiis,
1883 3804 1946 3865 qno
1965 3783 2154 3865 megistan-

162 3871 288 3953 quoties
311 3870 419 3935 Deum
440 3869 534 3935 nobis
556 3868 766 3935 reconciliare
788 3868 949 3950 onpimne,
980 3866 1017 3931 in
1039 3887 1130 3930 men·
1155 3858 1158 3919 1
1183 3877 1350 3951 gerentur.

162 3967 229 4020 tem
244 3956 357 4022 veniat
371 3953 464 4021 nobie
479 3974 567 4018 more
578 3953 717 4020 Ohrieti:
740 3952 901 4035 quianon
922 3954 961 4018 fit
983 3952 1132 4017 remissio
1154 3924 1159 4049 1
1270 3954 1319 4018 11.
1342 3953 1476 4040 (Veniet
1495 3954 1623 4033 cerere.)
1656 3952 1743 4033 Quia
1765 3973 1831 4018 non
1850 3953 1961 4019 dubito
1976 3953 2057 4036 quin
2077 3965 2153 4019 tnnc

163 4039 283 4124 absque
304 4040 475 4125 sangnine.
518 4039 621 4105 Hebr.
643 4039 673 4119 9,
695 4038 747 4104 22.
1155 4060 1158 4105 ι
1182 4038 1381 4104 exsulaverit
1407 4039 1548 4122 populus
1573 4039 1643 4121 Dei,
1674 4060 1774 4121 quum
1802 4038 1939 4122 spiritus
1970 4039 2057 4104 hano
2080 4060 2153 4122 pre·

1182 4124 1343 4189 cntionem
1372 4123 1515 4199 dictavit,
1546 4124 1667 4190 vinctos
1689 4124 1887 4209 generaliter
1909 4124 2057 4190 nominat
2079 4146 2154 4208 pro·

250 4211 300 4275 10.
327 4210 429 4292 Qeore
450 4211 584 4276 dicerent
599 4217 713 4294 qeetea,
742 4206 804 4275 Ubi
825 4213 869 4274 est
887 4208 977 4273 Deee
998 4207 1130 4273 eorem?
1182 4209 1281 4292 pheta
1319 4212 1373 4291 qni
1411 4209 1531 4276 tinibus
1563 4208 1718 4294 Assyriae
1750 4222 1784 4275 et
1818 4210 2002 4276 Chaldaeae
2033 4210 2155 4276 inclusi

161 4302 236 4363 eote
262 4296 322 4379 βαι
343 4296 379 4360 ie
403 4296 544 4378 peettbee
575 4318 682 4363 eorem
715 4295 815 4360 ecelis
846 4294 963 4359 nostrie
994 4293 1131 4358 vindicte
1183 4308 1286 4372 erant,
1309 4307 1347 4359 nt
1367 4294 1505 4379 capitale
1527 4305 1614 4360 esset
1635 4295 1725 4361 illine
1743 4316 1875 4361 movere
1889 4294 2016 4378 pedem.
2048 4295 2156 4363 Filios

161 4383 330 4466 scepeiee‘s
345 4400 504 4446 acteonem
525 4385 648 4446 teorem
665 4382 720 4464 qei
737 4382 855 4463 efesus
865 4383 917 4444 est.
952 4380 1002 4443 ll.
1020 4378 1132 4445 Veniet
1182 4394 1292 4446 autem
1313 4381 1423 4446 mertia
1444 4380 1603 4461 nominat,
1624 4383 1717 4464 quasi
1738 4381 1884 4448 addictos
1903 4381 1954 4447 vol
1972 4380 2156 4448 destinatos

161 4488 266 4535 eorem
285 4468 369 4550 fecie
390 4470 446 4531 teo
465 4467 598 4550 yemites
619 4469 729 4532 eecli:
750 4465 920 4531 seceedem
940 4465 1130 4550 moenitedt·
1182 4466 1288 4545 morti,
1318 4465 1517 4549 captivitatis
1545 4479 1703 4550 respectu.
1747 4465 1946 4551 Quanquam
1975 4466 2155 4533 absurdum

162 4574 232 4620 reem
253 4553 373 4620 boetii
394 4552 443 4617 tei
463 4550 606 4616 residem
633 4553 687 4634 foc
711 4552 796 4633 filios
817 4550 982 4636 morerer)
1014 4551 1065 4615 12.
1088 4548 1133 4614 Et
1182 4572 1247 4617 non
1291 4553 1354 4616 erit
1385 4552 1583 4634 restringere
1615 4551 1656 4617 ad
1689 4572 1807 4634 paucos
1839 4553 2035 4617 sententiam
2069 4552 2156 4619 hane

100 4710 103 4715 ,
161 4641 292 4720 repende
323 4639 437 4705 vicinia
468 4638 585 4702 nestris
616 4637 791 4720 septuplem
822 4637 858 4700 ie
889 4637 995 4701 tieem
1015 4655 1131 4714 eorem,
1182 4637 1237 4719 qni
1277 4637 1312 4700 in
1353 4637 1524 4702 arctiorem
1564 4636 1743 4704 custodiam
1778 4636 1888 4703 traditi
1920 4648 2025 4704 erant
2081 4639 2158 4705 Hae

161 4725 363 4809 opprobriam
392 4743 497 4789 eorem
524 4722 605 4805 qeod
633 4723 896 4804 mprebroeereet
922 4722 978 4787 riti
1006 4721 1129 4786 Ietova.
1182 4731 1291 4787 autem
1315 4742 1393 4787 voce
1421 4721 1585 4805 significat
1605 4723 1766 4807 propheta
1787 4724 1907 4789 fractos
1928 4744 1999 4788 esse
2021 4734 2055 4788 et
2077 4744 2157 4791 vere

89 4846 94 4857 ·
164 4810 214 4875 13.
238 4809 283 4874 Et
302 4829 359 4874 eos
373 4810 513 4890 populea
533 4813 617 4885 teee,
646 4813 674 4873 et
702 4827 773 4873 oves
793 4827 985 4888 possesorem
1007 4813 1131 4873 teorem
1182 4806 1371 4873 humiliatos
1402 4808 1525 4873 feroces
1553 4807 1626 4875 illos
1659 4809 1795 4891 spiritus
1826 4808 1882 4891 qni
1914 4810 2005 4891 priue
2037 4824 2158 4877 contre

161 4894 427 4981 eneeotmerre)
460 4894 515 4958 tibi
535 4896 571 4959 ie
592 4893 760 4971 semelem,
789 4894 825 4957 te
853 4894 1132 4977 qeeeotioeemet
1183 4892 1290 4957 Deum
1314 4892 1568 4958 exsultaverant
1614 4895 1660 4958 ut
1680 4895 1926 4978 moqeitedieem
1946 4894 2070 4963 bretti
2092 4897 2158 4963 Dei

160 4983 389 5066 peeerotioeem
410 4985 577 5046 rtarroetee
597 4980 723 5046 leudem
744 4985 840 5044 tecm.
1182 4979 1342 5061 implorat,
1365 4978 1441 5061 qnia
1461 4980 1531 5045 sine
1553 4980 1675 5064 insigni
1699 4979 1853 5045 uenabulo
1870 4982 1996 5064 sperari
2015 5003 2081 5048 non
2101 5004 2159 5067 po·

164 5122 362 5131 ..ss-
1182 5074 1268 5128 terat
1289 5064 1452 5129 restitutio
1475 5065 1638 5131 eeclesiae.

232 5187 277 5284 ιζ)
293 5185 387 5239 leefile
405 5186 561 5266 d'oceision,
574 5200 725 5251 eemaree:
745 5184 1006 5238 onleeeondamnee
1021 5184 1037 5237 d
1050 5191 1129 5238 mort.
1239 5255 1245 5270 .
1270 5149 1319 5214 12·
1343 5147 1400 5234 (Ει
1421 5150 1574 5250 ''edendi-l
1608 5150 1696 5217 83118
1720 5151 1783 5215 lam
1806 5150 1846 5218 (Ῑθ
1863 5152 2011 5220 Vindlsslss
2029 5154 2157 5224 dlssium

266 5258 323 5323 >tc
339 5255 431 5308 lerona
448 5256 607 5319 confession,
625 5268 778 5320 eemuree:
796 5260 872 5308 onte
890 5253 1023 5308 rendrone
1040 5269 1128 5323 grece.
1181 5246 1245 5301 081·
1275 5243 1309 5302 ti
1327 5234 1381 5301 hic
1403 5235 1522 5303 61811118
1543 5237 1772 5302 demonstrant
1791 5238 1915 5320 fideles,
1937 5260 2002 5304 non
2028 5252 2098 5308 tam
2121 5264 2159 5310 se
