4658 5856
139 351 203 418 249
850 442 861 471 ι
945 353 1163 423 PSALMUS
1185 354 1317 422 XXIV.

140 566 276 631 graccus
292 545 362 612 inte
404 565 468 610 res.
503 545 576 611 Etsi
595 547 684 612 enim
702 560 837 635 ow
855 546 997 613 Hebraei
1012 558 1113 611 meta-
1477 538 1685 617 Petinus
1707 546 1817 615 XXV.

141 631 273 715 phorice
290 633 377 697 inter
400 650 456 695 um
475 643 596 698 vocant
611 635 786 718 principes,
808 635 983 701 relativum
1002 643 1112 697 tamen

142 737 307 784 annexum
340 737 408 782 nou
441 716 540 782 alium
573 741 704 786 sensum
743 721 897 800 admittit,
938 737 1036 800 quam
1076 731 1113 780 ιιι
1163 716 1248 772 ARG.
1267 717 1391 771 Pselmur
1422 717 1466 772 hic
1500 717 1691 774 meditationes
1723 719 1848 788 precibus
1879 720 1974 774 misem
2002 720 2130 775 confina.

182 816 253 867 rtae
272 823 310 870 ca
333 804 381 869 ita
402 823 462 869 sua
483 803 652 870 attollant:
674 805 739 872 alio
763 809 797 873 ui
819 807 850 873 d·
872 804 993 872 endum
1017 811 1104 868 esset
1266 786 1353 840 David
1371 786 1443 867 enim
1466 786 1584 867 ¹¹⁰⁸i¹¹¹¹i¹
1602 788 1717 842 saevitia
1733 788 1837 868 dmitos
1854 794 1977 856 ’Μὴ
2004 797 2034 843 ¹¹⁸
2051 806 2130 859 ⁰9⁰¹¹¹

142 824 189 902 ΡΟ.
311 826 332 888 p
740 826 761 890 q
841 830 871 874 ¹⁰
1104 852 1112 882 ’
1265 855 1357 908 aDeo
1376 860 1512 924 rmpetret,
1530 873 1646 925 primurn
1664 864 1785 926 agnoscit
1803 864 1913 924 peccata
1931 858 2130 912 enshocmodo

142 891 304 974 lu'mi’ii)es
343 888 444 954 miri
482 886 536 954 '⁰1
559 902 694 991 &¹¹⁰⁸-
750 892 829 959 Idffl
859 891 962 993 flam,
979 887 1111 986 quidm}
1264 925 1335 977 iuste
1353 941 1369 975 a
1386 925 1444 977 Deo
1461 926 1521 993 ipso
1540 926 1679 993 castigari:
1697 925 1814 993 ideoque
1827 941 1920 978 eorum
1935 928 2041 979 veniam
2055 929 2131 996 petit,

144 979 205 1041 hoo
237 975 307 1042 loco
341 996 435 1059 reges
467 987 501 1040 ot
532 986 745 1060 magistratus
781 979 881 1046 offfon
913 998 965 1042 sul
987 994 1111 1039 moneri
1266 1008 1320 1060 quo
1343 993 1429 1045 Deum
1456 992 1555 1046 habeat
1577 995 1725 1063 propitium
1748 1009 1780 1046 ao
1803 994 1986 1048 liberatorem.
2027 997 2130 1050 Deinde

142 1061 266 1138 volunt,
306 1071 345 1126 ut
385 1060 584 1143 patefaciant
618 1061 690 1128 Dec
723 1064 917 1148 ingressum,
963 1059 1111 1144 quamvis
1264 1061 1381 1128 amdam
1398 1063 1510 1130 spiritus
1528 1063 1613 1115 saneti
1626 1064 1762 1132 implorat,
1780 1078 1832 1130 qua
1847 1063 1933 1119 fretus
1951 1066 2023 1117 inter
2041 1067 2130 1119 varies

140 1145 313 1232 plausibile
334 1156 554 1214 commentum
577 1160 636 1222 est,
659 1160 809 1215 amente
825 1159 936 1216 tamen
954 1157 988 1213 et
1003 1144 1111 1211 verbis
1264 1130 1431 1210 mutationes
1454 1148 1483 1185 ⁸⁰
1508 1132 1712 1213 continentem
1729 1131 1781 1212 pei
1798 1132 1902 1184 umore.
1938 1133 2131 1187 Medimtiones

1266 1214 1330 1251 vero
1347 1199 1469 1266 pluribus
1487 1199 1553 1253 locis
1570 1205 1674 1267 luserit,
1719 1201 1797 1253 uibus
1823 1200 1867 1252 vel
1885 1217 1914 1253 ee
1931 1202 1965 1254 ad
1983 1201 2053 1255 bena
2070 1218 2130 1271 epe·

140 1232 318 1333 PP⁰Ph⁰⁸⁸⁰
339 1244 502 1297 mmmm
523 1239 588 1334 ,⁰⁸32
627 1233 736 1335 (ΜΨ
759 1255 837 1301 V0³⁰
862 1233 962 1301 “ulte
983 1254 1021 1298 ⁸⁰
1042 1242 1111 1329 tuf·
1265 1266 1379 1320 randum
1397 1268 1527 1331 stimulet,
1551 1270 1594 1322 vel
1612 1286 1708 1323 amun
1730 1271 1735 1283 '
1754 1269 1888 1322 illecebris
1904 1285 1998 1324 sensus
2016 1287 2079 1324 euos
2096 1270 2131 1326 ad

140 1330 224 1402 puter
246 1317 310 1384 hoc
338 1319 408 1384 icoo
437 1318 533 1382 abusi
562 1333 630 1385 erut
658 1331 806 1403 papistae
833 1322 872 1386 ad
895 1339 1005 1387 crassa
1026 1316 1111 1382 ludr-
1264 1335 1351 1388 Deum
1369 1337 1487 1406 mitigat.

139 1405 210 1470 bria
232 1403 351 1486 quibus
373 1403 544 1469 Ohristum
565 1406 606 1471 ad
628 1406 751 1471 inferos
770 1415 996 1489 penetrantem
1015 1403 1112 1467 indu·
1247 1453 1395 1522 David&
1439 1456 1468 1520 l·
1491 1456 1546 1522 Aa
1566 1462 1595 1522 te
1612 1456 1729 1523 Iehova
1746 1457 1887 1524 animam
1903 1479 2003 1525 meam
2021 1458 2129 1525 levavi·

139 1500 226 1564 cunt,
261 1512 304 1554 ex
328 1489 472 1575 genuino
491 1491 669 1557 uerborum
692 1513 791 1557 sensu
814 1494 887 1577 plue
909 1492 989 1556 satis
1010 1497 1111 1571 patet.
1364 1541 1371 1554 .
1409 1543 1416 1554 .
1627 1543 1632 1556 .

138 1576 228 1642 Hinc
256 1595 336 1640 vero
364 1575 528 1641 diseamus
559 1588 709 1643 sanctum
746 1578 810 1643 Dei
840 1577 979 1645 uerbum
1005 1574 1112 1640 sobrie
1161 1539 1192 1604 2
1204 1538 1305 1639 ‚Dim
1325 1561 1380 1621 Μ’
1402 1561 1438 1606 ²¹²²
1460 1547 1487 1608 te
1506 1563 1579 1626 ³1²⁶*
1580 1564 1647 1608 Μ’
1675 1564 1712 1608 Μ
1727 1544 1899 1626 putatam,
1921 1566 1960 1610 '²⁶
1980 1544 2131 1611 lamus

140 1669 395 1744 reverenterque
417 1670 568 1741 metare,
588 1684 626 1728 ac
650 1663 793 1746 papistae
815 1664 978 1740 detestari,
1000 1661 1055 1743 qui
1077 1660 1110 1722 in
1161 1627 1284 1691 mm
1306 1626 1367 1690 mei
1388 1628 1426 1746 df
1446 1648 1503 1695 me·
1548 1628 1578 1693 3·
1600 1626 1708 1728 mim
1725 1650 1827 1696 ‘ms
1841 1631 2129 1730 iumeffl’mm’

140 1770 176 1812 eo
212 1746 430 1830 pervertendo
466 1747 598 1813 nefariis
627 1750 696 1813 suis
723 1749 901 1835 sacrilegiis
929 1747 1022 1829 quasi
1048 1745 1111 1809 im·
1161 1732 1223 1778 Μ
1238 1710 1417 1795 Mem·
1435 1713 1601 1796 pudefiant
1616 1735 1672 1797 Ψ
1687 1714 1808 1796 perfide
1824 1721 1920 1800 “dum
1936 1737 2005 1782 ime
2022 1736 2129 1780 ma·

138 1854 223 1917 pune
245 1832 372 1899 ludunt.
1249 1832 1278 1895 1.
1301 1831 1369 1918 (Ad
1390 1838 1418 1898 te
1440 1832 1580 1919 Ieboac.)
1622 1834 1795 1900 Praefatur
1815 1857 1850 1901 ee
1868 1856 1934 1900 nou
1952 1835 2129 1919 circumagi

221 1919 253 1984 8.
277 1917 372 2004 (Quis
393 1924 438 1984 cai
460 1920 544 2006 ieie.)
598 1921 674 1986 Huc
695 1929 844 2003 spectant
866 1921 971 2005 elogia
993 1918 1112 2001 quibus
1163 1917 1227 1982 huc
1248 1925 1283 1982 et
1313 1917 1392 1983 illuc
1424 1918 1604 1984 infidelium
1638 1939 1738 2000 more,
1771 1921 1829 1986 sed
1862 1942 1954 2004 spem
1983 1941 2074 1986 suam
2096 1933 2130 1986 et

139 2005 309 2070 extollitur
330 2002 394 2070 Dei
423 2005 541 2090 virtus,
571 2017 609 2072 ut
630 2008 735 2072 sciant
756 2007 879 2085 Iudaei,
909 2026 975 2071 nou
998 2004 1113 2070 sedere
1162 2014 1239 2067 vota
1260 2002 1402 2087 dirigere
1423 2005 1457 2069 in
1481 2026 1582 2070 unum
1606 2005 1722 2070 Deum.
1766 2006 1857 2071 Nihil
1876 2008 1961 2072 enim
1981 2027 2080 2072 verae
2097 2018 2130 2071 et

140 2093 278 2156 otiosum
303 2093 337 2154 iu
359 2091 493 2174 templo,
516 2091 573 2156 sed
596 2103 634 2156 ut
656 2104 785 2174 praesto
806 2095 849 2160 sit
871 2091 913 2158 ad
930 2111 1023 2172 opem
1043 2089 1112 2154 suis
1162 2088 1308 2154 sineerae
1336 2089 1400 2154 Dei
1429 2091 1628 2156 invocationi
1655 2093 1759 2176 magis
1788 2094 2001 2170 eontrarium,
2030 2112 2128 2174 quam

139 2175 315 2241 ferendam.
362 2176 467 2241 Porro
495 2197 648 2261 magnam
676 2178 848 2263 emphasin
876 2178 1023 2246 continet
1044 2184 1111 2240 tam
1161 2173 1344 2240 vacillando
1377 2176 1625 2258 circumspicere
1666 2175 1776 2262 (sicuti
1817 2179 1943 2260 profani
1980 2177 2130 2243 homiues

139 2263 365 2346 interrogatio,
403 2281 499 2343 quam
536 2265 712 2347 geminatio
744 2266 889 2332 eiusdem
919 2261 1112 2328 sententiae.
1162 2258 1340 2409 solenthau
1365 2260 1474 2343 aliqua
1499 2261 1613 2326 muudi
1638 2264 1761 2330 auxilia
1786 2273 1977 2330 succurrant
2006 2263 2132 2330 interea

140 2348 319 2412 Personam
350 2347 438 2411 enirn
468 2345 662 2415 admirantis
689 2353 824 2433 suscipit
844 2349 1015 2433 propheta,
1048 2367 1111 2429 quo
1163 2365 1240 2409 reno
1297 2366 1370 2409 eum
1393 2347 1554 2425 omittere,
1586 2348 1637 2412 vel
1670 2368 1735 2415 uon
1757 2361 1846 2414 recta
1868 2370 1903 2415 se
1925 2349 2072 2415 consenc
2094 2350 2129 2413 in

141 2432 304 2499 efficacius
326 2432 441 2499 doceat
462 2433 712 2518 inexpugnabili
730 2437 851 2502 virtute
869 2434 981 2501 Deum
999 2432 1111 2498 venire
1162 2431 1232 2496 eius
1252 2431 1351 2495 iidem
1378 2439 1413 2496 et
1441 2431 1586 2498 tutelam.
1630 2433 1717 2498 Nam
1749 2435 1805 2516 qui
1827 2442 1946 2517 putant
1966 2434 2129 2500 Davidem

140 2521 335 2585 instructum
358 2517 399 2581 ad
422 2520 577 2585 tuendam
601 2521 712 2604 populi
734 2522 883 2603 salntem,
905 2534 943 2585 ut
960 2519 1021 2585 sub
1040 2518 1112 2582 eius
1162 2516 1276 2582 testari
1308 2538 1343 2582 se
1375 2517 1476 2583 fuisso
1509 2519 1638 2600 penitus
1666 2518 1738 2586 Deo
1771 2519 1947 2600 addictum,
1978 2540 2015 2585 ao
2043 2521 2128 2586 siin

141 2604 256 2669 umbra
288 2603 370 2670 salvi
404 2603 472 2670 sint
505 2605 625 2672 fideles.
677 2606 748 2671 Iam
782 2630 860 2673 sero
893 2606 1014 2672 dictum
1037 2603 1110 2680 iuit,
1162 2601 1358 2668 sacrificium
1380 2623 1416 2667 se
1437 2603 1615 2688 obtulisset,
1644 2625 1711 2670 non
1731 2605 1811 2671 eatis
1833 2605 2006 2671 attendunt
2027 2606 2129 2670 ratio·

141 2710 202 2756 nou
225 2689 390 2755 habitasse
412 2689 521 2755 Deum
544 2694 578 2757 in
600 2693 732 2775 templo,
755 2714 792 2760 ac
814 2695 842 2759 si
862 2694 1024 2772 immensa
1041 2688 1111 2754 eius
1162 2708 1237 2753 uem
1278 2698 1461 2755 contextus
1515 2689 1629 2754 Potius
1667 2690 1708 2754 ad
1748 2690 1946 2774 impetrandi
1977 2689 2129 2756 fiduciam

140 2776 280 2842 mentia
312 2776 382 2841 illic
415 2776 542 2841 inclusa
573 2778 675 2842 iuret:
710 2778 766 2843 sed
801 2778 891 2844 illam
924 2775 1057 2843 virtutis
1078 2781 1111 2837 et
1161 2774 1261 2839 sumit
1282 2773 1367 2857 quod
1389 2774 1423 2840 in
1446 2774 1595 2858 precibus
1617 2776 1752 2841 maximi
1772 2786 1823 2842 est
1844 2777 2011 2853 momenti,
2026 2797 2129 2859 spem

142 2862 265 2940 gratiae
286 2862 387 2926 luisse
409 2865 638 2946 praesentiam,
661 2860 696 2928 ut
719 2863 842 2930 ferebat
860 2862 1032 2948 promissio
1053 2880 1111 2943 per
1162 2857 1225 2926 eibi
1246 2859 1347 2925 fuisse
1368 2860 1404 2924 iu
1421 2860 1494 2926 Deo
1511 2863 1620 2939 lixam,
1643 2883 1703 2926 uec
1720 2862 1835 2928 mundi
1851 2861 2012 2929 illecebris
2030 2863 2129 2929 inisse

142 2949 256 3013 lioeeu
285 2947 381 3013 data:
411 2947 477 3013 Ubi
498 2951 688 3015 memoriam
719 2970 859 3032 posuero
880 2951 1004 3014 numiui
1027 2966 1109 3021 meo,
1161 2944 1354 3028 impeditum
1384 2946 1437 3011 vel
1459 2955 1625 3012 retentum
1648 2949 1823 3030 quominus
1844 2948 1926 3014 liber
1947 2959 1981 3013 et
2002 2947 2129 3014 solutus

141 3034 271 3098 veniam
293 3032 334 3098 ad
357 3043 400 3111 te,
422 3043 455 3097 et
479 3032 667 3100 benedicam
691 3036 760 3114 tibi,
783 3036 888 3102 Exod.
911 3036 962 3112 20,
986 3033 1037 3099 24
1071 3032 1109 3096 Id
1161 3029 1202 3095 ad
1231 3030 1339 3095 Deum
1368 3031 1588 3098 adscenderet.
1632 3032 1744 3113 Quare
1771 3033 1851 3099 haec
1880 3036 1922 3098 sit
1949 3033 2044 3098 nobie
2066 3035 2129 3098 rite

140 3119 200 3184 sibi
229 3139 295 3182 non
325 3119 449 3183 frustra
477 3140 548 3185 csse
576 3120 784 3204 promissum,
816 3121 873 3188 sed
901 3123 1008 3186 Deum
1032 3138 1110 3181 vere
1162 3115 1275 3181 orandi
1297 3117 1420 3199 regula,
1453 3138 1518 3182 nou
1541 3116 1679 3182 distrahi
1701 3120 1735 3182 in
1757 3140 1831 3201 spes
1853 3119 1962 3184 varias
1984 3128 2017 3182 et
2039 3120 2127 3185 anci·

139 3207 171 3270 iu
192 3202 302 3268 medii)
324 3206 376 3270 eui
400 3216 487 3269 stare
504 3216 679 3271 senserunt
695 3206 817 3282 fideles,
839 3207 895 3289 qui
914 3227 978 3270 nou
997 3223 1109 3286 super·
1162 3203 1254 3283 pltea,
1278 3222 1337 3267 neo
1356 3203 1391 3266 iu
1420 3203 1560 3268 terrenis
1587 3204 1718 3267 auxiliis
1747 3204 1941 3269 subsistere:
1971 3204 2028 3268 sed
2057 3204 2128 3269 Deo

139 3291 264 3354 stiticse
281 3291 372 3372 quasi
391 3291 513 3373 templo
530 3293 664 3356 affixum
676 3291 885 3372 quaerebant,
904 3291 960 3356 sed
972 3296 1110 3355 externo
1162 3287 1306 3351 tribuere
1335 3286 1422 3353 huuc
1452 3288 1618 3367 honorem,
1648 3299 1684 3354 ut
1712 3310 1753 3354 ex
1774 3289 1890 3353 intimo
1913 3289 2030 3353 affectu
2053 3299 2128 3354 vota

140 3374 253 3458 templi
275 3375 365 3440 cultu
388 3375 491 3442 adiuti
520 3375 697 3443 tendebant
729 3379 761 3442 iu
792 3378 928 3442 coelum.
972 3375 1111 3441 Summa
1162 3382 1274 3436 nostra
1295 3371 1334 3436 ad
1368 3372 1476 3439 Deum
1510 3373 1670 3439 tollamus.
1716 3374 1889 3441 Caeterum
1912 3375 1946 3439 iu
1968 3373 2127 3440 mutando

139 3476 195 3537 est,
227 3460 357 3543 quoties
387 3459 498 3527 Deum
529 3462 669 3545 populus
698 3452 733 3526 in
755 3463 878 3546 templo
900 3459 1111 3538 invocaverit,
1161 3457 1255 3523 verbi
1275 3464 1419 3540 ternpore
1438 3458 1519 3525 alios
1536 3460 1732 3543 interpretes
1740 3471 1905 3543 sequutus
1919 3478 2009 3527 eum:
2028 3482 2128 3544 quau·
2200 3515 2203 3520 .

139 3549 256 3612 eiicotu
289 3546 359 3630 ipso
393 3547 512 3630 palam·
532 3549 601 3615 iore
634 3568 731 3630 quam
765 3568 831 3613 uon
864 3551 964 3614 inane
992 3547 1036 3613 sit
1057 3544 1111 3611 vcl
1161 3563 1257 3626 quam
1288 3564 1347 3627 per
1374 3547 1520 3610 futurum
1549 3555 1679 3629 tempus
1711 3547 1905 3612 continuum
1934 3556 2043 3612 actum
2074 3546 2127 3611 de·

140 3632 298 3698 lusorium
329 3634 533 3716 praesentiae
559 3634 623 3699 Dei
653 3632 836 3716 symbolum
867 3655 941 3700 area
962 3630 1110 3707 foederis,
1160 3630 1278 3714 signat.
1647 3695 1648 3698 ,

139 3721 215 3800 quia
235 3717 327 3782 Deus
346 3728 512 3800 potentem
533 3740 668 3784 manum
685 3740 778 3784 suam
797 3719 1016 3803 protegendae
1033 3717 1111 3784 fide·
1245 3714 1275 3779 2.
1308 3715 1413 3802 (Deae
1444 3718 1498 3797 mi,
1530 3719 1566 3781 ia
1599 3722 1626 3782 te
1657 3716 1807 3803 specui.)
1850 3717 1904 3782 lix
1937 3718 1999 3783 hoo
2029 3738 2125 3783 versu

139 3807 219 3869 lium
248 3803 347 3869 saluti
374 3825 503 3886 semper
531 3813 671 3872 exseret.
722 3807 887 3888 Repetitio
914 3814 1023 3870 autem
1053 3802 1111 3867 ad·
1159 3799 1353 3884 colligimus,
1393 3802 1479 3884 quod
1518 3801 1635 3867 deinde
1670 3804 1790 3868 clarius
1829 3802 1960 3885 patebit,
2004 3802 2126 3867 Davidi

140 3899 262 3967 monet,
292 3890 403 3955 fideles
431 3891 466 3953 iu
495 3891 557 3957 hac
579 3890 791 3956 meditatione
813 3914 878 3957 non
897 3911 991 3974 posse
1013 3889 1110 3954 nimie
1160 3887 1258 3952 fuisse
1276 3908 1351 3952 oum
1370 3887 1556 3953 hominibus
1577 3888 1761 3971 negotium:
1784 3886 1841 3953 sod
1859 3890 1933 3969 quia
1951 3908 2127 3971 persuasus

141 3997 212 4042 esse
244 3972 391 4041 assiduos
424 3975 478 4039 uel
511 3976 650 4042 sedulos.
698 3976 770 4041 Iam
804 3998 902 4060 quum
936 3975 1024 4041 filius
1048 3974 1110 4038 Dei
1160 3985 1238 4050 erat,
1269 3972 1381 4038 >hostes
1413 3993 1490 4038 suos
1521 3993 1591 4037 esse
1624 3975 1716 4055 quasi
1747 3973 1811 4036 Dei
1840 3972 1971 4054 ferulas,
2008 3975 2127 4039 merito

141 4082 239 4127 carue
261 4060 396 4126 indutas
419 4063 571 4144 apparuit
589 4062 660 4126 Rea
675 4061 806 4146 gloriae,
828 4074 860 4127 et
879 4063 1003 4128 iehora
1020 4080 1111 4125 exer·
1160 4060 1229 4122 eius
1250 4078 1351 4122 manu
1372 4058 1531 4141 compesci
1554 4059 1706 4143 postulat,
1730 4080 1771 4123 ne
1793 4059 1897 4141 magis
1917 4058 2126 4126 insolescant.

140 4149 274 4224 cituum,
315 4168 381 4212 nou
422 4147 589 4212 umbratili
622 4149 729 4230 figura
762 4158 901 4226 tantum,
943 4147 998 4212 sed
1034 4165 1111 4211 vere
1162 4142 1325 4226 Sperandi
1364 4144 1462 4209 verbo
1504 4147 1676 4210 confirmat
1715 4143 1800 4228 quod
1833 4165 1940 4227 nuper
1972 4143 2058 4209 dixit
2086 4144 2126 4210 de

141 4231 298 4314 templum
326 4253 423 4297 suum
450 4233 620 4319 ingressus
647 4243 704 4311 eet,
739 4244 777 4298 ut
805 4235 840 4299 in
869 4233 975 4299 medio
1008 4230 1111 4296 nostri
1161 4235 1290 4295 animae
1312 4228 1353 4294 ad
1382 4228 1491 4295 Deum
1525 4230 1716 4296 elevatione.
1760 4229 1845 4295 Nam
1867 4231 1920 4296 vel
1942 4231 1989 4295 ita
2010 4231 2126 4295 modus

142 4320 276 4384 habitet.
328 4317 439 4399 Quare
472 4318 553 4382 nihil
584 4317 691 4383 obstat
728 4320 902 4402 quominus
933 4318 1112 4402 gloriemur
1161 4317 1439 4397 exprimiturque
1461 4338 1496 4381 sc
1519 4315 1630 4381 fideles
1652 4317 1780 4381 animae
1802 4336 1932 4381 sursum
1955 4316 2124 4382 attollunt:

141 4426 201 4469 nos
229 4403 300 4468 eius
329 4407 453 4469 virtute
483 4406 551 4469 fore
580 4404 728 4469 iuviotoe.
781 4404 978 4487 Quanquam
1002 4413 1110 4468 autem
1161 4401 1214 4465 vel
1235 4401 1355 4466 fiducia
1384 4414 1415 4465 et
1441 4424 1515 4485 spes
1543 4402 1673 4467 additur
1705 4412 1859 4484 tanquam
1882 4402 1969 4468 illiue
1991 4403 2126 4467 effeetus

140 4510 245 4572 neque
268 4509 363 4555 mons
381 4489 464 4556 Sicu
483 4488 581 4554 hodie
598 4488 688 4554 locus
706 4501 755 4554 est
773 4491 955 4557 sanctuario
974 4488 1111 4568 dicatus,
1162 4505 1267 4552 causa.
1311 4487 1357 4551 lit
1387 4504 1474 4553 certe
1505 4487 1557 4554 hie
1587 4489 1646 4553 alis
1669 4508 1687 4552 e
1709 4487 1832 4553 mundo
1852 4487 1972 4553 sublati
1995 4507 2127 4552 sursum

141 4597 243 4659 neque
272 4574 414 4658 amplius
446 4596 521 4642 aree
549 4574 691 4640 foederis
718 4576 827 4659 imago
854 4575 919 4640 Dei
948 4584 998 4640 ost
1021 4573 1111 4639 habi·
1162 4573 1330 4656 erigimur.
1356 4574 1464 4638 David
1483 4595 1560 4657 ergo
1578 4585 1647 4638 tcto
1665 4573 1767 4638 animi
1786 4573 1943 4639 desiderio
1962 4573 2002 4637 ad
2017 4572 2126 4636 Deum

141 4663 242 4726 tantis
273 4662 358 4726 iuter
388 4661 586 4727 Cherubim:
616 4672 777 4743 quatenus
799 4672 908 4726 tamen
931 4660 1112 4725 communis
1162 4668 1278 4740 raptus
1295 4658 1367 4736 luit,
1391 4662 1467 4741 quia
1483 4660 1749 4743 promissionibus
1766 4659 1836 4724 eius
1853 4658 1969 4742 iratus,
1989 4658 2127 4723 salutern

141 4747 235 4813 nobis
264 4748 348 4811 ratic
376 4757 427 4812 est
455 4768 530 4813 oum
552 4745 710 4830 patribus,
743 4757 780 4810 ut
802 4747 894 4811 verbi
916 4745 1112 4828 praedicatio
1164 4742 1251 4808 haud
1275 4742 1404 4808 dubiam
1423 4745 1499 4810 inde
1517 4745 1677 4828 sperabat.
1722 4743 1916 4828 Deprecatio
1934 4766 1998 4826 qua
2015 4746 2128 4823 utitur,

140 4846 175 4897 et
195 4842 403 4899 sacramenta
424 4832 532 4897 Deum
558 4832 651 4897 nobie
673 4831 884 4914 coniungant,
907 4833 987 4896 haec
1008 4830 1112 4894 admi·
1163 4851 1204 4894 ex
1227 4830 1393 4894 communi
1415 4832 1596 4914 scripturae
1618 4831 1766 4897 doctriua
1786 4841 1916 4914 sumpta
1937 4841 1995 4907 eet,
2026 4828 2127 4911 pude-

141 4918 252 4985 nioula
273 4928 464 4984 reverenter
485 4917 637 5000 amplecti
659 4918 822 4994 convenit,
856 4919 932 5000 quia
953 4918 1024 4981 fieri
1046 4936 1110 4980 non
1164 4916 1234 4979 fieri
1267 4935 1437 4997 uunquam
1470 4938 1563 5000 posse
1596 4917 1778 5000 quicunque
1811 4919 1845 4980 in
1878 4916 1949 4980 Deo
1983 4926 2125 4998 sperant.

141 5016 258 5085 potest,
291 5005 319 5070 ei
353 5004 454 5086 impio
486 5005 570 5069 iaetu
604 5014 815 5085 spernuntur,
852 5005 929 5086 quin
964 5002 1055 5068 Deus
1077 5023 1112 5066 sa
1135 5052 1139 5095 ι
1162 5000 1254 5066 Haeo
1283 5001 1383 5064 etiam
1412 5005 1495 5068 ratio
1524 5002 1564 5067 ad
1594 4999 1832 5086 provocandam
1861 5000 1923 5065 Dei
1946 5001 2126 5066 misericor·

141 5089 276 5155 tandem
298 5110 432 5173 prorsus
454 5110 474 5154 a
495 5089 589 5154 nobis
611 5088 778 5155 subducat.
1164 5086 1250 5150 diam
1268 5084 1412 5153 uotauda
1428 5099 1489 5168 est,
1511 5109 1552 5153 ne
1570 5088 1728 5154 obnoxius
1746 5087 1788 5152 eit
1805 5086 1947 5151 hostiurn
1967 5086 2125 5163 ludibriis,

1164 5192 1299 5255 quorum
1322 5173 1512 5254 improbitas
1531 5196 1597 5239 non
1615 5174 1718 5257 magis
1735 5172 1806 5255 pios
1823 5172 1948 5236 animos
1966 5172 2127 5250 vuluerat,

1163 5278 1260 5340 quarn
1283 5255 1391 5323 Deum
1413 5259 1520 5342 ipsum
1545 5259 1681 5325 lacessit.
