4658 5856
176 358 240 426 453
997 362 1211 432 PSALMUS
1235 363 1344 430 XLV.
2095 372 2161 438 454

174 548 310 614 Notatio
332 550 502 633 igiturest
523 550 558 614 in
574 549 636 617 hae
651 570 738 628 voce,
761 552 840 617 acsi
863 552 951 619 hunc
974 573 1075 617 unum
1100 575 1141 617 ex
1192 553 1314 618 iactant
1336 573 1406 619 esse
1429 575 1556 639 regem:
1579 577 1675 639 quam
1700 558 1833 639 profano
1852 559 1949 622 etiam
1968 568 2158 644 contemptu

174 637 311 701 aliorum
333 634 447 700 ordine
469 634 628 704 delectum
651 637 786 719 spiritus
808 648 939 704 sanctus
960 639 994 702 in
1013 660 1141 704 summo
1191 640 1295 704 maior
1317 660 1393 722 pars
1414 642 1528 704 mundi
1551 639 1682 706 illudat:
1705 663 1802 725 quam
1827 644 2012 726 petulanter
2031 647 2157 712 Turcae

173 721 277 808 gradu
300 721 430 787 locaret.
474 721 544 786 Iam
568 721 717 787 bellicam
739 722 963 788 fortitudinem
992 731 1025 788 in
1048 724 1141 790 Solo·
1192 735 1224 788 et
1246 723 1357 789 Iudaei
1385 724 1587 791 maledicant.
1631 727 1721 811 Ergo
1742 728 1776 792 in
1800 730 1896 793 rebus
1926 744 1991 793 tam
2015 731 2157 796 confusis

172 829 269 873 mone
289 816 457 890 tantopere
475 807 630 873 celebrari
648 809 704 889 qui
721 809 902 887 conveniet,
925 811 982 891 qui
1000 819 1033 874 et
1050 829 1141 873 man·
1191 820 1338 874 occurrat
1367 810 1460 876 nobis
1482 812 1674 877 vaticinium
1704 813 1774 890 hoc,
1803 814 1936 879 Christo
1959 815 2103 898 gladium
2126 830 2158 883 et

172 905 266 959 sueta
287 894 348 958 suit
371 894 512 975 ingenio,
542 904 576 957 et
597 893 810 976 tranquillum
840 904 963 959 statum
993 893 1140 976 adeptus,
1190 897 1326 980 sagittas
1348 896 1532 962 sternendis
1554 911 1585 962 et
1608 897 1782 980 perdendis
1804 899 1953 964 hostibus
1975 916 2155 984 suppetere.

171 980 260 1062 pacis
282 992 369 1043 artes
391 988 520 1044 tantum
542 977 652 1056 coluit,
683 979 809 1042 nullum
832 1000 975 1062 unquam
999 982 1032 1044 in
1057 980 1139 1045 bello
1189 979 1315 1045 Iterum
1339 980 1483 1047 breviter
1504 982 1651 1048 hocloco
1673 996 1818 1066 repetam
1841 984 1926 1066 quod
1949 999 2025 1050 ante
2048 988 2156 1072 attigi:

171 1064 274 1130 edidit
296 1066 346 1129 sui
368 1063 555 1147 specimen?
589 1063 656 1129 Sed
679 1064 762 1128 nihil
785 1065 846 1128 hoo
868 1066 1053 1130 testimonio
1075 1066 1139 1131 ola·
1189 1080 1357 1148 uteunque
1380 1089 1509 1132 versum
1540 1068 1629 1134 huuc
1651 1071 1720 1135 suis
1742 1069 1869 1135 cavillis
1890 1071 2021 1136 eludere
2042 1070 2156 1138 Iudaei

171 1153 239 1215 rius
263 1150 374 1215 afferri
403 1161 518 1233 potest,
548 1148 603 1214 ubi
626 1150 784 1215 asseritur
806 1151 900 1232 regni
929 1151 1137 1234 perpetuitas.
1189 1165 1361 1232 conentur,
1394 1153 1511 1218 solium
1535 1165 1627 1218 tuum
1653 1155 1742 1220 Deus
1773 1155 1807 1219 in
1831 1157 1995 1220 saeculum
2027 1159 2156 1238 saeculi,

169 1236 283 1320 Neque
316 1237 403 1300 enim
437 1236 571 1301 dubium
607 1245 657 1300 est
691 1237 769 1319 quin
806 1245 939 1300 notetur
971 1237 1137 1303 oraculum
1189 1238 1267 1302 satis
1289 1247 1400 1302 umen
1423 1238 1531 1304 valere
1554 1238 1594 1304 ad
1617 1253 1781 1304 aeternam
1805 1240 1929 1307 Christi
1952 1242 2155 1308 divinitatem

169 1322 262 1390 cuius
292 1343 396 1405 nuper
426 1321 569 1399 memini,
599 1320 714 1387 Donec
742 1321 789 1387 sol
819 1330 852 1386 et
879 1320 958 1386 luna
985 1323 1020 1387 in
1048 1323 1138 1388 coelo
1189 1322 1404 1404 probandam:
1435 1325 1513 1406 quia
1543 1325 1620 1389 dum
1651 1347 1770 1391 nornen
1799 1303 1924 1412 plns&
1947 1328 1999 1392 vel
2030 1330 2156 1412 angelis

168 1409 356 1486 manebunt,
375 1406 474 1472 stabit
491 1426 618 1489 quoque
637 1407 755 1472 solium
774 1407 923 1488 Davidis,
942 1408 1030 1473 Psal.
1044 1409 1094 1487 72,
1106 1408 1136 1474 5.
1190 1408 1241 1473 vel
1272 1409 1460 1475 hominibus
1490 1408 1701 1487 adscribitur,
1734 1411 1831 1476 simul
1863 1413 1937 1476 addi
1968 1413 2050 1479 solet
2079 1425 2157 1479 nota

168 1497 270 1577 Atqui
293 1494 355 1560 hoc
376 1492 489 1559 Iudaei
518 1493 615 1557 etiam
642 1495 704 1576 ipsi
727 1502 887 1573 coguntur
916 1493 957 1558 ad
981 1495 1136 1559 Messium
1188 1493 1296 1575 aliqua
1318 1516 1400 1576 quae
1423 1495 1585 1561 discernat
1607 1516 1699 1561 eosa
1721 1502 1799 1563 vero
1821 1511 1854 1562 et
1875 1499 1972 1563 unico
1994 1500 2079 1566 Deo:
2103 1500 2155 1564 hic

168 1583 297 1646 referre.
343 1579 431 1663 Ergo
461 1577 619 1662 propheta
648 1579 798 1660 quamvis
830 1578 870 1643 de
902 1578 970 1643 filio
999 1580 1137 1646 Davidis
1187 1589 1297 1644 autem
1320 1582 1511 1662 simpliciter
1532 1583 1698 1647 confertur
1727 1585 1761 1646 iu
1787 1583 1957 1648 Christum
1979 1593 2014 1648 et
2035 1583 2155 1666 absque

166 1685 350 1730 sermonem
371 1664 585 1744 inchoaverit,
606 1665 725 1746 spiritu
749 1674 858 1729 tamen
881 1664 980 1728 altius
1002 1665 1135 1731 adscen·
1188 1664 1257 1728 ulla
1279 1667 1477 1749 exceptione.
1521 1665 1592 1731 Iam
1617 1688 1694 1731 vero
1723 1676 1838 1732 notare
1867 1672 2154 1751 operaepretium

166 1749 258 1830 dens,
287 1771 425 1834 reguiam
449 1750 517 1816 veri
548 1760 582 1815 et
602 1750 752 1833 perpetui
775 1751 915 1815 Messiae
944 1753 1135 1835 complexus
1187 1760 1246 1828 est,
1264 1773 1447 1816 sermonem
1466 1750 1520 1818 hio
1537 1753 1578 1817 de
1595 1752 1727 1818 Christo
1745 1753 1868 1832 haberi,
1888 1764 2048 1836 quatenus
2063 1754 2155 1821 Deus

164 1845 222 1902 est.
266 1837 343 1901 Huc
364 1836 488 1901 accedit
509 1856 627 1901 nomeu
649 1815 783 1922 malm,
804 1835 889 1917 quod
909 1837 971 1901 etsi
992 1858 1135 1903 commu·
1187 1848 1238 1901 est
1266 1837 1491 1903 manifestatus
1520 1839 1555 1902 in
1585 1858 1689 1903 carne.
1734 1840 1806 1904 Etsi
1836 1840 1923 1904 enim
1946 1842 2037 1905 Deus
2060 1861 2155 1906 voca·

164 1922 253 1987 niter
275 1922 316 1986 ad
338 1921 471 2007 angelos
493 1930 526 1984 et
543 1921 693 1988 homines
715 1923 921 2000 transfertur,
945 1923 1135 2004 simpliciter
1186 1931 1249 2002 tur,
1271 1923 1348 2003 quia
1364 1943 1471 1988 sermo
1489 1933 1539 1988 est
1557 1945 1576 1987 a
1593 1933 1687 2005 patre
1703 1925 1835 2008 genitus
1851 1934 1928 1989 ante
1945 1925 2081 2006 saecula,
2101 1926 2155 1993 hic

164 2010 332 2072 tamenin
354 2029 456 2072 unum
485 2007 650 2071 hominem
674 2029 737 2071 non
760 2005 907 2090 quadrat,
937 2009 1047 2089 itaque
1070 2028 1133 2073 non
1186 2016 1296 2072 tamen
1329 2009 1486 2073 statuitur
1517 2010 1552 2073 iu
1587 2029 1726 2091 persona
1760 2010 1962 2075 mediatoris:
2003 2010 2090 2077 unde
2122 2025 2155 2076 et

165 2094 297 2159 dubium
321 2105 372 2157 est
389 2094 467 2176 quin
487 2091 600 2157 divina
618 2092 742 2158 Christi
765 2093 917 2158 maiestas
939 2093 1060 2158 diserte
1082 2095 1134 2160 hie
1185 2093 1284 2175 paulo
1307 2105 1380 2175 post
1397 2093 1468 2159 Deo
1491 2094 1672 2160 subiicitur.
1717 2095 1762 2159 Et
1782 2105 1870 2161 uerte
1892 2097 1919 2161 si
1942 2096 1983 2160 ad
2009 2096 2153 2161 divinam

165 2191 299 2244 notetur
343 2179 438 2243 Nune
468 2177 628 2243 descendo
657 2177 698 2243 ad
728 2177 874 2262 singulas
904 2189 1023 2261 partes,
1054 2199 1134 2262 quas
1186 2180 1256 2243 eius
1285 2190 1437 2244 naturam
1472 2181 1652 2263 restringas
1685 2179 1770 2261 quod
1805 2181 1925 2246 dicitur
1952 2181 1992 2245 de
2022 2192 2154 2247 aeterno

166 2276 275 2330 tamen
299 2263 402 2328 obiter
424 2276 549 2327 tautum
575 2284 772 2344 percurram.
817 2262 973 2330 Diximus
1002 2285 1134 2330 carmen
1184 2264 1254 2328 sius
1273 2285 1382 2345 regno,
1400 2264 1520 2348 peribit
1536 2267 1629 2330 nobis
1646 2266 1893 2331 inaestimabilis
1907 2267 2041 2344 fruetus,
2059 2289 2154 2351 quem

165 2353 210 2416 ita
232 2351 341 2415 vocari
360 2352 549 2414 amatorium
569 2349 619 2414 vel
637 2350 784 2431 nuptiale,
805 2361 842 2412 ut
859 2363 973 2414 saneta
994 2351 1133 2416 eruditio
1185 2370 1226 2414 ex
1243 2349 1306 2416 hac
1324 2349 1473 2417 doctrina
1495 2351 1707 2433 percipimus:
1732 2351 1809 2416 dum
1828 2351 2052 2435 intelligimus,
2076 2375 2154 2436 qua·

165 2437 307 2525 primum
330 2435 435 2501 locum
457 2435 611 2511 obtineat,
641 2455 684 2498 ne
705 2455 786 2516 quos
807 2435 972 2518 fingamus
994 2435 1131 2502 lascivos
1186 2443 1283 2500 tenus
1305 2446 1405 2518 caput
1427 2447 1477 2500 est
1498 2436 1663 2512 ecelesiae,
1696 2448 1728 2499 et
1750 2437 1869 2502 salutis
1892 2447 2024 2502 nostrae
2046 2452 2155 2504 eustos

165 2542 293 2587 amores
315 2523 367 2585 vel
391 2534 547 2585 terrenos.
592 2518 716 2584 Eodem
747 2540 844 2585 sensu
871 2522 1011 2586 sciamus
1033 2521 1130 2586 Chri·
1186 2541 1224 2586 ac
1253 2541 1393 2604 praeses,
1427 2541 1491 2586 uon
1521 2543 1661 2605 regnare
1691 2519 1732 2584 ad
1762 2531 1901 2605 tempus,
1934 2523 1990 2587 sad
2022 2533 2154 2589 aeterno

165 2622 254 2672 stum
278 2609 384 2673 vocari
414 2608 585 2687 maiacum
613 2606 726 2687 formo,
757 2628 823 2669 uon
854 2604 941 2687 quod
967 2609 1032 2671 oris
1061 2607 1134 2690 pul·
1185 2605 1322 2688 imperio
1343 2607 1450 2690 potiri,
1480 2607 1556 2690 quia
1585 2606 1662 2672 hine
1684 2607 1777 2672 uobis
1807 2607 1911 2672 solida
1939 2611 2063 2672 tamin
2089 2611 2155 2673 vita

164 2691 328 2759 critudine
360 2691 545 2775 spectabilis
577 2692 691 2769 luerit,
725 2692 819 2756 sicuti
852 2691 953 2756 crassi
986 2693 1134 2757 homiues
1186 2712 1284 2773 quam
1306 2691 1341 2755 iu
1364 2704 1469 2757 morte
1492 2694 1658 2758 securitas.
1704 2691 1799 2757 Clare
1822 2693 1920 2757 etiam
1943 2715 1984 2758 ex
2005 2694 2154 2777 proximo

165 2779 350 2843 somniant:
380 2777 436 2842 sed
464 2778 540 2859 quia
565 2777 694 2842 eximiis
716 2775 845 2841 dotibus
866 2788 1003 2841 ornatus
1024 2778 1132 2862 fuerit,
1185 2786 1341 2841 contextu
1360 2788 1459 2860 patet,
1482 2778 1650 2844 Christum
1670 2778 1761 2843 uobis
1780 2778 1990 2845 mediatorem
2008 2781 2153 2862 proponi,

164 2863 282 2945 quibus
303 2863 383 2929 alios
405 2883 519 2927 omnes
544 2864 774 2944 supereminet.
817 2862 932 2943 Neque
958 2863 1046 2927 enim
1076 2884 1133 2929 no·
1186 2862 1263 2944 quia
1285 2875 1404 2929 unctus
1427 2885 1446 2928 a
1468 2865 1538 2928 Deo
1560 2884 1620 2927 sue
1642 2863 1770 2946 dieitur,
1792 2873 1827 2928 et
1849 2864 1979 2946 quidem
2002 2885 2081 2947 prae
2102 2886 2153 2930 so·

165 2970 245 3017 vum
267 2958 326 3027 est,
349 2947 435 3030 quod
456 2950 490 3012 in
513 2947 646 3013 Christo
667 2947 838 3031 spirituale
860 2960 917 3026 est,
947 2949 1008 3013 sub
1031 2958 1132 3014 terre·
1185 2947 1252 3013 ciis.
1296 2946 1337 3011 Id
1367 2958 1476 3013 autem
1507 2948 1542 3012 in
1575 2958 1745 3013 aeternum
1777 2949 1839 3014 Dei
1873 2971 2055 3015 sermonem
2089 2972 2152 3015 nou

166 3037 217 3100 nis
249 3035 364 3118 figuris
396 3033 544 3099 describi.
597 3033 749 3115 Regnum
784 3033 910 3098 Christi
941 3035 1132 3115 opulentum
1185 3034 1348 3114 competit,
1377 3034 1433 3099 sed
1457 3035 1491 3097 in
1515 3033 1684 3099 Christum
1713 3055 1811 3099 carne
1833 3034 1995 3109 indutum,
2025 3037 2060 3100 in
2090 3057 2153 3118 qua

165 3122 234 3185 fore
254 3119 389 3184 dicitur:
413 3118 543 3183 additur
565 3119 759 3203 magnificus
781 3118 942 3200 splendor,
970 3120 1075 3200 qualis
1097 3120 1132 3183 iu
1185 3127 1219 3182 et
1239 3139 1357 3183 servus
1380 3119 1443 3183 Dei
1466 3128 1524 3198 est,
1547 3130 1580 3183 et
1601 3121 1703 3184 irater
1725 3129 1846 3184 noster.

165 3205 252 3270 felici
284 3205 484 3271 abundantia
515 3214 548 3267 et
580 3224 700 3286 magua
734 3204 879 3284 potentia
912 3205 1131 3286 conspicitur:

164 3289 331 3356 adduntur
353 3292 452 3355 etiam
471 3289 613 3362 deliciae,
637 3289 728 3371 atqui
746 3289 827 3352 nihil
848 3289 964 3353 horum
982 3289 1133 3354 convenit
1271 3290 1300 3354 9.
1333 3288 1470 3373 Myrrha
1491 3294 1518 3354 el
1540 3289 1614 3367 clai,
1644 3290 1781 3355 alsacia
1802 3289 1943 3354 ansibus
1965 3288 2153 3355 vestimentis

165 3376 291 3441 Christi
314 3396 426 3460 regno,
455 3374 541 3458 quod
568 3376 712 3439 alienum
740 3385 790 3438 est
811 3395 831 3438 a
852 3373 966 3438 mundi
998 3375 1133 3457 pompis,
1184 3374 1256 3454 luis,
1293 3394 1332 3437 ea
1359 3375 1498 3456 palatiis
1530 3374 1674 3439 eburiseis
1712 3376 1795 3441 ande
1833 3375 2076 3455 &edificaverunt
2115 3381 2151 3440 te.

163 3462 220 3525 sed
245 3462 432 3544 prophetae,
454 3481 555 3544 quum
578 3455 670 3524 su'am
690 3458 869 3525 doctrinam
892 3460 1134 3524 accommodare
1186 3458 1235 3522 10.
1270 3458 1375 3525 Filiae
1403 3480 1511 3544 repam
1539 3461 1620 3525 irater
1647 3459 1840 3526 honorabiles
1868 3460 1997 3548 luasffl)
2031 3462 2153 3526 adstitit

164 3546 288 3611 vallant
310 3547 351 3610 ad
373 3556 506 3630 captum
533 3546 655 3629 populi,
684 3566 748 3609 non
773 3545 812 3608 de
833 3544 889 3609 illo
910 3564 1004 3609 secus
1033 3567 1071 3610 ao
1093 3545 1133 3609 de
1182 3545 1318 3609 malaue
1338 3546 1381 3610 ad
1402 3546 1560 3610 deuterum
1581 3551 1668 3610 luam
1689 3546 1724 3610 ln
1746 3566 1824 3611 auro
1845 3545 1953 3629 Ophir.
1994 3548 2043 3611 11.
2063 3546 2153 3611 Audi

163 3633 255 3697 cultu
278 3632 341 3698 Dei
363 3632 490 3715 loquuti
512 3644 599 3709 sunt,
626 3652 721 3713 quem
745 3628 942 3695 adumbrant
963 3631 1023 3695 sub
1044 3631 1132 3715 lega·
1181 3629 1261 3710 (ilia,
1290 3635 1318 3695 et
1345 3633 1424 3711 eide,
1454 3637 1481 3695 el
1502 3631 1620 3696 inclina
1650 3651 1758 3695 aurem
1785 3637 1889 3696 tauro:
1921 3637 1948 3696 el
1976 3632 2153 3698 obliviscere

163 3717 251 3784 libus
285 3719 506 3783 caeremoniis.
564 3718 660 3782 Hanc
700 3716 881 3797 analogiam
914 3716 942 3780 si
975 3729 1132 3792 tenemus,
1178 3716 1331 3797 papulam
1359 3723 1447 3781 taam
1469 3723 1496 3780 et
1516 3717 1640 3782 mam
1667 3717 1771 3797 patris
1792 3718 1848 3781 lui.
1894 3717 1943 3781 12.
1973 3717 2016 3781 El
2037 3717 2154 3782 amabil

163 3803 255 3868 nulla
278 3803 413 3869 restabit
434 3802 532 3868 huius
554 3802 617 3866 loci
639 3802 826 3867 obscuritas.
871 3800 942 3865 Iam
965 3801 1051 3883 quod
1073 3823 1132 3867 rex
1182 3821 1239 3863 rea
1260 3803 1395 3867 &wem
1417 3808 1523 3867 tuam:
1552 3803 1628 3882 qaia
1655 3803 1722 3883 ipae
1749 3802 2001 3883 dominicaturis,
2030 3803 2153 3868 auclo-

163 3890 307 3970 divinus,
329 3898 501 3971 postquam
523 3887 675 3952 laudatus
697 3897 747 3952 est
768 3885 965 3967 afacuudia,
988 3897 1132 3952 armatur
1182 3885 1271 3950 ralis
1292 3885 1429 3971 sawt)
1464 3885 1851 3968 laureacensem
1872 3907 2013 3953 manae:
2035 3889 2153 3954 mlum

164 3975 264 4040 etiam
294 3974 410 4059 gladio,
440 3983 555 4039 uoutu
583 3972 719 4056 dignum
747 3983 811 4049 est,
841 3991 917 4036 nam
943 3984 976 4037 et
999 3973 1065 4038 oris
1087 3973 1134 4036 fa-
1182 3976 1269 4035 tuam
1290 3972 1534 4053 deprecabilem
1554 3973 1668 4038 diuites
1684 3972 1808 4051 populi.

161 4060 285 4126 cundia
318 4059 520 4126 voluntarios
553 4078 591 4122 ao
627 4057 747 4124 dociles
803 4057 959 4122 ubernat:
995 4067 1029 4122 et
1056 4059 1131 4140 quia

164 4146 262 4211 multi
283 4145 435 4211 omnibus
457 4143 594 4211 saeculis
616 4143 753 4208 rebelles
814 4154 913 4208 erunt
934 4154 967 4208 et
987 4143 1133 4208 immori·
1267 4142 1298 4206 9.
1321 4141 1472 4227 (Myrrha
1489 4147 1517 4208 el
1534 4141 1623 4229 alud.)
1662 4143 1734 4226 Ego
1756 4142 1795 4206 de
1815 4140 1948 4208 vocibus
1969 4146 2067 4209 anxie
2085 4164 2150 4208 non

161 4233 251 4314 geri,
280 4251 318 4297 ac
339 4231 442 4296 futuri
463 4238 549 4309 sunt,
579 4249 710 4295 neeesse
737 4237 788 4293 est
808 4249 921 4294 omnes
949 4229 1132 4295 incredulos
1183 4225 1322 4308 disputo,
1352 4228 1431 4311 quia
1452 4250 1493 4293 ne
1515 4229 1603 4293 inter
1624 4226 1792 4292 Hibraeos
1817 4229 1946 4310 quidem
1971 4230 2051 4293 satis
2073 4251 2150 4294 eon·

162 4317 267 4382 exitio
289 4338 349 4381 suo
372 4317 503 4392 sentire,
530 4315 699 4381 Christum
722 4334 788 4378 non
812 4316 942 4379 venisse
962 4315 1131 4379 inermem.
1182 4311 1274 4377 venit
1296 4314 1373 4395 quid
1396 4313 1560 4399 significet
1582 4315 1715 4379 tertium
1739 4335 1872 4389 nomen,
1903 4318 1966 4380 nisi
1995 4314 2079 4396 quod
2109 4337 2151 4378 ex

165 4402 255 4486 Ergo
285 4400 362 4467 dum
393 4425 451 4468 nos
481 4403 627 4466 suaviter
659 4398 699 4463 ad
728 4419 764 4464 se
792 4399 925 4474 invitat,
957 4400 1131 4465 subeamus
1182 4397 1395 4464 similitudine
1423 4400 1584 4465 coniicere
1614 4399 1690 4465 licet
1719 4420 1788 4464 esse
1814 4400 1942 4465 casiam.
1989 4398 2078 4465 Satis
2101 4410 2150 4463 est

163 4498 315 4572 prompto
344 4489 497 4570 obsequio
525 4487 595 4553 eius
620 4486 742 4567 iugum,
773 4505 815 4549 ne
836 4484 944 4569 gladio
966 4495 999 4551 et
1021 4486 1132 4549 morti·
1182 4482 1269 4565 quod
1289 4484 1448 4567 propheta
1469 4484 1547 4551 dicit
1568 4496 1674 4550 vestes
1698 4487 1792 4569 regis,
1813 4486 1999 4549 aromaticis
2022 4498 2054 4548 et
2076 4506 2149 4568 pre·

163 4575 242 4639 feris
264 4575 393 4657 sagittis
415 4574 578 4640 accinctus
599 4571 634 4634 in
655 4590 715 4634 nos
736 4580 820 4634 ruat.
859 4571 979 4636 Merito
1001 4570 1130 4654 quidem
1182 4569 1272 4634 tiosis
1293 4569 1447 4635 odoribus
1468 4591 1540 4636 esse
1563 4572 1719 4653 perfusas.
1763 4570 1971 4636 Salomonem
1997 4591 2072 4634 varo
2095 4569 2149 4633 de·

164 4658 293 4742 dicitur,
323 4661 358 4724 in
381 4659 475 4725 labiis
503 4658 572 4724 eius
601 4656 751 4721 diffusam
781 4676 851 4721 esse
875 4659 1026 4738 gratiam,
1056 4660 1132 4739 quia
1181 4654 1294 4719 scribit
1316 4655 1529 4738 prodeuntem
1553 4678 1594 4720 ex
1611 4655 1754 4720 eburneo
1777 4656 1907 4737 palatio,
1930 4654 2016 4719 unde
2037 4676 2150 4719 omnes

163 4745 385 4829 evangelium,
404 4745 491 4809 vitae
509 4742 640 4808 odorem
659 4754 779 4805 natura
795 4761 855 4806 sua
873 4744 991 4822 spirat:
1014 4761 1131 4807 verum
1182 4741 1212 4806 ei
1230 4741 1439 4823 gratulantur
1460 4753 1493 4806 et
1510 4741 1722 4824 applaudunt.
1760 4740 1958 4805 Particulam
1981 4742 2068 4804 enim
2087 4752 2149 4822 tm

163 4832 192 4895 si
215 4832 388 4914 praefracti
415 4832 526 4910 simus,
555 4829 634 4894 haee
657 4829 764 4910 gratia
784 4827 820 4890 in
842 4837 1000 4892 terrorem
1023 4835 1131 4892 verte·
1182 4846 1248 4889 nou
1278 4827 1491 4909 interpretor,
1525 4849 1565 4892 ex
1595 4847 1656 4903 me,
1690 4826 1915 4909 quianullum
1949 4826 2149 4891 tolerabilem

163 4929 234 4980 tur:
264 4927 298 4981 et
317 4916 469 4981 Christus
499 4914 676 4980 exsolutis
706 4911 866 4990 doctrina,
896 4912 1037 4994 gladium
1069 4910 1131 4976 sibi
1181 4931 1312 4976 sensum
1342 4912 1420 4976 inde
1450 4913 1563 4977 elicere
1591 4911 1718 4988 liceret,
1747 4910 1805 4975 sed
1826 4912 1932 4976 rolero
1955 4910 1996 4976 ad
2017 4911 2148 4994 palatia.

162 5013 197 5066 et
220 5003 356 5086 sagittas
386 5000 546 5066 conflabit.
590 4999 679 5063 Hinc
700 4997 797 5061 etiam
821 4996 914 5062 nobis
942 4996 1131 5081 suggeritur
1181 4993 1377 5079 Quanquam
1396 5006 1504 5062 autem
1523 5018 1588 5062 uon
1607 4997 1641 5061 in
1659 4995 1752 5079 plebe
1769 4995 1875 5073 modo,
1894 4996 1950 5061 sed
1970 4998 2002 5061 in
2018 4997 2150 5082 regibus

163 5109 230 5153 nou
252 5107 355 5170 parva
377 5086 562 5165 consolatio,
584 5106 625 5150 ne
647 5083 823 5148 multitudo
845 5093 878 5145 at
899 5082 1051 5165 superbia
1071 5081 1129 5146 ho·

160 5174 262 5238 fllium
292 5173 417 5238 Ohfflll
448 5192 507 5238 ¹¹⁰⁸
536 5171 711 5235 mmet·
761 5168 919 5233 Vid⁰m¹¹⁸
948 5188 1045 5250 (luam
1075 5188 1129 5232 ⁸¹¹*
1267 5200 1296 5268 ‘l
1313 5207 1391 5255 entre
1409 5207 1451 5254 tes
1468 5201 1638 5267 honorabas,
1656 5215 1690 5256 ca
1707 5214 1812 5269 margo:
1831 5216 1866 5254 ou
1883 5200 1975 5253 damea
1992 5201 2149 5256 d'houneur.

161 5258 262 5341 perbe
301 5260 446 5342 papiatae
486 5257 653 5324 Christum
693 5254 886 5337 repudient,
932 5274 1028 5334 (11111111
1067 5251 1128 5318 Sibi
1251 5268 1296 5338 ”)
1314 5277 1343 5324 et
1359 5269 1516 5332 luderem,
1539 5285 1574 5324 ers
1597 5285 1701 5339 marga:
1725 5284 1761 5324 cn
1784 5269 1830 5340 luy
1848 5276 1974 5407 porpppas
1996 5285 2149 5327 reverante.
