4658 5856
162 347 223 413 161
958 345 1175 415 PSALMUS
1198 345 1364 414 LXXXI.
2099 354 2162 420 162

162 537 350 603 testimonio
373 537 425 600 vel
448 536 598 619 pactione
622 536 734 619 accipi.
769 536 1139 604 Caeteruminnomine
1163 555 1167 667 Ι
1191 535 1300 600 Deum
1334 537 1434 603 fuisse
1467 559 1652 605 conversas.
1709 539 1793 605 Nam
1827 551 1860 604 et
1892 543 1945 625 qui
1980 541 2063 606 nihil
2097 544 2162 607 talo
2245 586 2248 592 -

164 623 280 705 Ioseph
303 624 449 705 respexit
470 622 630 705 propheta
648 622 688 686 ad
700 625 839 706 primam
852 626 1024 706 originem,
1037 644 1138 706 quum
1164 670 1167 732 1
1191 623 1385 688 meditatum
1417 624 1547 706 habent,
1580 628 1608 690 si
1638 636 1745 691 tamen
1777 638 1892 712 urgeat
1924 629 2027 692 maior
2053 629 2163 710 aliqua

162 721 237 794 poet
254 719 393 774 mortem
405 708 504 772 Iacob
523 709 697 775 distinctae
719 711 854 775 luerunt
871 710 1024 774 familiae.
1053 709 1139 773 Nam
1192 711 1379 786 necessitas,
1412 729 1532 774 arcano
1565 721 1704 776 naturae
1737 714 1897 778 instinctu
1920 714 1960 777 ad
1984 713 2091 777 Deum
2116 717 2161 778 l-

162 798 240 878 quia
257 795 401 859 nondum
421 796 462 858 11
475 794 633 859 Iehudam
652 807 850 877 pervenerat
867 807 948 861 tuuc
965 798 1140 879 primatus,
1191 806 1321 860 runtur.
1352 795 1427 874 Quo
1447 798 1552 879 magis
1569 798 1723 863 credibile
1746 810 1804 877 est,
1828 799 2072 882 promissionem
2096 800 2162 866 illis

162 881 281 946 Ruben
305 901 384 944 vero
402 879 506 963 gradu
525 882 734 964 primogeniti
752 883 927 966 exciderat,
947 884 1064 947 merito
1082 903 1140 944 ex·
1191 881 1290 945 luisse
1324 882 1524 963 magistram,
1554 896 1590 946 nt
1620 883 1659 947 ad
1680 884 1787 948 Deum
1822 887 2028 967 respicerent.
2073 884 2163 966 Quia

163 967 276 1032 celluit
309 968 485 1049 posteritas
518 967 637 1049 loseph
673 969 713 1031 ob
746 970 936 1033 memoriam
971 968 1139 1034 beneficii:
1192 987 1269 1030 vero
1302 987 1398 1031 nemo
1421 968 1528 1031 Deum
1564 990 1640 1033 vere
1672 969 1826 1052 implorat
1853 973 1915 1034 uisi
1939 972 2098 1035 auxilium
2121 971 2163 1036 ab

162 1055 239 1137 qnia
262 1054 401 1117 fratrum
424 1073 556 1116 suorum
580 1054 745 1136 totiusque
779 1056 887 1138 gentis
909 1065 1004 1138 pater
1026 1067 1059 1117 et
1081 1075 1141 1118 nu·
1191 1073 1228 1116 eo
1251 1073 1396 1134 sperans,
1419 1054 1536 1118 melius
1559 1054 1750 1119 convincere
1779 1055 1891 1121 debuit
1912 1055 2079 1122 1111111111
2100 1057 2163 1122 111-

165 1140 278 1204 tritius
300 1139 415 1201 luerat.
460 1138 635 1202 Caeterum
665 1138 804 1204 laederis
834 1142 1041 1206 sanctitatem
1066 1160 1139 1221 spe·
1191 1157 1264 1201 mor
1285 1136 1350 1211 ille,
1385 1151 1421 1202 ut
1456 1139 1709 1221 redemptionem
1743 1140 1885 1205 oblatam
1919 1143 1980 1205 soli
2003 1141 2074 1206 Deo
2108 1142 2161 1207 ad·

166 1224 242 1290 ciali
266 1236 342 1288 nota
365 1225 571 1288 commendat
591 1226 761 1306 propheta,
784 1227 965 1308 quiaDeus
983 1225 1139 1308 populum
1191 1223 1383 1289 scriberent.
1428 1224 1592 1289 Arcanum
1613 1228 1743 1291 11111111
1766 1225 1895 1308 quidam
1920 1238 2091 1310 exponunt
2112 1232 2161 1292 ui-

165 1312 228 1375 sibi
263 1310 468 1391 acquisierat,
501 1311 578 1374 dum
611 1310 700 1375 hunc
733 1314 889 1375 bonorem
926 1313 988 1377 sibi
1021 1311 1139 1375 delerri
1191 1310 1254 1372 mis
1277 1319 1402 1391 argute,
1433 1310 1654 1390 meoiudicio,
1684 1312 1809 1376 tonitru
1836 1312 1918 1394 quod
1949 1313 2164 1379 occultaverit

164 1396 346 1480 stipulatus
364 1405 436 1471 est:
463 1417 500 1460 ac
523 1397 551 1459 ei
574 1395 705 1475 diceret,
728 1397 933 1480 redemptum
956 1398 1055 1461 fuisse
1079 1396 1140 1459 hac
1214 1395 1333 1458 emitus
1366 1396 1488 1479 populi,
1522 1418 1564 1460 ne
1589 1396 1769 1481 Aegyptios
1791 1399 1896 1481 magis
1918 1398 2161 1465 exacerbarent.

163 1483 238 1566 lege
260 1481 429 1563 populum,
452 1491 489 1545 ut
511 1483 607 1545 statie
629 1481 741 1548 diebus
763 1483 804 1547 ad
823 1482 1045 1549 renovandam
1065 1503 1139 1564 gra·
1192 1415 1395 1563 {impliciter
1426 1481 1589 1564 intelligo,
1624 1502 1742 1548 arcano
1775 1493 1807 1546 et
1841 1483 2024 1547 admirabili
2065 1486 2162 1550 modo

164 1569 233 1632 tiae
254 1568 445 1630 memoriam
467 1568 655 1632 conflueret.
700 1567 847 1633 Verbum
876 1589 972 1651 quam
997 1587 1141 1650 opressus
1191 1566 1381 1629 exauditum
1407 1567 1506 1632 luisse
1538 1568 1705 1650 populum,
1733 1578 1765 1631 et
1795 1581 1905 1633 tamen
1936 1568 2024 1634 edita
2051 1571 2160 1654 palum

162 1660 218 1731 111,
240 1664 309 1717 tam
332 1652 415 1729 Deo,
443 1673 541 1734 quam
570 1653 689 1736 populo
718 1655 881 1720 convenit.
927 1656 1020 1719 Trita
1052 1654 1139 1717 euim
1191 1651 1293 1714 fuisse
1315 1653 1419 1734 signa,
1442 1675 1483 1716 ex
1506 1654 1623 1735 quibus
1656 1653 1848 1736 colligerent
1869 1656 2049 1737 1111111111,
2078 1655 2161 1720 divi·

163 1753 214 1805 est
235 1738 392 1820 loquutio,
416 1736 524 1802 Deum
548 1758 658 1802 coram
681 1741 800 1821 populo
821 1761 881 1804 suo
904 1740 1024 1823 egredi,
1054 1741 1140 1804 sicut
1192 1738 1281 1800 nitus
1303 1759 1338 1800 se
1360 1738 1476 1802 iuvari.
1522 1737 1684 1818 Quamvis
1706 1761 1783 1824 ergo
1806 1761 1872 1803 non
1894 1743 2081 1823 apparuerit
2096 1742 2160 1806 Dei

163 1835 277 1910 pastor
298 1844 442 1906 gregem,
465 1824 518 1886 vel
541 1823 607 1888 dux
631 1828 810 1889 exercitum
833 1825 1007 1909 praecedit.
1038 1825 1138 1889 Prae·
1191 1822 1300 1901 facies,
1324 1824 1445 1887 tonitru
1469 1834 1577 1889 tamen
1601 1824 1744 1889 notabile
1767 1825 2161 1911 luitlatentiseinsprae·

165 1912 285 1996 positio
318 1909 421 1990 Super
454 1909 646 1991 quibusdam
681 1910 813 1975 videtur
845 1924 959 1976 notare
989 1911 1138 1974 altiorem
1191 1908 1315 1972 sentiae
1344 1908 1510 1974 indicium.
1565 1910 1635 1974 Iam
1670 1931 1734 1993 quo
1767 1911 1870 1993 pluris
1904 1915 2041 1996 gratiam
2077 1915 2162 1977 hanc

168 1997 312 2062 Iudaeae
342 1997 461 2058 situm:
493 1996 568 2076 quia
601 1994 804 2071 adscendunt
825 2000 879 2080 qui
903 1998 980 2061 illue
1002 1997 1140 2060 veniunt
1191 1995 1367 2057 aestiment
1399 1993 1575 2071 1111111111,
1609 1995 1738 2079 oblique
1770 1998 1836 2062 illis
1863 1999 1952 2063 Deus
1986 2000 2162 2082 exprobrat

166 2105 211 2148 ex
244 2081 410 2165 Aegypta.
466 2081 538 2163 Ego
569 2093 679 2145 autem
714 2082 907 2167 simpliciter
943 2085 1141 2163 interpretor
1191 2079 1335 2161 indignis
1358 2080 1458 2144 fuisse
1480 2083 1686 2163 praestitam:
1710 2084 1785 2165 quia
1803 2084 1938 2166 maligni
1961 2104 1998 2148 ac
2016 2086 2161 2166 perversi

165 2169 334 2253 populum,
362 2178 540 2250 praeeunte
563 2166 646 2242 Deo,
675 2167 776 2231 libere
805 2180 1018 2253 pervagatum
1042 2169 1141 2231 1111111
1191 2165 1314 2247 ingenii
1337 2168 1597 2247 experimentum
1621 2167 1771 2232 dederint
1792 2168 1877 2252 apud
1901 2190 2002 2252 aquae
2023 2169 2160 2237 Meriba.

163 2275 226 2339 per
250 2267 371 2317 terram
395 2253 552 2336 Aegypti,
579 2254 654 2335 quia
676 2255 788 2320 fractis
817 2276 855 2320 11
888 2254 1067 2337 paveliactis
1089 2255 1139 2316 iu·
1191 2249 1289 2314 Num.
1324 2254 1428 2333 capite
1463 2252 1513 2333 14,
1547 2273 1632 2319 vers.
1660 2255 1711 2319 34.
1757 2257 1805 2320 Aa
1835 2257 1862 2319 si
1896 2254 2025 2332 diceret,
2060 2278 2160 2339 quum

166 2341 247 2406 colis
270 2337 366 2402 datus
388 2349 439 2402 est
462 2340 629 2404 transitus.
674 2339 823 2404 Gratiam
844 2340 1048 2404 liberationis
1071 2360 1140 2402 am·
1191 2336 1297 2418 palam
1322 2349 1401 2402 tunc
1422 2339 1602 2403 innotuerit
1623 2353 1732 2404 vestra
1764 2342 1924 2421 impietas,
1952 2352 2040 2406 certe
2071 2343 2162 2407 nulla

166 2425 301 2510 plificat,
336 2422 448 2488 dicens
482 2425 514 2487 in
548 2445 688 2507 persona
716 2428 817 2490 totius
839 2428 962 2508 populi,
983 2447 1019 2490 se
1040 2427 1141 2489 fuisse
1191 2442 1285 2486 ame
1306 2421 1419 2487 habita
1441 2425 1503 2489 luit
1526 2423 1696 2508 dignitatis
1719 2439 1847 2491 vestrae
1869 2427 1962 2491 ratio.
1990 2427 2081 2492 ¹Non
2100 2430 2161 2492 mi·

164 2535 205 2576 11
231 2509 390 2593 prol'unda
414 2509 561 2575 barbarie
585 2522 744 2593 ereptum,
762 2511 845 2575 nihil
864 2513 952 2576 enim
971 2511 1140 2575 molestius
1192 2529 1253 2571 nus
1286 2518 1396 2572 autem
1419 2510 1453 2573 in
1476 2532 1537 2575 nos
1560 2513 1716 2595 competit
1746 2512 1826 2577 haec
1859 2512 2041 2596 obiurgatio
2064 2534 2160 2596 quam

165 2608 226 2676 est,
249 2615 345 2678 quam
364 2596 563 2678 1119111111
591 2596 677 2679 apud
707 2608 839 2680 gentem
866 2620 940 2664 cum
961 2619 1027 2680 qua
1049 2596 1140 2661 nulla
1192 2594 1226 2656 in
1238 2593 1423 2660 Israelitas:
1446 2597 1522 2677 qnia
1545 2617 1611 2661 non
1633 2598 1738 2661 solum
1762 2618 1862 2679 quum
1885 2598 1999 2663 afflicti
2014 2619 2162 2664 essemus
2221 2615 2226 2625 ·

163 2685 207 2748 sit
218 2683 353 2763 linguae
364 2683 626 2761 communicatio,
644 2703 729 2765 quae
747 2685 958 2767 praecipuum
976 2695 1027 2748 est
1038 2683 1138 2748 socie·
1191 2679 1253 2744 snb
1271 2677 1414 2744 Satanae
1436 2683 1620 2766 tyrannide,
1644 2680 1736 2747 Deus
1759 2695 1885 2747 nostros
1907 2685 2050 2766 gemitus
2072 2683 2161 2748 audi·

168 2771 247 2833 tatis
269 2765 449 2832 vinculum.
493 2765 581 2847 Quia
611 2770 698 2833 enim
729 2768 842 2853 lingua
870 2781 920 2836 est
952 2769 1045 2835 velut
1066 2768 1141 2832 cha·
1191 2766 1249 2842 vit,
1272 2764 1329 2828 sed
1352 2778 1525 2849 antequam
1549 2769 1616 2832 uati
1645 2789 1802 2844 essemus,
1834 2767 2068 2850 redemptionis
2090 2790 2162 2851 pre·

164 2864 275 2920 raoter
302 2851 421 2915 mentis
443 2871 480 2916 ac
502 2853 681 2935 speculum,
709 2876 775 2919 uon
797 2876 890 2921 secus
912 2877 949 2921 ac
971 2855 1138 2921 silvestres
1191 2851 1272 2913 tium
1297 2851 1391 2915 nobis
1413 2855 1527 2918 statuit
1549 2855 1583 2917 in
1599 2854 1686 2918 Filio
1704 2856 1884 2937 unigenito.
1918 2853 2045 2919 Deinde
2063 2876 2161 2937 quum

165 2943 263 3016 ferae,
285 2939 426 3003 invicem
450 2937 549 3002 alieni
572 2952 647 3004 sunt
680 2941 737 3023 qui
767 2955 880 3007 carent
907 2942 1038 3025 linguae
1067 2960 1139 3005 usu.
1191 2934 1316 3000 inimici
1338 2957 1492 3014 essemus,
1514 2959 1573 3019 per
1594 2939 1800 3022 evangelium
1831 2939 1924 3003 nobis
1954 2951 1987 3003 et
2010 2942 2160 3021 spiritum

165 3027 289 3092 Iesaias
318 3023 370 3100 33,
406 3022 447 3088 19
480 3045 580 3104 quum
615 3027 686 3090 vult
708 3026 919 3091 durissimum
944 3027 1138 3109 supplicium
1191 3021 1336 3099 illucens,
1359 3022 1398 3086 ad
1423 3024 1547 3106 gratiae
1570 3044 1647 3088 suae
1670 3025 1951 3107 participationem
1978 3046 2039 3089 uos
2068 3046 2161 3090 vocs·

165 3112 295 3186 minari,
319 3111 513 3192 pronuntiat
535 3121 693 3175 venturos
717 3112 827 3176 hostes
850 3113 1023 3194 profundis
1034 3111 1139 3186 labiis,
1191 3107 1256 3169 rit:
1284 3115 1319 3169 ot
1340 3117 1448 3172 tamen
1470 3129 1534 3172 nou
1557 3109 1737 3174 desinimus
1757 3110 1788 3174 ei
1809 3108 1946 3174 subinde
1967 3110 2162 3193 obstrepere,

165 3212 200 3264 et
221 3199 356 3262 conluso
379 3204 525 3279 gutture.
569 3195 684 3278 Itaque
702 3218 740 3261 eo
760 3199 979 3280 praestantius
1001 3195 1064 3261 Dei
1088 3196 1141 3259 be-
1191 3192 1258 3256 imo
1280 3192 1433 3256 ferociter
1453 3204 1569 3258 contra
1590 3217 1666 3261 enm
1689 3196 1891 3260 tumultuari.

165 3285 317 3350 aeficium
340 3281 482 3365 populns
504 3285 663 3365 agnoscit,
686 3285 769 3365 quod
794 3283 835 3346 ab
856 3282 1029 3365 Aegyptiis
1047 3302 1139 3364 erep-

165 3380 221 3435 tus
242 3371 351 3443 luerit,
376 3387 515 3451 quorum
538 3368 686 3452 linguam
710 3389 776 3432 non
799 3369 1011 3451 intelligebat.
1278 3365 1308 3429 9.
1330 3364 1421 3431 Audi
1437 3368 1553 3449 papale
1573 3367 1628 3446 mi,
1661 3371 1690 3430 et
1720 3366 1908 3431 1111111111
1929 3373 1972 3433 ts:
2007 3368 2163 3435 11111111

253 3453 631 3541 1.(11111111111111.)
674 3454 740 3519 Η11
761 3455 827 3519 iam
850 3453 941 3519 Deus
968 3453 1086 3536 quibus
1108 3461 1142 3515 et
1191 3450 1409 3515 1111111111.
1455 3451 1844 3517 laborassemus
1871 3457 2047 3535 1111111111,
2075 3460 2163 3520 ctae

167 3544 300 3626 quantis
331 3540 498 3608 beneficiis
532 3541 592 3606 eibi
627 3540 812 3605 devinxerit
840 3541 996 3624 populum
1036 3538 1141 3603 Israel
1190 3536 1303 3600 odores
1331 3537 1421 3602 deam
1450 3538 1598 3602 11111111.
1645 3538 1695 3602 11.
1725 3536 1794 3621 Epa
1823 3537 1939 3604 Ithaca
1960 3540 2050 3605 Deus
2078 3546 2162 3618 ruas,

165 3637 412 3694 commemorat.
468 3627 550 3690 Nam
585 3646 649 3709 quo
680 3627 825 3709 asperior
860 3627 966 3691 iuerat
998 3625 1142 3690 servitus
1191 3622 1550 3703 persuasisses
1570 3623 1724 3707 Aegypti:
1749 3624 1850 3689 dilala
1880 3627 2162 3706 1111111111-

166 3714 255 3779 unde
277 3715 380 3796 erepti
403 3713 543 3788 1111111,
567 3733 604 3777 eo
627 3713 800 3794 optabilior
821 3720 855 3776 et
876 3713 981 3796 magis
1000 3713 1141 3794 pretiosa
1186 3706 1389 3788 11111111.
1436 3709 1485 3774 12.
1508 3708 1552 3774 Fr
1572 3729 1635 3774 aon
1655 3710 1779 3774 audivit
1794 3711 1935 3791 popalus
1954 3731 2163 3777 1111111111

168 3800 232 3865 1111
255 3799 398 3864 libertas.
444 3797 557 3879 Quum
581 3819 658 3881 ergo
679 3799 841 3881 propheta
867 3799 965 3862 relert
986 3806 1140 3863 curvatos
1190 3812 1292 3857 msam
1313 3799 1342 3858 11
1362 3793 1467 3859 Israel
1487 3797 1590 3859 111111
1611 3816 1668 3860 mc.
1715 3795 1764 3860 13.
1788 3793 1832 3859 Et
1853 3796 1962 3861 dimisi
1984 3817 2034 3862 aas
2055 3798 2090 3861 ia
2111 3817 2160 3862 co·

169 3887 269 3950 luisse
291 3886 352 3950 sub
373 3905 482 3960 onere,
506 3896 538 3947 11
560 3884 716 3967 figulinae
738 3883 893 3963 addictos,
916 3884 1051 3965 aliisque
1072 3903 1140 3947 ser·
1188 3877 1380 3966 patimur)
1401 3882 1507 3945 cordis
1525 3900 1640 3961 aarum,
1658 3881 1862 3946 ambulabant
1878 3882 1913 3944 11
1928 3883 2068 3947 masiliis
2081 3885 2161 3949 sais.

170 3970 288 4036 vilibus
321 3983 354 4035 et
386 3970 478 4034 duris
512 3972 630 4052 operis,
662 3971 840 4036 contrarios
869 3979 976 4034 statue
998 3971 1085 4033 inter
1106 3989 1141 4032 11

166 4077 374 4139 comparans,
408 4055 514 4138 magis
546 4054 690 4120 1111111111
722 4055 953 4139 redemptionis
990 4055 1140 4138 gratiam.
1277 4047 1658 4137 9.(11111111111111.)
1702 4050 1777 4132 Quo
1800 4052 1919 4117 molins
1941 4054 2067 4119 animos
2088 4075 2162 4137 per-

167 4143 266 4209 Nunc
288 4140 329 4206 ab
350 4141 415 4206 illis
436 4141 477 4205 11
500 4160 559 4205 111
582 4161 728 4225 anagoge
747 4142 887 4206 tenenda
905 4150 971 4206 est:
993 4142 1070 4222 quia
1085 4137 1140 4202 ubi
1191 4147 1322 4199 moveat
1344 4135 1518 4219 Propheta,
1554 4139 1661 4202 Deum
1694 4135 1802 4203 induit
1833 4158 1975 4222 persona
2008 4136 2160 4217 11111111,

167 4249 233 4294 111
267 4238 395 4292 tantum
429 4226 469 4290 ab
501 4246 600 4291 onere
622 4227 765 4292 lateritio
785 4226 944 4292 subduxit
965 4227 1057 4291 Deus
1080 4225 1140 4289 hu·
1191 4240 1331 4302 eumque
1360 4223 1562 4287 familiariter
1593 4223 1629 4288 in
1659 4223 1766 4288 medio
1788 4234 1881 4289 coetu
1905 4224 2088 4307 loquentem
2112 4227 2160 4288 in·

167 4334 276 4379 meroe
299 4323 438 4390 nostros,
461 4330 520 4375 nee
541 4322 671 4378 tantum
694 4334 813 4377 manus
835 4325 965 4377 nostras
986 4333 1006 4376 1
1034 4313 1141 4375 forna·
1192 4305 1296 4371 ducit:
1320 4318 1356 4370 ut
1378 4308 1542 4392 intelligat
1563 4308 1702 4391 populus
1724 4310 1859 4373 inutiles
1882 4329 1919 4376 ao
1937 4310 2076 4375 lusorias
2089 4330 2161 4373 esse

166 4399 259 4465 cibus
282 4398 430 4471 removit,
453 4396 510 4462 sed
532 4418 572 4461 ex
594 4400 779 4464 miserrima
801 4396 943 4465 Satanae
965 4397 1140 4482 tyrannide
1191 4408 1376 4457 conventus
1398 4415 1519 4472 omnes,
1542 4394 1598 4457 ubi
1621 4415 1685 4458 vox
1703 4395 1766 4459 Dei
1788 4395 1828 4459 11
1846 4395 1944 4460 fidem
1963 4406 1998 4460 et
2008 4397 2159 4478 pietatem

167 4485 352 4567 redemptos
386 4483 426 4547 ab
459 4483 574 4548 1111111
607 4483 738 4550 eduxit:
779 4483 883 4548 multo
915 4484 1059 4548 sanctior
1092 4493 1141 4547 eet
1191 4478 1330 4542 incitans
1353 4499 1418 4543 uon
1433 4489 1573 4544 resonat.
1607 4479 1673 4545 Sed
1686 4492 1832 4562 praestat
1849 4483 1950 4546 verba
1967 4480 2159 4562 expendere.

168 4583 280 4636 nostra
302 4569 457 4654 obligatio
479 4588 575 4651 quam
601 4571 720 4634 vetoris
742 4570 864 4652 populi.
899 4567 1045 4634 Eandem
1069 4590 1141 4632 sen·
1191 4563 1356 4628 Praefatio
1390 4565 1468 4631 baec
1502 4566 1646 4629 breviter
1678 4565 1779 4643 docet,
1813 4588 1878 4630 non
1913 4568 1975 4629 rite
1997 4586 2058 4631 neo
2079 4586 2160 4648 pure

168 4657 306 4721 tentiam
331 4656 544 4738 prosequitur
565 4657 715 4737 sequenti
740 4677 845 4720 versu.
890 4654 980 4718 Dicit
998 4654 1090 4718 Deus
1105 4675 1139 4718 ss
1190 4649 1252 4713 coli
1275 4652 1373 4713 l’estos
1396 4652 1474 4727 dies,
1497 4651 1560 4715 nisi
1584 4654 1700 4716 attenti
1721 4654 1789 4716 sint
1819 4652 1930 4715 fideles
1952 4652 1992 4715 ad
2016 4651 2079 4715 Dei
2103 4672 2160 4715 vo-

169 4744 285 4808 tulisse
307 4741 1010 4823 1111111111111111111191111111111111111.
1041 4738 1138 4820 Quod
1190 4754 1276 4798 cem:
1300 4736 1376 4817 quia
1398 4747 1435 4800 ut
1456 4757 1581 4812 manus,
1606 4737 1713 4821 pedes,
1736 4738 1854 4814 oculas,
1883 4757 1983 4820 seque
2005 4747 2089 4801 totos
2111 4738 2159 4800 illi

167 4851 228 4913 ego
251 4828 391 4893 libenter
413 4827 454 4890 de
475 4826 625 4906 precibus
648 4826 807 4910 intelligo.
852 4825 937 4890 Nam
957 4828 1018 4890 etsi
1036 4826 1138 4889 inter·
1189 4829 1382 4885 consecrent
1414 4823 1449 4886 iu
1482 4821 1682 4906 obsequium,
1716 4842 1846 4887 necesse
1880 4832 1930 4887 est
1957 4823 1998 4888 ab
2027 4821 2161 4888 auribus

168 4916 246 4980 dum
270 4913 438 4995 contingit,
462 4932 517 4976 111
537 4913 592 4996 qui
616 4911 657 4975 11
678 4912 826 4977 ultimam
849 4911 1073 4975 necessitatem
1087 4932 1138 4974 re·
1189 4906 1344 4990 incipere,
1366 4914 1463 4990 atque
1485 4909 1533 4973 ita
1555 4908 1699 4972 ostendit
1721 4908 1829 4974 nullos
1852 4930 1887 4974 se
1904 4928 2081 4992 agnoscere
2093 4908 2161 4974 cul·

168 5000 253 5066 dacti
277 5012 365 5077 sunt,
386 5000 520 5062 contuso
548 4999 691 5065 clamare
719 4997 839 5062 deflere
869 5018 945 5062 suos
974 4997 1138 5061 miserias:
1189 5001 1286 5065 tores.
1310 4994 1372 5056 nisi
1395 4995 1451 5075 qui
1475 4993 1623 5076 discipuli
1646 4994 1723 5059 sint.
1771 4992 1969 5060 01111111ηά1
1991 4995 2091 5058 verbo
2115 4996 2159 5058 si·
2213 5074 2221 5087 ,

168 5089 245 5169 quia
266 5099 376 5151 tamen
399 5085 434 5148 iu
456 5083 578 5148 11111111
601 5085 720 5167 populo
738 5083 865 5167 aliquae
883 5083 1137 5165 manebantpie-
1188 5077 1324 5159 gnificat
1345 5099 1381 5143 se
1403 5080 1523 5163 pacisci
1547 5080 1672 5144 solenni
1695 5100 1796 5160 more,
1823 5101 1886 5162 quo
1909 5082 2011 5144 maior
2033 5086 2161 5146 constet

168 5175 245 5238 tatis
274 5171 443 5245 scintillae,
479 5190 582 5252 neque
614 5171 789 5235 effluxerat
820 5190 861 5234 11
893 5168 1044 5233 cordibus
1064 5189 1137 5250 pro-

167 5260 279 5325 missio
302 5257 447 5341 patribus
477 5254 563 5336 data,
592 5277 656 5320 uon
687 5254 800 5319 dubito
828 5275 939 5319 eorum
964 5274 1076 5337 preces
1097 5254 1137 5318 ad
1275 5268 1305 5338 ·)
1321 5285 1355 5322 en
1373 5268 1401 5322 11
1418 5285 1526 5337 penses,
1545 5281 1580 5320 ea
1596 5280 1702 5334 marae:
1720 5268 1931 5337 supervenire,
1949 5283 1984 5321 ou
2002 5267 2089 5322 11111.
