4658 5856
161 335 224 401 667
957 330 1174 399 PSALMUS
1198 331 1346 399 LXXII.
2087 332 2150 398 668

163 521 217 588 811
239 521 279 586 86
304 521 475 587 Christum
497 523 638 598 venitur,
663 520 724 586 hoe
746 520 843 605 longe
867 524 977 586 verius
998 523 1035 585 in
1052 542 1128 586 eum
1180 523 1317 587 florente
1357 542 1459 604 regno
1501 521 1562 586 Dei
1603 519 1859 586 benedictionem
1900 532 2051 589 constare
2084 523 2151 587 auis

138 609 332 691 competit:
365 609 527 689 quianon
550 607 626 672 alibi
650 628 747 689 quam
770 609 803 671 in
826 606 896 672 eius
925 629 1027 691 regno
1058 609 1130 673 fun·
1181 607 1333 672 omnibus
1362 607 1517 671 numeris.
1570 607 1822 671 Dominaturum
1852 629 1929 692 ergo
1959 610 2152 692 pronuntiat

162 695 240 760 6818
262 703 311 758 881
333 713 413 758 vera
438 693 552 776 pietas.
596 694 641 757 Et
671 702 758 758 certe
779 693 843 761 Dei
873 693 997 758 cultum
1028 714 1130 777 usque
1182 694 1304 757 amari
1327 692 1441 769 rubro,
1467 692 1521 756 vel
1545 693 1620 758 sinu
1642 692 1698 757 illo
1720 696 1821 758 maris
1844 696 2028 779 aegyptiaci
2047 714 2153 776 usque

162 779 202 845 ad
225 781 325 844 finem
347 779 460 844 mundi
482 778 661 861 potendens
683 778 802 857 David,
824 778 928 844 obiter
958 779 1129 863 significat,
1182 780 1223 843 ad
1245 800 1336 843 mare
1360 779 1524 862 syriacum
1548 777 1634 861 quod
1653 778 1857 844 Palaestinae
1875 791 2011 846 vocant:
2034 778 2152 844 deinde

161 887 197 932 ae
219 867 329 930 animo
362 863 577 930 conscendere
609 863 650 929 ad
678 874 849 931 aeternum
879 863 961 930 illud
991 886 1129 949 reguum
1182 864 1223 929 ab
1245 865 1418 948 Euphrate
1441 884 1544 947 usque
1566 865 1608 928 ad
1631 864 1795 929 desertum
1819 886 1988 950 magnum.
2030 866 2151 931 Iamsi

161 950 245 1035 quod
268 951 430 1034 pollicitus
452 950 558 1014 fuerat
579 949 680 1015 Deus.
1184 952 1255 1032 quis
1285 951 1441 1034 excipiat,
1480 971 1545 1013 non
1576 970 1757 1034 congruere
1786 960 1851 1014 tam
1883 962 2041 1035 angustos
2070 953 2152 1023 fines

247 1037 278 1102 6.
313 1036 515 1121 (Descendit.)
571 1035 769 1120 Quanquam
812 1038 944 1103 videtur
984 1037 1131 1119 asperior
1183 1037 1310 1110 Christi
1332 1037 1478 1118 imperio,
1502 1034 1586 1118 quod
1606 1037 1777 1119 propagari
1796 1036 1907 1102 debuit
1926 1036 1965 1101 ab
1984 1049 2057 1102 ortu
2076 1037 2153 1103 solis

105 1138 109 1147 “
162 1143 234 1188 8888
256 1122 451 1200 similitudo,
477 1122 635 1187 concinne
672 1133 846 1189 tamcu'et
874 1127 954 1191 scite
976 1123 1131 1205 exprimit
1182 1143 1286 1204 usque
1309 1123 1349 1187 ad
1373 1141 1539 1187 occasum:
1564 1121 1682 1186 solutio
1705 1121 1809 1185 facilis
1832 1133 1891 1201 881,
1915 1123 2083 1189 Davidem
2102 1143 2152 1187 ac-

162 1220 320 1292 quantum
343 1207 492 1273 utilitatis
514 1208 548 1272 in
571 1228 742 1273 commune
765 1212 937 1293 proveniat
965 1231 1005 1274 ex
1029 1211 1129 1291 probo
1182 1208 1351 1274 comodere
1374 1229 1433 1273 suo
1454 1208 1608 1290 tempori:
1632 1209 1708 1289 quia
1730 1207 1875 1272 nondum
1898 1209 2080 1292 amplitudo
2097 1208 2154 1274 illa

162 1305 195 1360 81
216 1294 362 1378 legitimo
384 1294 478 1377 regni
501 1303 600 1359 statu.
633 1293 766 1360 Scimus
785 1297 872 1360 enim
891 1295 1018 1361 tonderi
1036 1304 1130 1378 prata
1182 1294 1269 1360 clare
1292 1294 1455 1377 patefacta
1478 1304 1558 1358 erat.
1602 1293 1751 1359 Exorans
1774 1308 1823 1359 est
1845 1294 1948 1378 igitur
1970 1295 2011 1359 ab
2033 1315 2073 1359 ea
2098 1294 2152 1359 de-

162 1379 254 1444 181118
277 1378 426 1458 88818118,
458 1378 511 1443 811
539 1379 605 1442 iam
636 1379 823 1446 dominatur
855 1383 959 1447 calor:
990 1382 1038 1445 ita
1067 1381 1130 1444 nisi
1183 1380 1361 1462 scriptione
1384 1379 2153 1463 88888811888818188181188818818818-

36 1502 44 1513 ·
163 1466 332 1530 humorem
356 1485 478 1529 novum
502 1474 635 1548 sugeret
657 1477 755 1546 terra,
777 1467 868 1549 18888
891 1488 1018 1551 888888
1047 1465 1132 1530 radi·
1182 1465 1250 1531 bris
1273 1476 1361 1529 erat:
1385 1469 1450 1529 imo
1473 1476 1505 1529 et
1528 1464 1683 1535 Ohri'stus
1706 1466 1776 1547 ipse
1798 1486 1935 1549 reguum
1957 1488 2054 1531 suum
2078 1466 2169 1531 inde.

161 1569 214 1615 888
247 1561 379 1633 propter
412 1560 518 1616 terrae
551 1551 733 1616 nuditatem
773 1562 968 1619 arescerent.
1024 1552 1131 1617 Docet
1184 1552 1371 1634 auspicatus
1394 1561 1444 1616 est
1467 1559 1641 1633 autequam
1664 1559 1849 1632 penetraret
1870 1553 1907 1615 in
1930 1551 2065 1617 ultimas
2088 1565 2152 1616 ter·

161 1657 238 1720 ergo
261 1635 389 1715 David,
419 1657 485 1701 non
512 1636 608 1702 aliter
636 1637 746 1703 Deum
778 1639 947 1704 consulere
978 1638 1131 1704 ecclesiae
1183 1659 1239 1703 rae
1261 1638 1392 1721 plagas:
1415 1637 1510 1703 sicuti
1533 1636 1666 1701 Psalmo
1692 1636 1762 1716 110,
1785 1637 1805 1700 2
1829 1636 1954 1715 dieitur,
1978 1637 2152 1719 Sceptrum

162 1742 240 1787 suae
262 1721 369 1800 saluti,
392 1722 453 1786 sub
475 1723 561 1805 regis
584 1742 682 1788 manu
706 1746 777 1788 eam
796 1723 1008 1809 protegendo,
1031 1744 1130 1808 quam
1183 1724 1316 1787 virtutis
1339 1731 1414 1788 tuae
1445 1724 1573 1787 emittet
1594 1721 1758 1788 Dominus
1787 1721 1919 1788 eSion.
1964 1721 2031 1788 Sed
2055 1724 2152 1806 paulo

160 1808 354 1890 irrigatione
390 1816 513 1873 terram
550 1810 591 1873 ab
621 1818 713 1875 aestu
743 1810 896 1876 defendit.
948 1811 1022 1876 Hoc
1052 1831 1130 1874 vero
1183 1818 1257 1894 post
1280 1810 1436 1891 ampliare
1458 1811 1539 1873 fines
1562 1808 1686 1889 incipit,
1711 1809 1944 1874 transmarinos
1966 1829 2063 1892 reges
2085 1809 2153 1874 fore

159 1894 333 1976 praecipue
355 1894 390 1957 in
413 1893 546 1959 (lhristo
566 1894 715 1960 videmus
738 1897 875 1979 impleri,
898 1897 954 1979 qui
977 1916 1130 1961 arcanam
1184 1894 1628 1971 etiamtributariosdocens,
1648 1894 1743 1959 sicuti
1756 1894 1879 1960 incolas
1898 1893 2017 1959 deserti
2038 1896 2152 1979 iugum

159 1981 299 2063 gratiam
323 1979 475 2044 stillando
497 1980 574 2044 facit
595 1982 763 2047 ecclesiam
786 2004 879 2048 suam
901 1983 1071 2066 pullulare.
1184 1981 1362 2046 subituros.
1408 1980 1577 2060 Quantum
1601 1979 1641 2043 ad
1665 1992 1743 2064 0³³3
1766 2000 1831 2043 nou
1854 1978 1966 2044 dubito
1989 1982 2069 2063 quin
2092 1981 2152 2046 hoc

1185 2067 1317 2132 nomine
1340 2067 1488 2150 designet
1511 2066 1566 2148 qui
1590 2087 1705 2132 versus
1727 2064 1896 2130 meridiem
1919 2066 2052 2150 longius
2082 2066 2152 2131 abe·

248 2151 277 2215 7.
302 2149 443 2216 Flerebit
469 2153 502 2216 iu
532 2150 641 2217 diebus
667 2153 736 2216 eiua
765 2156 886 2219 iustus:
914 2160 942 2220 et
968 2154 1132 2222 multitudo
1185 2163 1261 2217 rant
1284 2174 1304 2217 a
1325 2161 1413 2218 terra
1435 2153 1606 2216 Obanaan.
1650 2152 1695 2214 Et
1715 2151 1751 2215 in
1773 2172 1893 2235 genere
1921 2154 2033 2217 statim
2064 2151 2154 2215 addit

155 2237 259 2320 paria,
282 2237 375 2301 doure
397 2257 458 2301 aera
479 2237 630 2302 siiluua
665 2237 695 2301 8.
719 2238 1031 2308 mastaurorum
1048 2240 1132 2304 mari
1184 2237 1359 2321 propheta,
1388 2239 1488 2302 188188
1509 2238 1593 2320 repis
1613 2242 1730 2302 ferram
1750 2237 1942 2302 occultaturos
1963 2241 1997 2301 in
2020 2239 2151 2321 signum

161 2342 260 2403 usque
282 2324 324 2386 ad
346 2343 449 2401 mare,
479 2329 508 2386 et
529 2345 548 2387 a
567 2325 698 2403 flumine
720 2346 818 2408 usque
839 2331 882 2394 ad
904 2330 1131 2393 1881888188-
1185 2326 1398 2389 reverentiae.
1424 2324 1555 2389 Scimus
1573 2325 1658 2388 enim
1675 2324 1850 2387 orientales
1869 2323 1930 2388 hac
1948 2324 2152 2387 caeremonia

161 2429 225 2472 rae.
278 2408 308 2472 9.
342 2408 456 2473 Coram
483 2409 554 2490 ipso
585 2411 747 2492 procideret
781 2414 901 2479 iuaaiae
935 2415 1069 2492 deserti,
1104 2417 1132 2476 ef
1184 2411 1286 2475 fuisse
1316 2432 1406 2488 usos,
1445 2410 1485 2473 ad
1516 2429 1613 2492 quam
1642 2406 1831 2473 Alexander
1860 2429 1988 2491 quoque
2018 2408 2152 2475 Macedo

159 2494 283 2558 inimici
305 2494 375 2558 eiua
390 2494 551 2577 pulverera
573 2494 699 2578 firrpenf.
746 2498 796 2562 10.
822 2499 921 2583 Repas
947 2500 1083 2564 Tharais
1106 2502 1133 2561 ef
1185 2506 1259 2578 post
1288 2495 1445 2560 domitum
1475 2495 1633 2559 orientem
1665 2514 1741 2559 suos
1771 2514 1886 2578 cogere
1914 2493 2036 2571 881811,
2067 2494 2153 2558 unda

160 2579 341 2644 iraculorum
362 2599 477 2644 murias
499 2581 642 2661 affuerit:
675 2603 765 2664 reges
788 2583 905 2650 Sola-ebo
927 2590 954 2649 et
977 2584 1057 2648 Saba
1079 2585 1132 2648 do·
1185 2591 1275 2646 ortae
1298 2594 1376 2647 sunt
1397 2601 1536 2665 magnae
1558 2581 1642 2656 lites,
1666 2578 1752 2662 quod
1770 2580 1965 2645 Macedones
1983 2589 2151 2645 contuma-

159 2685 235 2729 uum
257 2665 418 2730 adducent.
457 2665 507 2727 11.
531 2664 574 2728 Et
593 2672 785 2747 prosternent
805 2691 838 2734 se
855 2691 958 2735 coram
975 2690 1008 2735 eo
1027 2689 1132 2734 omues
1185 2669 1265 2732 citer
1284 2679 1474 2750 respuerent
1492 2676 1560 2730 tam
1578 2667 1697 2730 servile
1715 2677 1748 2731 et
1766 2665 1933 2730 sordidum
1949 2666 2151 2749 obsequium.

160 2771 257 2833 repes,
278 2770 382 2815 omues
402 2754 506 2833 pentes
527 2752 720 2818 8888188181.
1185 2752 1312 2817 Sensus
1334 2772 1413 2837 ergo
1435 2761 1495 2829 881,
1517 2772 1629 2834 regem
1653 2751 1810 2816 divinitus
1833 2750 1972 2817 electum
1996 2753 2032 2815 in
2055 2751 2152 2817 Iabu-

1185 2838 1251 2901 dah
1273 2838 1371 2920 longe
1393 2839 1525 2920 lateque
1547 2837 1691 2902 hostium
1714 2838 1783 2902 fore
1804 2838 1980 2915 victorem,
2012 2848 2049 2902 ut
2078 2859 2152 2920 sup·

247 2921 276 2983 7.
299 2918 479 3006 (Florebit.)
514 2921 654 2987 Necesse
677 2946 743 2988 non
767 2926 967 3007 est.saepius
985 2938 1132 3009 repetere
1184 2923 1314 3006 pliciter
1336 2946 1411 2989 eum
1432 2934 1641 2988 venerentur.

162 3006 247 3092 8886
268 3006 369 3071 semel
392 3005 478 3083 dixi,
507 3007 650 3091 pendere
671 3008 730 3075 has
752 3032 865 3076 omnes
886 3013 1067 3078 sententias
1089 3033 1130 3077 ex
1272 3011 1321 3075 10.
1345 3009 1460 3095 (Reges
1491 3007 1647 3093 Tharais.)
1691 3008 1906 3090 Prosequitur
1933 3007 2018 3091 quod
2049 3010 2153 3089 coepit
2191 3016 2194 3021 “

160 3094 265 3177 primo
289 3114 395 3156 versu.
440 3093 531 3175 Ergo
561 3102 597 3157 ut
626 3096 742 3159 floreat
766 3097 885 3176 iustus,
916 3111 948 3163 et
976 3119 1131 3183 prospere
1185 3094 1292 3162 dicere
1314 3095 1354 3160 de
1376 3095 1609 3180 propagatione
1631 3094 1735 3178 regni.
1780 3095 1915 3159 'Pharaia
1943 3103 2065 3158 vocant
2087 3093 2152 3159 He·

161 3180 280 3245 habeat
303 3178 458 3261 populus,
481 3189 632 3260 precatus
655 3189 705 3245 est
727 3181 853 3262 David,
876 3205 989 3268 regem
1019 3185 1130 3250 ornari
1183 3182 1273 3247 braei
1296 3191 1397 3246 totam
1420 3182 1549 3264 plagam
1572 3201 1655 3263 quae
1675 3179 1715 3243 ad
1739 3180 1887 3246 Ciliciam
1906 3181 2027 3263 vergit.
2064 3180 2152 3262 Ergo

53 3338 55 3343 ,
163 3265 289 3331 18811118
311 3278 344 3328 81
366 3262 494 3328 iudicio.
540 3263 726 3332 Solomonis
749 3269 880 3348 quidem
904 3272 1045 3336 officium
1069 3272 1131 3335 fuit
1183 3289 1242 3350 per
1260 3269 1385 3334 insulas
1402 3276 1508 3332 totum
1528 3267 1628 3331 maris
1645 3266 1876 3330 mediterranei
1895 3273 2038 3329 tractum
2052 3266 2152 3348 signi·

160 3354 264 3416 iustos
287 3349 388 3412 tueri:
412 3347 469 3413 886
487 3351 655 3432 proprium
674 3351 799 3417 Christi
818 3367 869 3419 881
886 3356 989 3421 188188
1007 3358 1128 3422 facere:
1184 3355 1260 3420 licat
1280 3373 1299 3417 a
1321 3353 1438 3419 Cilicia
1460 3355 1496 3417 in
1519 3352 1694 3418 Graeciam
1715 3372 1826 3434 usque.
1873 3350 1959 3431 Quia
1986 3351 2075 3416 enim
2098 3351 2153 3415 Io·

161 3437 237 3519 qnia
259 3454 325 3499 non
343 3443 472 3497 tantum
490 3436 542 3499 ius
558 3458 653 3500 suum
668 3437 785 3520 cuique
800 3440 915 3518 reddit,
938 3439 995 3505 886
1013 3442 1130 3524 spiritu
1184 3440 1256 3505 daei
1279 3441 1425 3505 contenti
1452 3440 1579 3522 patriae
1611 3458 1688 3503 suae
1718 3435 1913 3516 commodis,
1943 3457 2008 3501 uon
2039 3438 2152 3521 procul

162 3541 222 3587 suo
245 3519 370 3584 animos
393 3520 558 3584 reformat.
595 3523 639 3586 Et
660 3523 720 3589 hoc
743 3525 839 3590 modo
860 3527 1017 3591 iustitiam
1042 3539 1130 3610 post·
1184 3526 1385 3608 navigabant
1418 3535 1455 3589 ut
1487 3525 1569 3589 aliae
1603 3532 1734 3607 gentes:
1767 3525 1833 3588 imo
1862 3521 1954 3586 Deus
1988 3541 2044 3586 eos
2079 3523 2153 3586 data

162 3607 289 3672 liminio
319 3604 461 3685 reducit,
490 3625 573 3687 quae
602 3608 723 3690 alioqui
753 3611 920 3676 exsularet
949 3634 968 3677 a
997 3612 1141 3679 mundo·
1184 3633 1283 3693 opera
1303 3612 1498 3687 incluserat,
1528 3630 1569 3673 ue
1591 3629 1626 3674 se
1649 3619 1895 3691 corrumperent
1916 3608 2064 3672 externis
2086 3630 2154 3672 mo·

160 3695 257 3759 Hanc
280 3691 427 3774 sequitur
448 3692 513 3756 Dei
535 3691 732 3777 benedictio,
754 3717 819 3779 qua
841 3717 917 3763 8888
939 3719 1052 3763 omnes
1075 3720 1131 3763 cx·
1185 3698 1292 3763 ribus:
1327 3697 1404 3763 hinc
1426 3699 1547 3761 factum
1571 3702 1621 3758 est
1642 3706 1679 3758 ut
1700 3696 1864 3778 regiones,
1886 3694 2004 3775 quibus
2026 3695 2154 3776 opposi-

161 3779 292 3860 hilarat,
312 3776 388 3840 dum
412 3778 472 3842 sub
494 3799 572 3862 rege
591 3780 723 3846 Christo
742 3782 824 3848 nibil
847 3784 908 3849 sibi
930 3784 970 3847 ad
994 3785 1130 3849 solidam
1184 3792 1254 3847 tum
1277 3792 1348 3849 erat
1369 3804 1475 3858 mare,
1507 3791 1666 3844 vocarent
1692 3780 1826 3846 insulas.
1870 3779 1993 3843 Pateor
2021 3778 2153 3862 quidem

161 3865 351 3930 felicitatem
371 3863 483 3928 deesse
503 3863 627 3930 vident.
674 3864 713 3933 Si
734 3889 854 3934 nomen
878 3871 971 3952 pacis
1000 3870 1033 3934 in
1056 3891 1130 3953 pro·
1184 3869 1332 3952 Cyprum
1356 3862 1390 3932 81
1411 3868 1563 3941 Oratam,
1586 3865 1731 3948 aliasque
1753 3865 1878 3931 insulas
1900 3865 2153 3947 comprehendi:

162 3952 234 4034 prio
256 3970 354 4015 88888
377 3960 410 4013 81
432 3951 537 4033 magis
564 3953 715 4018 restricto
743 3957 889 4037 accipere
919 3956 1035 4035 libeat,
1065 3977 1131 4021 non
1183 3955 1240 4021 886
1263 3954 1466 4018 hocnomen
1488 3961 1599 4033 patere
1621 3950 1692 4015 dico
1722 3951 1764 4016 ad
1794 3970 1907 4016 omnes
1935 3959 2041 4016 terras
2069 3970 2154 4033 8888

162 4054 319 4119 repugno.
363 4035 409 4099 Et
430 4050 517 4100 certe
540 4036 581 4102 ad
610 4059 771 4103 summam
800 4041 913 4106 beatae
936 4043 1022 4106 vitae
1047 4042 1131 4107 nihil
1182 4041 1270 4106 ultra
1291 4060 1381 4104 mare
1403 4037 1676 4101 mediterraneum
1698 4038 1780 4102 sitae
1802 4043 1907 4102 erant.
1951 4036 2030 4120 Per
2044 4049 2152 4119 nmo

161 4141 241 4206 pace
259 4120 451 4202 optabilius:
469 4122 597 4204 quando
614 4125 702 4190 inter
718 4124 850 4192 bellicos
867 4126 1028 4192 tumultus
1046 4127 1130 4192 nihil
1183 4135 1217 4190 et
1238 4138 1359 4209 wig
1380 4121 1520 4206 quodvis
1548 4122 1706 4187 tributum
1736 4131 1794 4188 aut
1823 4121 1961 4206 vectigal
1991 4122 2153 4208 intellige,

161 4209 230 4273 fere
251 4207 344 4271 18881
365 4226 476 4271 rerum
499 4210 645 4274 omnium
668 4211 882 4291 abundantia,
906 4211 962 4278 sed
985 4234 1129 4278 corrum-
1185 4221 1380 4276 nouantem
1404 4207 1605 4273 voluntarias
1627 4205 1822 4272 oblationes:
1845 4209 1920 4290 quia
1942 4207 2088 4290 loquitur
2111 4209 2152 4273 de

161 4294 253 4378 pitur
281 4298 315 4356 et
341 4291 435 4373 perit.
481 4291 575 4372 Quod
608 4303 716 4361 antem
745 4296 815 4362 6188
852 4298 939 4381 regis
975 4308 1130 4383 prorogat
1183 4295 1332 4361 hostibus
1365 4293 1517 4371 devictis,
1558 4300 1592 4356 81
1620 4292 1659 4357 68
1692 4293 1911 4360 subiectionis
1950 4295 2153 4359 testimonio.

162 4376 325 4463 usquead
344 4378 443 4441 finem
462 4378 586 4452 mundi,
608 4380 685 4447 hinc
703 4383 820 4447 melius
837 4382 948 4465 liquet,
967 4383 1129 4449 Davidem
1182 4381 1380 4464 Quanquam
1403 4375 1533 4443 videtur
1554 4378 1723 4460 scriptura,
1748 4389 1783 4443 ut
1804 4399 1874 4445 rem
1894 4378 2040 4444 odiosam
2064 4381 2155 4444 miti·

162 4486 228 4531 non
250 4463 347 4528 modo
368 4461 644 4546 comprehendere
667 4478 812 4549 posteros
835 4489 912 4533 suos
942 4469 997 4551 qui
1026 4482 1128 4534 torre·
1182 4476 1247 4551 get,
1270 4465 1418 4530 consulto
1438 4462 1486 4526 uti
1504 4463 1570 4528 illis
1587 4464 1732 4541 vocibus,
1755 4484 1792 4530 ac
1811 4467 1838 4530 si
1856 4465 1985 4548 oblique
2002 4464 2155 4530 subditos

162 4571 242 4616 num
266 4549 384 4614 solium
406 4558 622 4630 occuparunt,
652 4552 1129 4620 886888888868888601111-
1182 4560 1344 4636 argueret,
1366 4549 1394 4613 81
1413 4548 1627 4632 vectigalibus
1643 4550 1834 4614 fraudarent
1853 4571 1929 4615 suos
1946 4571 2051 4633 reges.
2084 4551 2157 4617 Per

163 4648 267 4713 stum,
302 4636 357 4716 qui
381 4656 401 4700 a
422 4641 527 4698 morte
550 4656 724 4722 resurgens
746 4638 919 4704 coelestem
940 4639 1001 4705 sibi
1024 4641 1128 4706 vitam
1182 4651 1275 4722 mgr
1297 4633 1429 4719 quidam
1447 4632 1563 4699 volunt
1580 4636 1686 4699 notari
1703 4635 1871 4719 Arabiam,
1892 4656 1951 4718 per
1968 4649 2054 4720 820
2072 4656 2156 4703 vero

164 4743 201 4789 ac
223 4721 359 4804 gloriam
383 4719 569 4805 acquisivit,
593 4730 631 4786 ut
656 4724 826 4790 eeclesiam
850 4746 942 4791 suam
971 4727 1041 4791 siue
1064 4728 1129 4791 fine
1183 4721 1399 4804 Aethiopiam.
1444 4717 1640 4803 Quanquam
1670 4721 1845 4803 probabilis
1867 4734 1917 4786 est
1938 4740 2052 4786 eorum
2076 4743 2156 4788 eon·

163 4808 359 4872 moderetur.
1182 4810 1307 4874 iactura
1341 4805 1395 4886 qui
1428 4805 1537 4888 priore
1566 4826 1644 4871 voce
1673 4807 1863 4891 intelligunt
1891 4818 1992 4871 totam
2022 4819 2154 4890 partem

250 4892 279 4956 8.
309 4891 367 4976 (Et
393 4892 628 4973 deminabitur.)
685 4893 772 4974 Quia
806 4895 971 4962 Dominus
1007 4911 1129 4961 terram
1181 4895 1273 4960 sinus
1295 4888 1427 4955 Arabici
1459 4911 1542 4972 quae
1571 4890 1612 4955 ad
1643 4892 1788 4957 Africam
1819 4892 1973 4959 inclinat:
2006 4894 2157 4959 secunda

163 4978 284 5063 populo
302 4998 360 5043 suo
379 4979 412 5043 in
429 4978 666 5046 haereditatem
685 4980 889 5064 promittens,
910 4982 970 5048 hos
989 4990 1130 5064 quatuor
1181 4998 1259 5045 vero
1281 4993 1365 5056 quae
1383 4995 1441 5056 per
1462 4990 1489 5059 Β
1512 4976 1674 5056 scribitur,
1698 4976 1875 5051 Sabaeam,
1906 4999 1989 5061 quae
2011 4979 2158 5046 fertilior

43 5141 51 5157 ο
163 5064 283 5129 limites
301 5064 536 5149 assignaverat,
559 5065 679 5131 Genea.
700 5066 750 5144 15,
771 5067 810 5132 18
829 5068 992 5151 significat
1009 5066 1129 5143 David,
1181 5071 1254 5129 erat
1274 5061 1444 5143 magisque
1466 5082 1601 5127 amoena
1623 5063 1722 5145 regio.
1765 5063 1873 5144 Quam
1896 5065 2020 5129 insulse
2042 5065 2158 5131 detor·

165 5150 255 5216 88188
283 5160 317 5215 81
349 5152 504 5217 incolumi
531 5171 633 5235 regno
661 5154 823 5237 integram
853 5154 923 5218 fore
951 5154 1129 5236 promissae
1182 5159 1234 5213 tua
1256 5146 1355 5210 fuerit
1377 5145 1430 5212 hic
1451 5146 1542 5213 loeus
1559 5147 1619 5211 sub
1638 5157 1769 5229 papatu,
1792 5149 1899 5215 dicere
1917 5150 2002 5214 nibil
2021 5152 2155 5218 attinet.

164 5246 271 5303 terrae
293 5239 549 5320 possessionem:
578 5251 615 5303 ut
645 5239 830 5325 intelligant
858 5238 970 5305 fideles
998 5237 1129 5304 8888181
1181 5229 1363 5299 (1881111881
1396 5233 1484 5297 enim
1514 5253 1644 5297 versum
1676 5232 1765 5300 hunc
1798 5235 1838 5300 de
1864 5235 2070 5319 philosophis
2099 5238 2158 5304 vel
