4658 5856
145 344 207 410 153
892 386 894 391 ·
970 346 1187 415 PSALMUS
1204 347 1302 415 XVI.
2074 351 2135 415 154

143 534 176 598 in
211 534 381 618 prophetis
414 546 600 617 occurrunt,
633 536 688 601 sed
723 537 797 620 quia
830 558 894 602 non
930 536 1026 602 aliter
1056 558 1113 601 ex·
1138 560 1141 593 ε
1166 557 1242 602 nam
1276 536 1419 620 primum
1449 535 1643 602 haereditati
1666 535 1775 601 Deum
1806 545 1986 619 comparat:
2020 536 2137 605 deinde

142 618 285 703 primore
312 620 417 703 potnit
439 620 549 686 David
572 642 734 687 summam
758 622 1018 701 detestationem,
1049 643 1115 706 qua
1139 616 1141 671 ἵ
1165 623 1275 689 calici:
1309 624 1405 687 tertio
1439 621 1601 687 vindicem
1630 622 1843 707 possessionis
1873 623 1958 687 facit.
2012 623 2139 689 Alludit

143 705 243 770 ialam
275 703 352 771 deos
384 707 534 790 persequi
568 705 686 772 debent
718 707 841 774 fideles.
885 707 983 790 Quod
1014 710 1114 773 etiam
1138 701 1141 773 l
1166 719 1274 773 autem
1298 705 1339 773 ad
1368 708 1596 786 haereditates,
1630 728 1711 791 quas
1740 708 1861 773 scimus
1889 708 1975 771 inter
1997 708 2136 775 Iudaeos

143 799 278 874 apparet
298 793 332 855 in
355 791 506 875 loquendi
524 793 630 857 forma
647 814 712 877 que
730 796 842 872 utitur,
865 794 1006 860 relativa
1025 795 1114 859 euim
1139 816 1142 867 5
1166 792 1324 860 divinitus
1356 795 1457 859 fuisse
1491 794 1538 857 ita
1567 793 1765 873 distributas,
1798 804 1834 857 ut
1866 813 1943 858 suae
1976 815 2136 878 quemque

143 885 270 941 tantum
304 897 446 959 ponens,
481 878 569 943 idola
600 878 672 960 ipsa
704 881 854 946 subticet.
909 879 1021 961 Quare
1055 900 1114 944 suo
1138 930 1141 993 Ι
1165 888 1251 944 sorte
1280 889 1468 945 contentum
1500 898 1570 944 esse
1598 879 1650 943 lex
1680 878 1816 944 iuberet.
1868 879 1940 943 Iam
1974 879 2034 945 sub
2055 901 2136 948 voce

142 962 294 1046 exemplo
324 963 483 1046 praecipit
511 962 662 1030 fidelibus
691 985 757 1030 non
790 967 885 1030 modo
918 974 955 1032 ut
988 986 1114 1030 errores
1138 998 1141 1057 q
1164 963 1290 1042 calicis,
1326 964 1378 1029 vol
1412 963 1620 1030 haereditarii
1654 963 1745 1029 fundi
1782 975 1961 1047 proventus
1994 975 2135 1048 notatur,

142 1058 281 1114 caveant
304 1069 342 1114 ac
363 1049 480 1131 impias
501 1050 678 1131 opiniones,
700 1051 755 1115 sed
779 1053 877 1116 etiam
901 1060 938 1117 ut
960 1049 1001 1116 ab
1023 1051 1112 1116 omni
1139 1066 1142 1121 ῐ
1165 1051 1217 1115 vel
1247 1049 1319 1136 (par
1350 1049 1589 1136 synecdochen)
1618 1048 1801 1115 ordinarius
1825 1050 1946 1115 victus:
1976 1072 2014 1117 ao
2035 1053 2063 1117 si
2086 1051 2137 1116 di·

141 1153 318 1200 consensus
337 1134 547 1199 simulatione
569 1136 763 1201 abstineant.
808 1137 922 1202 Palam
945 1136 1031 1201 anim
1063 1148 1114 1202 eet
1137 1134 1141 1151 '
1165 1136 1276 1214 risset,
1307 1137 1413 1201 Deum
1444 1149 1476 1200 at
1503 1135 1703 1220 proprietate
1732 1144 1765 1199 et
1792 1136 1899 1201 fructu
1928 1157 2023 1201 suum
2054 1160 2133 1205 esse.

142 1218 181 1285 de
212 1230 349 1285 externo
379 1218 468 1285 cultu
501 1240 576 1285 eum
610 1221 714 1304 loqui,
751 1223 806 1305 qui
839 1222 894 1287 vel
926 1242 1028 1306 purae
1062 1223 1113 1287 vel
1164 1221 1234 1286 Nec
1256 1242 1460 1304 supervacua
1482 1230 1533 1286 est
1548 1224 1650 1286 tertia
1667 1221 1881 1303 comparatio:
1905 1223 2135 1305 quiaplerum·

182 1326 315 1371 rversae
335 1305 503 1389 religionis
524 1308 746 1372 testimonium
771 1315 830 1374 est.
865 1306 960 1389 Quod
985 1308 1013 1373 si
1034 1307 1113 1372 fide·
1165 1328 1227 1389 qne
1256 1308 1416 1392 contingit
1441 1328 1461 1372 a
1489 1326 1547 1372 sua
1577 1307 1779 1390 possessione
1808 1305 1925 1390 depelli
1955 1309 2056 1374 iustos
2079 1308 2135 1374 do·

153 1388 224 1454 ibus
253 1391 304 1456 fas
332 1412 399 1456 non
431 1391 569 1457 catullo
591 1392 738 1477 symbolo
761 1393 932 1460 ostendere
955 1394 1014 1459 sibi
1038 1414 1112 1459 cum
1165 1394 1282 1472 minos,
1314 1393 1389 1476 quia
1417 1392 1528 1457 nullus
1556 1412 1611 1458 eos
1638 1402 1755 1458 tuetur.
1806 1391 1897 1458 Deus
1924 1415 2002 1458 vero
2031 1396 2076 1459 ita
2101 1416 2136 1461 sa

140 1497 177 1541 su
220 1476 374 1541 rstitiosis
402 1497 473 1543 esee
500 1497 713 1562 consensum,
752 1501 818 1545 non
848 1492 898 1546 est
931 1480 1017 1562 quod
1051 1479 1112 1545 sibi
1166 1480 1258 1544 nobis
1292 1480 1325 1542 in
1360 1478 1592 1544 haereditatem
1627 1477 1730 1556 dedit,
1769 1485 1806 1542 ut
1837 1479 1982 1544 eiusdem
2014 1482 2135 1546 virtute

140 1561 174 1627 in
197 1561 693 1647 algeantlarvatiNioodemitae
711 1565 827 1630 frivolo
845 1567 907 1631 isto
929 1574 1112 1648 praetextu,
1165 1564 1256 1629 salva
1284 1564 1378 1630 nobis
1407 1572 1540 1628 maneat
1567 1564 1687 1629 fruitio.
1740 1564 1860 1629 Parnm
1892 1565 1978 1628 onim
2007 1566 2135 1631 iuvaret

139 1648 299 1714 omultnm
322 1669 357 1713 se
379 1647 476 1714 fidem
498 1650 588 1717 intus
605 1651 723 1729 fovere,
753 1650 829 1717 dum
853 1674 887 1718 se
910 1653 1111 1734 papistarum
1165 1671 1224 1714 nos
1244 1651 1346 1715 semel
1368 1652 1437 1735 ipso
1459 1651 1579 1733 potitos
1602 1669 1682 1727 esse,
1706 1650 1768 1713 nisi
1791 1657 1904 1715 eontra
1926 1650 2134 1733 quotidianos

139 1733 319 1818 sscnlegiis
350 1733 543 1817 adiungunt.
595 1735 683 1801 Sunt
713 1738 769 1818 qui
797 1739 927 1816 elienor,
955 1742 982 1801 ee
1008 1756 1113 1803 eorum
1164 1733 1284 1800 diaboli
1312 1737 1452 1818 impetus
1482 1736 1718 1820 possessionem
1742 1746 1910 1800 assereret.
1955 1735 2051 1817 Quod
2074 1759 2134 1802 ex·

40 1860 47 1871 ·
138 1820 269 1885 aomina
298 1820 338 1884 dc
368 1819 548 1886 cultoribus
577 1821 732 1888 falsorum
765 1821 897 1888 deorum
928 1832 1110 1906 exponant:
1136 1880 1139 1889 ,
1164 1834 1290 1904 ponunt
1307 1821 1455 1904 quidam:
1491 1823 1541 1887 Τιι
1564 1820 1684 1885 fundus
1706 1840 1741 1885 es
1763 1821 1797 1884 in
1820 1842 1884 1903 quo
1906 1822 1970 1886 sita
1991 1833 2040 1887 est
2062 1844 2134 1889 mea

139 1903 195 1970 sed
218 1902 330 1970 David
352 1906 461 1988 potius
481 1906 570 1990 ipsos
591 1905 669 1972 deos
692 1907 926 1994 (meoiudicio)
946 1909 1111 1993 intelligit.
1163 1907 1278 1989 portio,
1301 1907 1383 1971 mihi
1405 1906 1560 1992 frigidum
1583 1905 1723 1971 videtur.

136 1989 223 2055 Nam
251 1990 305 2057 bic
334 2011 451 2075 scopus
473 2002 538 2056 est:
568 1991 731 2073 Quamvis
754 1996 1023 2077 superstitionum
1046 1994 1111 2061 col·
1249 1993 1279 2058 6.
1303 1992 1425 2080 (Faces
1452 1993 1629 2059 reciderant
1655 1991 1758 2078 mibi.)
1809 1991 1932 2057 Melius
1961 1995 2134 2058 confirmat

136 2073 227 2141 lurie
247 2078 368 2142 referta
390 2079 433 2141 sit
455 2087 553 2157 terra,
575 2087 608 2143 et
630 2080 789 2146 increduli
812 2081 846 2144 iu
869 2080 1025 2146 ornandis
1043 2080 1111 2144 suis
1162 2077 1245 2161 qnod
1276 2080 1340 2143 iam
1372 2078 1453 2144 dixit
1483 2079 1631 2162 proximo
1660 2098 1766 2156 versu,
1800 2097 1917 2163 nempe
1950 2077 2062 2143 sedato
2096 2101 2133 2145 ac

137 2160 233 2227 idolis
253 2163 324 2228 sine
345 2161 440 2228 uredo
461 2164 588 2248 prodigi
610 2166 693 2230 siut:
718 2167 780 2248 piis
803 2174 913 2231 tamen
935 2176 967 2230 et
988 2166 1110 2231 sanctis
1162 2164 1336 2247 tranquillo
1366 2165 1476 2229 animo
1505 2185 1541 2229 sa
1569 2165 1602 2228 iu
1631 2183 1695 2227 nno
1718 2162 1790 2228 Deo
1819 2163 2039 2246 acquiescere:
2068 2165 2134 2230 imo

136 2245 354 2313 abominabile
374 2269 504 2332 semper
526 2250 594 2315 fore
613 2250 773 2334 quidquid
794 2251 841 2315 illi
864 2254 1065 2336 confingunt.
1161 2251 1206 2311 ita
1228 2249 1376 2334 gloriari,
1400 2259 1437 2314 ut
1457 2250 1630 2332 magnifice
1664 2247 1818 2330 despiciat
1848 2247 2005 2332 quidquid
2038 2260 2134 2315 extra

1161 2334 1265 2416 ipsum
1290 2358 1308 2399 o
1333 2335 1432 2400 tabilo
1454 2335 1516 2401 sibi
1539 2333 1680 2398 mundus
1700 2335 1805 2418 fingit.
1850 2334 1936 2399 Nam
1955 2334 2132 2402 honorifico

221 2417 253 2483 5.
276 2418 390 2485 loteva
415 2440 498 2500 pers
519 2422 677 2502 portionis
698 2443 784 2488 meae
806 2428 833 2487 et
854 2422 961 2488 celime
981 2421 1053 2504 mei,
1076 2427 1109 2486 tu
1161 2420 1266 2503 elogio
1330 2442 1404 2486 eum
1434 2420 1604 2496 extollens,
1633 2441 1668 2483 se
1697 2419 1873 2502 quidquam
1903 2419 2046 2504 amplius
2075 2442 2133 2485 ex·

133 2509 290 2570 sceneos
310 2510 421 2570 sortem
441 2525 551 2571 meam.
599 2508 628 2572 6.
652 2507 759 2574 Fama
779 2509 950 2575 eciderunt
970 2507 1052 2572 mibi
1072 2509 1108 2572 ia
1160 2516 1270 2587 petere
1299 2516 1407 2591 negat.
1457 2507 1631 2573 (laetarum
1655 2504 1826 2588 multiplex
1847 2504 1944 2570 huius
1967 2504 2133 2572 doctrinae

133 2591 288 2656 amoenis:
308 2593 415 2675 atique
436 2591 613 2659 dommilus
628 2593 744 2675 palere
765 2599 809 2659 est
829 2593 917 2659 mibi.
1162 2612 1241 2656 usus
1263 2602 1327 2657 est:
1355 2592 1430 2677 quia
1452 2615 1517 2657 non
1541 2601 1669 2656 tantum
1692 2592 1732 2655 ab
1755 2590 1904 2655 omnibns
1927 2593 2131 2672 superstitio·

1160 2698 1240 2742 num
1271 2679 1436 2763 figmentis
1465 2677 1632 2743 retrahere
1658 2696 1717 2740 uos
1747 2675 1851 2750 debet,
1888 2675 1945 2742 sed
1969 2677 2065 2740 etiam
2089 2677 2130 2743 ab

220 2759 510 2846 (5.1eeeoapers,
536 2762 603 2849 etc.)
647 2763 776 2830 (ilarius
800 2785 888 2829 nunc
911 2764 1107 2829 sententiam
1160 2762 1311 2828 omuibus
1340 2765 1448 2830 caruis
1475 2773 1508 2829 ot
1537 2762 1652 2828 mundi
1682 2761 1849 2828 illecebris.
1894 2761 2030 2843 Quoties
2053 2784 2131 2848 ergo
2254 2786 2258 2791 ·

134 2867 230 2913 suam
264 2848 414 2930 explicat,
447 2868 577 2914 causam
611 2850 699 2914 enim
731 2849 873 2916 ostendit
905 2873 964 2916 cur
997 2871 1032 2915 se
1066 2851 1106 2915 ab
1161 2848 1253 2915 nobis
1274 2850 1437 2934 obrepunt
1459 2870 1542 2932 quaa
1564 2870 1623 2914 nos
1645 2848 1685 2913 ab
1708 2869 1774 2913 uno
1798 2849 1868 2914 Deo
1889 2848 2062 2932 abducant,
2091 2871 2132 2915 ex

132 2932 316 2998 idololatris
338 2933 527 3019 disiungens
549 2936 583 2999 in
605 2936 739 3002 ecclesia
759 2936 820 3001 Dei
845 2957 978 3000 manere
1007 2936 1104 3001 velit:
1159 2935 1306 3018 opposito
1323 2936 1405 3003 haec
1421 2932 2130 3001 sententiaoccurrat:Praeclarenobiscum

133 3030 169 3083 et
188 3019 377 3084 societatem
398 3041 545 3084 errorum
568 3042 641 3087 cum
665 3022 881 3088 detestatione
904 3023 1041 3106 fugiens,
1065 3021 1106 3086 ad
1158 3029 1358 3099 autumesse,
1380 3021 1466 3104 qnod
1484 3043 1519 3086 sa
1537 3020 1631 3085 nobis
1654 3018 1828 3085 fruendum
1852 3018 1977 3084 dederit
1998 3019 2055 3084 ille
2077 3021 2132 3104 qui

132 3125 252 3255 πω
265 3104 464 3171 Deioultum
483 3107 619 3189 aspiret:
644 3129 759 3191 nempe
781 3108 857 3192 quia
878 3108 913 3172 in
937 3127 1003 3171 uno
1026 3127 1105 3172 varo
1199 3107 1333 3173 riectam
1351 3107 1387 3171 in
1405 3128 1440 3173 se
1458 3106 1605 3173 continet
1624 3104 1782 3170 bonorum
1798 3107 1944 3170 omnium
1958 3125 2129 3170 summam.

229 3192 421 3272 acquiescat.
465 3191 551 3257 Nam
580 3193 656 3258 inde
681 3196 800 3260 misera
825 3192 883 3258 illa
905 3192 1104 3276 inquietudo,
1185 3192 1214 3259 ic
1237 3193 1294 3257 fiet
1316 3202 1353 3256 ut
1373 3193 1463 3259 nobis
1481 3211 1610 3275 sempor
1626 3190 1769 3256 iucunda
1786 3192 1830 3256 sit
1848 3191 2130 3257 acsuavisuostra

134 3283 172 3342 ut
192 3275 382 3359 phrenetico
401 3279 527 3360 impetu
550 3277 613 3345 huc
635 3279 713 3344 illuc
735 3278 918 3345 discurrant
933 3298 1105 3362 acvageu-
1156 3276 1316 3342 conditio:
1349 3279 1424 3360 quia
1452 3277 1544 3343 nulla
1573 3276 1685 3342 beatae
1715 3278 1803 3341 vitae
1826 3285 1918 3361 parte
1942 3274 2130 3341 destituitur

134 3374 190 3426 tur
218 3362 303 3427 caeci
336 3361 494 3441 homiues,
527 3364 603 3447 quia
637 3385 713 3430 vera
741 3364 805 3430 Dei
838 3364 956 3429 notitia
985 3365 1105 3446 privati
1156 3363 1211 3444 qui
1234 3363 1344 3428 Deum
1371 3363 1527 3447 possidet.

132 3456 222 3513 sunt.
266 3447 336 3513 Neo
363 3457 450 3514 certe
472 3451 543 3514 fieri
572 3449 667 3515 aliter
696 3461 802 3533 potest
826 3449 904 3533 qnin
929 3470 1025 3531 saepe
1048 3471 1105 3514 va·

132 3533 246 3597 cillent
268 3533 454 3618 quicunque
476 3556 540 3600 uon
563 3536 696 3601 suntin
720 3536 791 3600 Deo
814 3535 956 3602 fundati:
987 3544 1021 3601 et
1048 3536 1104 3618 qui
1242 3533 1271 3599 7.
1294 3533 1487 3601 Praedieobo
1509 3536 1659 3601 Iebovom
1687 3536 1742 3618 qai
1768 3533 1850 3599 mibi
1871 3536 1926 3601 dai
1946 3537 2127 3603 conditam:

133 3628 257 3685 rectam
268 3618 366 3684 fidem
390 3641 455 3685 nou
479 3632 599 3700 tenent,
622 3623 711 3687 iutra
731 3623 824 3688 cuius
847 3633 949 3686 metas
971 3643 1006 3687 se
1028 3642 1105 3686 con·
1155 3618 1248 3683 eiiam
1267 3621 1404 3686 coetibus
1424 3623 1572 3688 audiunt
1593 3642 1642 3686 me
1663 3642 1751 3686 renes
1773 3622 1843 3685 mei.

134 3705 270 3783 tineent,
282 3706 361 3787 quin
373 3727 428 3771 eos
445 3707 584 3789 abripiat
599 3728 749 3772 errorum
765 3709 914 3793 impetus.
931 3707 1104 3773 Caeterum

134 3791 228 3857 docet
261 3790 315 3856 hio
343 3791 435 3857 locus
467 3813 522 3857 eos
551 3792 683 3857 demum
717 3794 779 3858 rite
810 3797 846 3858 iu
875 3813 953 3859 vera
983 3795 1105 3876 pietate
1242 3791 1414 3856 Postremo
1437 3793 1557 3857 latetur
1581 3791 1690 3858 David
1714 3793 1775 3858 hoc
1796 3812 1924 3874 quoque
1949 3812 2040 3856 mara
2064 3792 2126 3858 Dei

134 3877 263 3942 edoctos
285 3897 365 3957 esse,
385 3879 502 3960 quibus
526 3878 714 3945 uuusDeus
736 3880 866 3946 suificit.
896 3878 981 3943 Nam
993 3877 1103 3942 David
1156 3876 1262 3958 gratia
1295 3877 1356 3942 sibi
1386 3879 1486 3943 fuisse
1516 3876 1639 3955 datum,
1670 3888 1707 3942 ut
1737 3881 1771 3943 in
1799 3879 1882 3941 tanti
1905 3876 1979 3942 boni
2002 3899 2127 3962 posscs-

133 3974 262 4047 partem
294 3964 391 4028 sortis
420 3984 498 4028 suae
529 3976 562 4027 et
595 3964 829 4030 haereditatem
869 3963 1033 4042 vocando,
1073 3973 1105 4028 et
1156 3961 1366 4027 sionemfide
1394 3964 1531 4028 veniret.
1575 3963 1666 4028 Nihil
1697 3963 1784 4028 enim
1812 3962 1989 4045 prodesset,
2019 3962 2126 4029 Deum

133 4048 279 4128 calicem
300 4069 335 4113 se
357 4068 395 4113 oo
418 4070 483 4114 uuo
506 4051 553 4114 ita
575 4059 762 4115 contentum
786 4052 937 4130 affirmat,
963 4060 1000 4114 ut
1022 4048 1104 4112 nihil
1156 4067 1191 4111 se
1208 4046 1300 4111 nobis
1318 4047 1495 4112 liberaliter
1505 4048 1632 4127 offerre,
1653 4050 1714 4113 nisi
1728 4048 1791 4113 fide
1803 4070 1876 4112 cum
1892 4050 2126 4133 reciperemus:

133 4142 265 4218 appetet
284 4146 380 4199 extra
401 4134 516 4217 ipsum,
540 4156 599 4200 neo
621 4138 730 4219 pravis
753 4136 922 4202 desideriis
945 4135 1104 4200 titilletur.
1156 4134 1285 4215 qnando
1316 4134 1470 4216 reprobos
1500 4142 1533 4197 et
1561 4134 1679 4200 eleetos
1708 4135 1924 4201 communiter
1953 4134 1993 4201 ad
2022 4158 2057 4202 se
2080 4137 2128 4200 in·

133 4220 310 4285 Discamus
336 4241 423 4305 ergo,
453 4222 507 4286 ubi
537 4242 572 4285 se
593 4221 686 4286 Dens
707 4223 800 4287 uobis
822 4223 926 4300 offert,
955 4222 1001 4285 ita
1030 4240 1105 4284 cum
1130 4270 1133 4275 .
1158 4219 1249 4296 vitat,
1276 4218 1333 4284 sed
1363 4221 1487 4301 priores
1516 4238 1576 4283 sua
1604 4219 1841 4303 ingratitudine
1870 4230 1961 4287 tanto
1986 4222 2069 4286 bono
2092 4244 2127 4287 se

133 4306 296 4389 amplecti,
315 4315 353 4369 ut
368 4325 480 4371 omnes
495 4307 611 4372 salutis
629 4318 758 4372 nostrae
776 4321 885 4391 partes
900 4328 937 4374 ac
954 4327 1105 4370 numeros
1156 4303 1316 4368 fraudant.
1374 4303 1522 4370 Sciamus
1563 4327 1640 4388 ergo
1672 4319 1845 4389 utrumque
1879 4310 2052 4390 provenire
2084 4330 2127 4373 ex

133 4394 171 4457 in
199 4411 238 4456 eo
268 4412 470 4473 quaeramus,
501 4413 577 4457 nam
606 4414 647 4457 ex
676 4394 738 4459 hoc
766 4394 858 4458 fonte
887 4412 1105 4475 omnesquae
1155 4389 1298 4473 gratuito
1321 4390 1384 4454 Dei
1408 4390 1500 4466 douo,
1526 4392 1611 4472 quod
1635 4394 1704 4474 ipse
1726 4403 1836 4457 nostra
1859 4404 1908 4457 est
1930 4392 2126 4470 haereditas,

133 4498 282 4562 uuquam
315 4478 349 4541 in
382 4478 504 4543 mundo
536 4488 705 4562 grassatae
737 4491 814 4544 suut
855 4478 1105 4562 superstitiones
1128 4448 1133 4601 ι
1156 4486 1188 4538 et
1216 4495 1289 4538 aum
1320 4474 1383 4539 fide
1412 4475 1622 4559 possidemus.
1668 4478 1740 4544 Hoc
1769 4478 1936 4543 consiliam
1963 4490 2011 4543 est
2034 4480 2126 4543 cuins

132 4583 285 4630 manasse
307 4573 432 4628 certum
462 4573 520 4641 est,
550 4565 627 4647 qnia
653 4565 888 4647 superstitiosis
920 4563 1105 4629 hominibus
1130 4612 1133 4639 ,
1157 4560 1266 4623 David
1285 4563 1449 4626 meminit:
1469 4563 1604 4626 interior
1622 4563 1745 4630 scilicet
1762 4564 1898 4646 spiritus
1919 4564 2125 4646 illuminatio,

133 4671 224 4716 uuus
238 4648 331 4714 Deus
353 4671 417 4714 nou
440 4649 607 4715 satisfecit.
641 4648 744 4734 Atqui
767 4672 832 4716 non
855 4651 949 4723 aliter
972 4672 990 4714 a
1013 4647 1105 4713 nobis
1157 4667 1197 4710 ne
1219 4666 1278 4728 pro
1308 4649 1414 4713 carnis
1441 4658 1570 4713 nostrae
1598 4650 1752 4715 caecitate
1788 4649 1925 4715 salutem
1958 4650 1999 4713 ad
2027 4670 2124 4730 quam

133 4734 330 4820 possidetur,
364 4737 511 4817 quamsi
543 4736 648 4818 portio
676 4740 718 4802 sit
747 4738 845 4803 sortis
875 4747 1015 4812 nostrae,
1044 4733 1106 4798 hoc
1156 4754 1217 4796 uos
1234 4745 1330 4797 vocat
1359 4754 1561 4817 respuamus.
1594 4734 1690 4800 Unde
1710 4735 1903 4818 colligimus,
1927 4756 1991 4799 nou
2016 4735 2125 4799 minus

133 4833 196 4900 est,
226 4822 253 4886 si
283 4843 344 4885 nos
371 4821 433 4886 sibi
462 4822 497 4885 in
521 4829 625 4887 totum
650 4820 793 4888 addictos
817 4830 937 4901 tenent,
968 4842 1009 4885 ne
1039 4819 1106 4884 ulla
1130 4840 1133 4909 ι
1156 4817 1271 4884 inscite
1292 4839 1389 4901 quam
1413 4820 1511 4902 impie
1541 4822 1680 4904 gratiam
1702 4821 1765 4886 Dei
1797 4821 1940 4899 lacerari,
1969 4819 2023 4884 ubi
2054 4821 2124 4885 eius

134 4908 277 4992 amplius
292 4905 492 4973 infidelitatis
507 4926 587 4972 eura
604 4928 663 4972 nos
679 4908 840 4973 sollicitet.
873 4907 951 4973 Ideo
968 4905 1107 4971 Iudaeos
1130 4926 1133 4995 ι
1157 4905 1245 4987 optio
1269 4904 1320 4969 vel
1342 4905 1474 4970 reiectio
1496 4905 1634 4971 inlibero
1652 4906 1794 4972 hominis
1812 4906 1946 4971 arbitrio
1958 4905 2122 4971 statuitur.

133 5003 299 5078 apostatas
332 5013 496 5069 accusans,
530 4992 615 5075 quod
647 5004 720 5076 post
752 4993 840 5056 idola
870 4994 1106 5060 discurrerent:
1130 5008 1134 5075 ι
1156 4990 1208 5053 De
1238 4998 1375 5054 externa
1404 5012 1480 5056 vero
1511 4990 1657 5057 doctrina
1687 4991 1741 5058 hic
1770 5012 1835 5055 non
1857 4994 1919 5076 agi,
1949 5013 1990 5056 ex
2017 4991 2124 5057 verbis

133 5080 215 5163 Ipsi,
244 5079 319 5164 ipsi,
346 5080 463 5162 inquit,
491 5080 558 5144 sint
586 5079 690 5162 portio
720 5085 786 5143 tua.
837 5077 965 5159 Quibus
1000 5076 1107 5143 vorbis
1130 5092 1133 5115 ²
1157 5075 1243 5139 clare
1258 5084 1365 5160 patet:
1388 5077 1464 5159 quia
1479 5076 1558 5141 dicit
1573 5089 1713 5143 senocto
1729 5077 1859 5156 erudiri,
1882 5076 1960 5141 dum
1980 5089 2123 5145 remotus

134 5165 280 5233 ostendit
297 5187 332 5232 se
350 5165 445 5230 idolis
464 5165 571 5229 locum
589 5163 712 5244 cedere,
736 5164 798 5229 nisi
816 5165 1000 5229 insolidum
1014 5164 1107 5227 nobis
1157 5168 1206 5225 est
1229 5182 1248 5226 a
1270 5170 1444 5244 conspectu
1468 5162 1647 5227 bominum.
1692 5161 1820 5227 Deinde
1842 5184 1940 5245 quum
1962 5161 2024 5228 hoc
2047 5164 2125 5231 dicit

135 5251 287 5318 sufficiat.
319 5253 369 5317 Ac
392 5264 458 5316 tras
481 5249 612 5332 quidem
636 5249 866 5316 similitudines
884 5250 976 5333 ponit
988 5247 1106 5325 David,
1129 5240 1135 5291 l
1157 5246 1229 5311 fieri
1252 5247 1286 5310 in
1308 5247 1440 5313 renibus
1462 5248 1539 5325 suis,
1570 5270 1634 5312 nou
1658 5246 1790 5313 dubium
1821 5257 1870 5314 est
1890 5250 1968 5333 quin
1989 5270 2124 5317 arcanas
