<?xml version="1.0" encoding="UTF-8"?>
<!DOCTYPE html PUBLIC "-//W3C//DTD XHTML 1.0 Transitional//EN"
    "http://www.w3.org/TR/xhtml1/DTD/xhtml1-transitional.dtd">
<html xmlns="http://www.w3.org/1999/xhtml" xml:lang="en" lang="en">
 <head>
  <title>
</title>
<meta http-equiv="Content-Type" content="text/html;charset=utf-8" />
  <meta name='ocr-system' content='tesseract 3.04.00' />
  <meta name='ocr-capabilities' content='ocr_page ocr_carea ocr_par ocr_line ocrx_word'/>
</head>
<body>
  <div class='ocr_page' id='page_1' title='image "./corpusreformato05melagoog_0204.png"; bbox 0 0 4672 5864; ppageno 0'>
   <div class='ocr_carea' id='block_1_1' title="bbox 142 382 204 447">
    <p class='ocr_par' dir='ltr' id='par_1_1' title="bbox 142 382 204 447">
     <span class='ocr_line' id='line_1_1' title="bbox 142 382 204 447; baseline 0 0"><span class='ocrx_word' id='word_1_1' title='bbox 142 382 204 447; x_wconf 79' lang='lat'>421</span> 
     </span>
    </p>
   </div>
   <div class='ocr_carea' id='block_1_2' title="bbox 971 363 1353 449">
    <p class='ocr_par' dir='ltr' id='par_1_2' title="bbox 971 363 1353 449">
     <span class='ocr_line' id='line_1_2' title="bbox 971 363 1353 449; baseline 0 -2"><span class='ocrx_word' id='word_1_2' title='bbox 971 380 1187 449; x_wconf 76' lang='lat' dir='ltr'>rennues</span> <span class='ocrx_word' id='word_1_3' title='bbox 1210 382 1304 448; x_wconf 78' lang='lat' dir='ltr'>xm.</span> <span class='ocrx_word' id='word_1_4' title='bbox 1350 363 1353 369; x_wconf 81' lang='grc'>’</span> 
     </span>
    </p>
   </div>
   <div class='ocr_carea' id='block_1_3' title="bbox 2070 382 2134 447">
    <p class='ocr_par' dir='ltr' id='par_1_3' title="bbox 2070 382 2134 447">
     <span class='ocr_line' id='line_1_3' title="bbox 2070 382 2134 447; baseline -0.016 0"><span class='ocrx_word' id='word_1_5' title='bbox 2070 382 2134 447; x_wconf 79' lang='lat'>422</span> 
     </span>
    </p>
   </div>
   <div class='ocr_carea' id='block_1_4' title="bbox 141 568 2137 2657">
    <p class='ocr_par' dir='ltr' id='par_1_4' title="bbox 141 568 2137 2657">
     <span class='ocr_line' id='line_1_4' title="bbox 142 568 2133 656; baseline 0 -21"><span class='ocrx_word' id='word_1_6' title='bbox 142 568 288 637; x_wconf 90' lang='lat' dir='ltr'>hostium</span> <span class='ocrx_word' id='word_1_7' title='bbox 310 578 497 639; x_wconf 90' lang='lat' dir='ltr'>nostrorum</span> <span class='ocrx_word' id='word_1_8' title='bbox 520 573 668 654; x_wconf 90' lang='lat' dir='ltr'>saevitia,</span> <span class='ocrx_word' id='word_1_9' title='bbox 697 592 762 656; x_wconf 91' lang='lat' dir='ltr'>quo</span> <span class='ocrx_word' id='word_1_10' title='bbox 784 571 927 655; x_wconf 90' lang='lat' dir='ltr'>iniquior</span> <span class='ocrx_word' id='word_1_11' title='bbox 949 577 1009 652; x_wconf 90' lang='lat' dir='ltr'>est,</span> <span class='ocrx_word' id='word_1_12' title='bbox 1040 570 1114 654; x_wconf 90' lang='lat' dir='ltr'>plus</span> <span class='ocrx_word' id='word_1_13' title='bbox 1166 570 1307 655; x_wconf 92' lang='lat' dir='ltr'>Davidi,</span> <span class='ocrx_word' id='word_1_14' title='bbox 1338 579 1371 637; x_wconf 92' lang='lat' dir='ltr'>et</span> <span class='ocrx_word' id='word_1_15' title='bbox 1398 572 1467 637; x_wconf 90' lang='lat' dir='ltr'>fore</span> <span class='ocrx_word' id='word_1_16' title='bbox 1494 571 1743 656; x_wconf 90' lang='lat' dir='ltr'>implacabilem,</span> <span class='ocrx_word' id='word_1_17' title='bbox 1774 571 1851 654; x_wconf 92' lang='lat' dir='ltr'>quia</span> <span class='ocrx_word' id='word_1_18' title='bbox 1881 580 1948 637; x_wconf 89' lang='lat' dir='ltr'>tam</span> <span class='ocrx_word' id='word_1_19' title='bbox 1980 572 2133 651; x_wconf 86' lang='lat' dir='ltr'>atrociter</span> 
     </span>
     <span class='ocr_line' id='line_1_5' title="bbox 143 654 2133 741; baseline 0.001 -21"><span class='ocrx_word' id='word_1_20' title='bbox 143 654 239 722; x_wconf 91' lang='lat' dir='ltr'>nobis</span> <span class='ocrx_word' id='word_1_21' title='bbox 267 655 391 724; x_wconf 80' lang='lat' dir='ltr'>favoris</span> <span class='ocrx_word' id='word_1_22' title='bbox 418 658 506 741; x_wconf 89' lang='lat' dir='ltr'>apud</span> <span class='ocrx_word' id='word_1_23' title='bbox 524 659 635 723; x_wconf 89' lang='lat' dir='ltr'>Deum</span> <span class='ocrx_word' id='word_1_24' title='bbox 663 658 823 724; x_wconf 86' lang='lat' dir='ltr'>conciliat.</span> <span class='ocrx_word' id='word_1_25' title='bbox 867 657 992 723; x_wconf 83' lang='lat' dir='ltr'>Forma</span> <span class='ocrx_word' id='word_1_26' title='bbox 1015 656 1114 721; x_wconf 87' lang='lat' dir='ltr'>etiam</span> <span class='ocrx_word' id='word_1_27' title='bbox 1166 678 1242 723; x_wconf 90' lang='lat' dir='ltr'>eum</span> <span class='ocrx_word' id='word_1_28' title='bbox 1272 657 1394 741; x_wconf 90' lang='lat' dir='ltr'>puniat.</span> <span class='ocrx_word' id='word_1_29' title='bbox 1450 657 1535 723; x_wconf 91' lang='lat' dir='ltr'>Nam</span> <span class='ocrx_word' id='word_1_30' title='bbox 1569 679 1660 741; x_wconf 91' lang='lat' dir='ltr'>spem</span> <span class='ocrx_word' id='word_1_31' title='bbox 1693 657 1838 723; x_wconf 92' lang='lat' dir='ltr'>melioris</span> <span class='ocrx_word' id='word_1_32' title='bbox 1871 657 2021 723; x_wconf 81' lang='lat' dir='ltr'><strong>fortunae</strong></span> <span class='ocrx_word' id='word_1_33' title='bbox 2054 674 2133 721; x_wconf 84' lang='lat' dir='ltr'>mox</span> 
     </span>
     <span class='ocr_line' id='line_1_6' title="bbox 142 741 2134 828; baseline 0 -22"><span class='ocrx_word' id='word_1_34' title='bbox 142 742 390 827; x_wconf 73' lang='lat' dir='ltr'>imprecationis</span> <span class='ocrx_word' id='word_1_35' title='bbox 418 764 516 827; x_wconf 90' lang='lat' dir='ltr'>quam</span> <span class='ocrx_word' id='word_1_36' title='bbox 538 744 669 810; x_wconf 90' lang='lat' dir='ltr'>crudele</span> <span class='ocrx_word' id='word_1_37' title='bbox 699 744 798 810; x_wconf 86' lang='lat' dir='ltr'>fuerit</span> <span class='ocrx_word' id='word_1_38' title='bbox 819 741 930 809; x_wconf 91' lang='lat' dir='ltr'>odium</span> <span class='ocrx_word' id='word_1_39' title='bbox 959 748 1113 808; x_wconf 88' lang='lat' dir='ltr'>testatur:</span> <span class='ocrx_word' id='word_1_40' title='bbox 1166 742 1360 828; x_wconf 90' lang='lat' dir='ltr'>praecidunt</span> <span class='ocrx_word' id='word_1_41' title='bbox 1381 743 1442 811; x_wconf 89' lang='lat' dir='ltr'>hoe</span> <span class='ocrx_word' id='word_1_42' title='bbox 1464 743 1572 820; x_wconf 88' lang='lat' dir='ltr'>verbo,</span> <span class='ocrx_word' id='word_1_43' title='bbox 1594 765 1657 810; x_wconf 81' lang='lat' dir='ltr'>aon</span> <span class='ocrx_word' id='word_1_44' title='bbox 1678 744 1804 810; x_wconf 65' lang='lat' dir='ltr'>aetate</span> <span class='ocrx_word' id='word_1_45' title='bbox 1825 748 1860 809; x_wconf 80' lang='lat' dir='ltr'>at</span> <span class='ocrx_word' id='word_1_46' title='bbox 1874 747 2031 825; x_wconf 62' lang='lat' dir='ltr'>resurgat.</span> <span class='ocrx_word' id='word_1_47' title='bbox 2055 741 2134 805; x_wconf 83' lang='lat' dir='ltr'>Fuit</span> 
     </span>
     <span class='ocr_line' id='line_1_7' title="bbox 142 826 2134 913; baseline -0.001 -20"><span class='ocrx_word' id='word_1_48' title='bbox 142 826 231 912; x_wconf 88' lang='lat' dir='ltr'>quod</span> <span class='ocrx_word' id='word_1_49' title='bbox 251 847 321 894; x_wconf 89' lang='lat' dir='ltr'>non</span> <span class='ocrx_word' id='word_1_50' title='bbox 344 828 410 895; x_wconf 91' lang='lat' dir='ltr'>nisi</span> <span class='ocrx_word' id='word_1_51' title='bbox 431 829 579 907; x_wconf 89' lang='lat' dir='ltr'>interitu,</span> <span class='ocrx_word' id='word_1_52' title='bbox 603 830 784 913; x_wconf 90' lang='lat' dir='ltr'>etquidem</span> <span class='ocrx_word' id='word_1_53' title='bbox 802 827 969 913; x_wconf 90' lang='lat' dir='ltr'>probroso,</span> <span class='ocrx_word' id='word_1_54' title='bbox 991 827 1115 912; x_wconf 87' lang='lat' dir='ltr'>placari</span> <span class='ocrx_word' id='word_1_55' title='bbox 1167 838 1279 894; x_wconf 91' lang='lat' dir='ltr'>autem</span> <span class='ocrx_word' id='word_1_56' title='bbox 1313 829 1395 896; x_wconf 88' lang='lat' dir='ltr'>haee</span> <span class='ocrx_word' id='word_1_57' title='bbox 1427 850 1494 895; x_wconf 92' lang='lat' dir='ltr'>non</span> <span class='ocrx_word' id='word_1_58' title='bbox 1526 829 1609 894; x_wconf 91' lang='lat' dir='ltr'>levis</span> <span class='ocrx_word' id='word_1_59' title='bbox 1643 829 1790 909; x_wconf 88' lang='lat' dir='ltr'>tentatio,</span> <span class='ocrx_word' id='word_1_60' title='bbox 1825 849 1926 913; x_wconf 91' lang='lat' dir='ltr'>quum</span> <span class='ocrx_word' id='word_1_61' title='bbox 1955 827 2016 894; x_wconf 93' lang='lat' dir='ltr'>sibi</span> <span class='ocrx_word' id='word_1_62' title='bbox 2047 837 2134 892; x_wconf 89' lang='lat' dir='ltr'>reete</span> 
     </span>
     <span class='ocr_line' id='line_1_8' title="bbox 142 911 2133 998; baseline -0.002 -18"><span class='ocrx_word' id='word_1_63' title='bbox 142 922 261 998; x_wconf 88' lang='lat' dir='ltr'>potest.</span> <span class='ocrx_word' id='word_1_64' title='bbox 306 913 477 998; x_wconf 86' lang='lat' dir='ltr'>Cupereut</span> <span class='ocrx_word' id='word_1_65' title='bbox 506 915 594 981; x_wconf 90' lang='lat' dir='ltr'>euim</span> <span class='ocrx_word' id='word_1_66' title='bbox 624 937 691 981; x_wconf 92' lang='lat' dir='ltr'>una</span> <span class='ocrx_word' id='word_1_67' title='bbox 718 936 793 982; x_wconf 88' lang='lat' dir='ltr'>eum</span> <span class='ocrx_word' id='word_1_68' title='bbox 819 914 892 998; x_wconf 94' lang='lat' dir='ltr'>ipso</span> <span class='ocrx_word' id='word_1_69' title='bbox 922 913 1115 980; x_wconf 88' lang='lat' dir='ltr'>memoriam</span> <span class='ocrx_word' id='word_1_70' title='bbox 1167 915 1316 982; x_wconf 87' lang='lat' dir='ltr'>conscius</span> <span class='ocrx_word' id='word_1_71' title='bbox 1350 924 1444 995; x_wconf 91' lang='lat' dir='ltr'>esset,</span> <span class='ocrx_word' id='word_1_72' title='bbox 1478 915 1525 981; x_wconf 93' lang='lat' dir='ltr'>sic</span> <span class='ocrx_word' id='word_1_73' title='bbox 1558 915 1766 998; x_wconf 86' lang='lat' dir='ltr'>praecipitari</span> <span class='ocrx_word' id='word_1_74' title='bbox 1799 915 1972 980; x_wconf 91' lang='lat' dir='ltr'>hominum</span> <span class='ocrx_word' id='word_1_75' title='bbox 2000 911 2133 978; x_wconf 90' lang='lat' dir='ltr'>damna·</span> 
     </span>
     <span class='ocr_line' id='line_1_9' title="bbox 142 996 2134 1085; baseline -0.001 -21"><span class='ocrx_word' id='word_1_76' title='bbox 142 1000 218 1065; x_wconf 90' lang='lat' dir='ltr'>eius</span> <span class='ocrx_word' id='word_1_77' title='bbox 238 997 352 1067; x_wconf 88' lang='lat' dir='ltr'>deleri.</span> <span class='ocrx_word' id='word_1_78' title='bbox 385 1001 480 1083; x_wconf 78' lang='lat' dir='ltr'>Quod</span> <span class='ocrx_word' id='word_1_79' title='bbox 503 1002 653 1084; x_wconf 90' lang='lat' dir='ltr'>proximo</span> <span class='ocrx_word' id='word_1_80' title='bbox 673 1023 772 1068; x_wconf 90' lang='lat' dir='ltr'>versu</span> <span class='ocrx_word' id='word_1_81' title='bbox 795 1000 952 1085; x_wconf 90' lang='lat' dir='ltr'>sequitur,</span> <span class='ocrx_word' id='word_1_82' title='bbox 975 997 1017 1065; x_wconf 92' lang='lat' dir='ltr'>ad</span> <span class='ocrx_word' id='word_1_83' title='bbox 1040 1019 1114 1082; x_wconf 92' lang='lat' dir='ltr'>per·</span> <span class='ocrx_word' id='word_1_84' title='bbox 1167 1002 1254 1067; x_wconf 87' lang='lat' dir='ltr'>tione</span> <span class='ocrx_word' id='word_1_85' title='bbox 1278 1021 1380 1083; x_wconf 88' lang='lat' dir='ltr'>usqne</span> <span class='ocrx_word' id='word_1_86' title='bbox 1402 1001 1443 1066; x_wconf 92' lang='lat' dir='ltr'>ad</span> <span class='ocrx_word' id='word_1_87' title='bbox 1466 999 1599 1067; x_wconf 92' lang='lat' dir='ltr'>ultiouis</span> <span class='ocrx_word' id='word_1_88' title='bbox 1620 1002 1752 1083; x_wconf 87' lang='lat' dir='ltr'>inferos,</span> <span class='ocrx_word' id='word_1_89' title='bbox 1775 1000 1832 1067; x_wconf 88' lang='lat' dir='ltr'>sed</span> <span class='ocrx_word' id='word_1_90' title='bbox 1855 1001 1901 1065; x_wconf 89' lang='lat' dir='ltr'>ita</span> <span class='ocrx_word' id='word_1_91' title='bbox 1923 998 2045 1083; x_wconf 87' lang='lat' dir='ltr'>placuit</span> <span class='ocrx_word' id='word_1_92' title='bbox 2062 996 2134 1064; x_wconf 93' lang='lat' dir='ltr'>Deo</span> 
     </span>
     <span class='ocr_line' id='line_1_10' title="bbox 141 1083 2135 1172; baseline -0.002 -21"><span class='ocrx_word' id='word_1_93' title='bbox 141 1084 228 1152; x_wconf 90' lang='lat' dir='ltr'>fidos</span> <span class='ocrx_word' id='word_1_94' title='bbox 257 1087 379 1152; x_wconf 90' lang='lat' dir='ltr'>amicos</span> <span class='ocrx_word' id='word_1_95' title='bbox 407 1096 542 1170; x_wconf 89' lang='lat' dir='ltr'>spectat.</span> <span class='ocrx_word' id='word_1_96' title='bbox 585 1087 671 1154; x_wconf 91' lang='lat' dir='ltr'>Nam</span> <span class='ocrx_word' id='word_1_97' title='bbox 696 1088 752 1172; x_wconf 92' lang='lat' dir='ltr'>qui</span> <span class='ocrx_word' id='word_1_98' title='bbox 773 1108 813 1153; x_wconf 88' lang='lat' dir='ltr'>ex</span> <span class='ocrx_word' id='word_1_99' title='bbox 837 1086 981 1169; x_wconf 90' lang='lat' dir='ltr'>professo</span> <span class='ocrx_word' id='word_1_100' title='bbox 1002 1085 1115 1150; x_wconf 90' lang='lat' dir='ltr'>hostes</span> <span class='ocrx_word' id='word_1_101' title='bbox 1167 1108 1299 1153; x_wconf 91' lang='lat' dir='ltr'>servum</span> <span class='ocrx_word' id='word_1_102' title='bbox 1322 1107 1420 1153; x_wconf 91' lang='lat' dir='ltr'>suum</span> <span class='ocrx_word' id='word_1_103' title='bbox 1442 1087 1588 1170; x_wconf 90' lang='lat' dir='ltr'>probare,</span> <span class='ocrx_word' id='word_1_104' title='bbox 1612 1098 1649 1152; x_wconf 89' lang='lat' dir='ltr'>ut</span> <span class='ocrx_word' id='word_1_105' title='bbox 1670 1093 1842 1153; x_wconf 89' lang='lat' dir='ltr'>contentus</span> <span class='ocrx_word' id='word_1_106' title='bbox 1865 1086 1949 1153; x_wconf 92' lang='lat' dir='ltr'>bona</span> <span class='ocrx_word' id='word_1_107' title='bbox 1970 1083 2135 1150; x_wconf 88' lang='lat' dir='ltr'>conscien-</span> 
     </span>
     <span class='ocr_line' id='line_1_11' title="bbox 142 1170 2134 1258; baseline -0.002 -22"><span class='ocrx_word' id='word_1_108' title='bbox 142 1179 251 1250; x_wconf 89' lang='lat' dir='ltr'>erant,</span> <span class='ocrx_word' id='word_1_109' title='bbox 283 1171 394 1258; x_wconf 91' lang='lat' dir='ltr'>palam</span> <span class='ocrx_word' id='word_1_110' title='bbox 428 1193 503 1239; x_wconf 89' lang='lat' dir='ltr'>eum</span> <span class='ocrx_word' id='word_1_111' title='bbox 538 1172 795 1249; x_wconf 82' lang='lat' dir='ltr'>insectabantur,</span> <span class='ocrx_word' id='word_1_112' title='bbox 835 1173 936 1255; x_wconf 90' lang='lat' dir='ltr'>idque</span> <span class='ocrx_word' id='word_1_113' title='bbox 966 1170 1115 1255; x_wconf 85' lang='lat' dir='ltr'>proxime</span> <span class='ocrx_word' id='word_1_114' title='bbox 1167 1173 1214 1238; x_wconf 90' lang='lat' dir='ltr'>tia</span> <span class='ocrx_word' id='word_1_115' title='bbox 1236 1171 1335 1238; x_wconf 90' lang='lat' dir='ltr'>nullis</span> <span class='ocrx_word' id='word_1_116' title='bbox 1355 1171 1525 1239; x_wconf 90' lang='lat' dir='ltr'>hominum</span> <span class='ocrx_word' id='word_1_117' title='bbox 1544 1172 1671 1255; x_wconf 80' lang='lat' dir='ltr'>probris</span> <span class='ocrx_word' id='word_1_118' title='bbox 1689 1170 1828 1238; x_wconf 86' lang='lat' dir='ltr'>eederet.</span> <span class='ocrx_word' id='word_1_119' title='bbox 1852 1174 1902 1238; x_wconf 84' lang='lat' dir='ltr'>Ae</span> <span class='ocrx_word' id='word_1_120' title='bbox 1920 1172 1991 1237; x_wconf 88' lang='lat' dir='ltr'>eius</span> <span class='ocrx_word' id='word_1_121' title='bbox 2008 1189 2134 1254; x_wconf 91' lang='lat' dir='ltr'>quoque</span> 
     </span>
     <span class='ocr_line' id='line_1_12' title="bbox 142 1256 2136 1342; baseline -0.002 -20"><span class='ocrx_word' id='word_1_122' title='bbox 142 1256 302 1323; x_wconf 76' lang='lat' dir='ltr'>ostendit.</span> <span class='ocrx_word' id='word_1_123' title='bbox 364 1258 461 1325; x_wconf 87' lang='lat' dir='ltr'>Nune</span> <span class='ocrx_word' id='word_1_124' title='bbox 504 1260 647 1324; x_wconf 76' lang='lat' dir='ltr'>contexit</span> <span class='ocrx_word' id='word_1_125' title='bbox 692 1260 830 1325; x_wconf 90' lang='lat' dir='ltr'>alteram</span> <span class='ocrx_word' id='word_1_126' title='bbox 866 1257 1115 1342; x_wconf 90' lang='lat' dir='ltr'>querimoniam,</span> <span class='ocrx_word' id='word_1_127' title='bbox 1167 1258 1318 1341; x_wconf 84' lang='lat' dir='ltr'>exemplo</span> <span class='ocrx_word' id='word_1_128' title='bbox 1351 1278 1411 1326; x_wconf 91' lang='lat' dir='ltr'>nos</span> <span class='ocrx_word' id='word_1_129' title='bbox 1444 1257 1558 1325; x_wconf 90' lang='lat' dir='ltr'>dooere</span> <span class='ocrx_word' id='word_1_130' title='bbox 1591 1257 1706 1336; x_wconf 91' lang='lat' dir='ltr'>voluit,</span> <span class='ocrx_word' id='word_1_131' title='bbox 1739 1258 1817 1324; x_wconf 89' lang='lat' dir='ltr'>alibi</span> <span class='ocrx_word' id='word_1_132' title='bbox 1849 1277 1949 1342; x_wconf 89' lang='lat' dir='ltr'>quam</span> <span class='ocrx_word' id='word_1_133' title='bbox 1981 1256 2017 1320; x_wconf 89' lang='lat' dir='ltr'>in</span> <span class='ocrx_word' id='word_1_134' title='bbox 2047 1265 2136 1320; x_wconf 89' lang='lat' dir='ltr'>terra</span> 
     </span>
     <span class='ocr_line' id='line_1_13' title="bbox 142 1340 2135 1427; baseline -0.001 -20"><span class='ocrx_word' id='word_1_135' title='bbox 142 1341 268 1409; x_wconf 87' lang='lat' dir='ltr'>multos</span> <span class='ocrx_word' id='word_1_136' title='bbox 297 1345 372 1411; x_wconf 90' lang='lat' dir='ltr'>licto</span> <span class='ocrx_word' id='word_1_137' title='bbox 401 1344 521 1423; x_wconf 90' lang='lat' dir='ltr'>animo,</span> <span class='ocrx_word' id='word_1_138' title='bbox 554 1364 592 1410; x_wconf 88' lang='lat' dir='ltr'>ae</span> <span class='ocrx_word' id='word_1_139' title='bbox 621 1347 649 1411; x_wconf 93' lang='lat' dir='ltr'>si</span> <span class='ocrx_word' id='word_1_140' title='bbox 679 1345 774 1411; x_wconf 86' lang='lat' dir='ltr'>amici</span> <span class='ocrx_word' id='word_1_141' title='bbox 804 1351 922 1425; x_wconf 92' lang='lat' dir='ltr'>essent,</span> <span class='ocrx_word' id='word_1_142' title='bbox 952 1341 1115 1420; x_wconf 84' lang='lat' dir='ltr'>accedere,</span> <span class='ocrx_word' id='word_1_143' title='bbox 1168 1343 1387 1427; x_wconf 75' lang='lat' dir='ltr'>quaerendam</span> <span class='ocrx_word' id='word_1_144' title='bbox 1410 1365 1481 1411; x_wconf 92' lang='lat' dir='ltr'>esse</span> <span class='ocrx_word' id='word_1_145' title='bbox 1503 1343 1648 1410; x_wconf 89' lang='lat' dir='ltr'>iustitiae</span> <span class='ocrx_word' id='word_1_146' title='bbox 1670 1342 1863 1423; x_wconf 75' lang='lat' dir='ltr'>mercedem,</span> <span class='ocrx_word' id='word_1_147' title='bbox 1886 1343 1964 1426; x_wconf 89' lang='lat' dir='ltr'>quia</span> <span class='ocrx_word' id='word_1_148' title='bbox 1986 1340 2135 1406; x_wconf 91' lang='lat' dir='ltr'>videmus</span> 
     </span>
     <span class='ocr_line' id='line_1_14' title="bbox 141 1426 2136 1515; baseline -0.002 -21"><span class='ocrx_word' id='word_1_149' title='bbox 141 1428 203 1511; x_wconf 90' lang='lat' dir='ltr'>qui</span> <span class='ocrx_word' id='word_1_150' title='bbox 222 1439 333 1495; x_wconf 88' lang='lat' dir='ltr'>tamen</span> <span class='ocrx_word' id='word_1_151' title='bbox 350 1439 465 1515; x_wconf 88' lang='lat' dir='ltr'>postea</span> <span class='ocrx_word' id='word_1_152' title='bbox 483 1430 576 1495; x_wconf 87' lang='lat' dir='ltr'>virus</span> <span class='ocrx_word' id='word_1_153' title='bbox 594 1451 692 1497; x_wconf 87' lang='lat' dir='ltr'>suum</span> <span class='ocrx_word' id='word_1_154' title='bbox 709 1440 908 1498; x_wconf 90' lang='lat' dir='ltr'>evomerent.</span> <span class='ocrx_word' id='word_1_155' title='bbox 930 1429 994 1495; x_wconf 83' lang='lat' dir='ltr'>Est</span> <span class='ocrx_word' id='word_1_156' title='bbox 1005 1436 1115 1494; x_wconf 90' lang='lat' dir='ltr'>autem</span> <span class='ocrx_word' id='word_1_157' title='bbox 1167 1450 1265 1513; x_wconf 86' lang='lat' dir='ltr'>quam</span> <span class='ocrx_word' id='word_1_158' title='bbox 1289 1428 1403 1514; x_wconf 90' lang='lat' dir='ltr'>iniqua</span> <span class='ocrx_word' id='word_1_159' title='bbox 1424 1430 1551 1494; x_wconf 89' lang='lat' dir='ltr'>trutina</span> <span class='ocrx_word' id='word_1_160' title='bbox 1572 1450 1667 1512; x_wconf 92' lang='lat' dir='ltr'>saepe</span> <span class='ocrx_word' id='word_1_161' title='bbox 1685 1426 1829 1495; x_wconf 90' lang='lat' dir='ltr'>muudus</span> <span class='ocrx_word' id='word_1_162' title='bbox 1848 1429 1986 1496; x_wconf 90' lang='lat' dir='ltr'>virtutes</span> <span class='ocrx_word' id='word_1_163' title='bbox 2003 1438 2037 1493; x_wconf 90' lang='lat' dir='ltr'>et</span> <span class='ocrx_word' id='word_1_164' title='bbox 2054 1427 2136 1493; x_wconf 89' lang='lat' dir='ltr'>vitia</span> 
     </span>
     <span class='ocr_line' id='line_1_15' title="bbox 143 1513 1333 1601; baseline 0 -21"><span class='ocrx_word' id='word_1_165' title='bbox 143 1513 209 1580; x_wconf 91' lang='lat' dir='ltr'>hoc</span> <span class='ocrx_word' id='word_1_166' title='bbox 239 1514 384 1581; x_wconf 89' lang='lat' dir='ltr'>hostium</span> <span class='ocrx_word' id='word_1_167' title='bbox 412 1536 519 1599; x_wconf 83' lang='lat' dir='ltr'>genus</span> <span class='ocrx_word' id='word_1_168' title='bbox 547 1516 651 1601; x_wconf 81' lang='lat' dir='ltr'>magis</span> <span class='ocrx_word' id='word_1_169' title='bbox 674 1516 856 1584; x_wconf 88' lang='lat' dir='ltr'>timendum</span> <span class='ocrx_word' id='word_1_170' title='bbox 878 1516 935 1600; x_wconf 92' lang='lat' dir='ltr'>qui</span> <span class='ocrx_word' id='word_1_171' title='bbox 957 1513 1116 1580; x_wconf 89' lang='lat' dir='ltr'>malitiam</span> <span class='ocrx_word' id='word_1_172' title='bbox 1167 1513 1333 1599; x_wconf 89' lang='lat' dir='ltr'>ponderet.</span> 
     </span>
     <span class='ocr_line' id='line_1_16' title="bbox 142 1597 2135 1686; baseline -0.002 -21"><span class='ocrx_word' id='word_1_173' title='bbox 142 1620 241 1665; x_wconf 85' lang='lat' dir='ltr'>suain</span> <span class='ocrx_word' id='word_1_174' title='bbox 257 1609 377 1684; x_wconf 77' lang='lat' dir='ltr'>tegunt</span> <span class='ocrx_word' id='word_1_175' title='bbox 393 1614 427 1667; x_wconf 88' lang='lat' dir='ltr'>et</span> <span class='ocrx_word' id='word_1_176' title='bbox 438 1601 560 1683; x_wconf 83' lang='lat' dir='ltr'>fovent,</span> <span class='ocrx_word' id='word_1_177' title='bbox 578 1624 678 1684; x_wconf 90' lang='lat' dir='ltr'>seque</span> <span class='ocrx_word' id='word_1_178' title='bbox 689 1603 859 1669; x_wconf 91' lang='lat' dir='ltr'>insinuant</span> <span class='ocrx_word' id='word_1_179' title='bbox 869 1601 910 1666; x_wconf 92' lang='lat' dir='ltr'>ad</span> <span class='ocrx_word' id='word_1_180' title='bbox 923 1599 1115 1666; x_wconf 91' lang='lat' dir='ltr'>nocendum.</span> <span class='ocrx_word' id='word_1_181' title='bbox 1255 1601 1307 1666; x_wconf 92' lang='grc'>10.</span> <span class='ocrx_word' id='word_1_182' title='bbox 1341 1599 1465 1686; x_wconf 81' lang='lat' dir='ltr'>(Etiam</span> <span class='ocrx_word' id='word_1_183' title='bbox 1503 1600 1590 1667; x_wconf 78' lang='lat' dir='ltr'>horim</span> <span class='ocrx_word' id='word_1_184' title='bbox 1623 1600 1718 1682; x_wconf 74' lang='lat' dir='ltr'>pacis</span> <span class='ocrx_word' id='word_1_185' title='bbox 1750 1598 1859 1686; x_wconf 85' lang='lat' dir='ltr'>meae.)</span> <span class='ocrx_word' id='word_1_186' title='bbox 1909 1599 2007 1665; x_wconf 90' lang='lat' dir='ltr'>Hanc</span> <span class='ocrx_word' id='word_1_187' title='bbox 2042 1597 2135 1681; x_wconf 90' lang='lat' dir='ltr'>qnasi</span> 
     </span>
     <span class='ocr_line' id='line_1_17' title="bbox 144 1683 2136 1772; baseline -0.002 -21"><span class='ocrx_word' id='word_1_188' title='bbox 144 1684 326 1770; x_wconf 89' lang='lat' dir='ltr'>Postquam</span> <span class='ocrx_word' id='word_1_189' title='bbox 356 1708 434 1772; x_wconf 84' lang='lat' dir='ltr'>ergo</span> <span class='ocrx_word' id='word_1_190' title='bbox 460 1688 500 1753; x_wconf 92' lang='lat' dir='ltr'>de</span> <span class='ocrx_word' id='word_1_191' title='bbox 532 1687 679 1755; x_wconf 86' lang='lat' dir='ltr'>hostibus</span> <span class='ocrx_word' id='word_1_192' title='bbox 709 1689 893 1754; x_wconf 76' lang='lat' dir='ltr'>manifestis</span> <span class='ocrx_word' id='word_1_193' title='bbox 919 1694 1117 1769; x_wconf 87' lang='lat' dir='ltr'>conquestus</span> <span class='ocrx_word' id='word_1_194' title='bbox 1168 1686 1328 1752; x_wconf 89' lang='lat' dir='ltr'>malorum</span> <span class='ocrx_word' id='word_1_195' title='bbox 1351 1687 1531 1753; x_wconf 86' lang='lat' dir='ltr'>clausulam</span> <span class='ocrx_word' id='word_1_196' title='bbox 1554 1686 1647 1770; x_wconf 90' lang='lat' dir='ltr'>ponit</span> <span class='ocrx_word' id='word_1_197' title='bbox 1664 1685 1784 1764; x_wconf 91' lang='lat' dir='ltr'>David,</span> <span class='ocrx_word' id='word_1_198' title='bbox 1806 1683 1893 1768; x_wconf 88' lang='lat' dir='ltr'>quod</span> <span class='ocrx_word' id='word_1_199' title='bbox 1911 1686 1944 1750; x_wconf 91' lang='lat' dir='ltr'>in</span> <span class='ocrx_word' id='word_1_200' title='bbox 1962 1683 2136 1769; x_wconf 88' lang='lat' dir='ltr'>praecipuo</span> 
     </span>
     <span class='ocr_line' id='line_1_18' title="bbox 143 1768 2137 1856; baseline -0.003 -18"><span class='ocrx_word' id='word_1_201' title='bbox 143 1778 207 1849; x_wconf 88' lang='lat' dir='ltr'>est,</span> <span class='ocrx_word' id='word_1_202' title='bbox 236 1770 279 1836; x_wconf 91' lang='lat' dir='ltr'>ad</span> <span class='ocrx_word' id='word_1_203' title='bbox 307 1772 477 1838; x_wconf 89' lang='lat' dir='ltr'>simulatos</span> <span class='ocrx_word' id='word_1_204' title='bbox 499 1774 618 1840; x_wconf 89' lang='lat' dir='ltr'>amieos</span> <span class='ocrx_word' id='word_1_205' title='bbox 641 1773 818 1854; x_wconf 87' lang='lat' dir='ltr'>descendit,</span> <span class='ocrx_word' id='word_1_206' title='bbox 847 1794 928 1856; x_wconf 90' lang='lat' dir='ltr'>quos</span> <span class='ocrx_word' id='word_1_207' title='bbox 951 1772 1031 1839; x_wconf 83' lang='lat' dir='ltr'>dicit</span> <span class='ocrx_word' id='word_1_208' title='bbox 1050 1790 1116 1835; x_wconf 89' lang='lat' dir='ltr'>uon</span> <span class='ocrx_word' id='word_1_209' title='bbox 1168 1772 1289 1849; x_wconf 87' lang='lat' dir='ltr'>amieo,</span> <span class='ocrx_word' id='word_1_210' title='bbox 1322 1773 1374 1838; x_wconf 92' lang='lat' dir='ltr'>vel</span> <span class='ocrx_word' id='word_1_211' title='bbox 1408 1773 1508 1838; x_wconf 88' lang='lat' dir='ltr'>etiam</span> <span class='ocrx_word' id='word_1_212' title='bbox 1541 1771 1699 1856; x_wconf 89' lang='lat' dir='ltr'>pluribus,</span> <span class='ocrx_word' id='word_1_213' title='bbox 1733 1771 1871 1837; x_wconf 91' lang='lat' dir='ltr'>eandem</span> <span class='ocrx_word' id='word_1_214' title='bbox 1905 1780 2060 1854; x_wconf 87' lang='lat' dir='ltr'>expertus</span> <span class='ocrx_word' id='word_1_215' title='bbox 2092 1768 2137 1834; x_wconf 89' lang='lat' dir='ltr'>sit</span> 
     </span>
     <span class='ocr_line' id='line_1_19' title="bbox 143 1856 2137 1943; baseline -0.002 -22"><span class='ocrx_word' id='word_1_216' title='bbox 143 1856 211 1922; x_wconf 89' lang='lat' dir='ltr'>alio</span> <span class='ocrx_word' id='word_1_217' title='bbox 229 1858 294 1923; x_wconf 85' lang='lat' dir='ltr'>line</span> <span class='ocrx_word' id='word_1_218' title='bbox 310 1859 435 1938; x_wconf 90' lang='lat' dir='ltr'>venire,</span> <span class='ocrx_word' id='word_1_219' title='bbox 454 1859 518 1924; x_wconf 92' lang='lat' dir='ltr'>nisi</span> <span class='ocrx_word' id='word_1_220' title='bbox 530 1869 568 1925; x_wconf 91' lang='lat' dir='ltr'>nt</span> <span class='ocrx_word' id='word_1_221' title='bbox 577 1860 764 1927; x_wconf 78' lang='lat' dir='ltr'>mendaciter</span> <span class='ocrx_word' id='word_1_222' title='bbox 775 1861 960 1943; x_wconf 77' lang='lat' dir='ltr'>loquentur:</span> <span class='ocrx_word' id='word_1_223' title='bbox 982 1856 1116 1922; x_wconf 90' lang='lat' dir='ltr'>interim</span> <span class='ocrx_word' id='word_1_224' title='bbox 1168 1857 1349 1940; x_wconf 87' lang='lat' dir='ltr'>perfidiam.</span> <span class='ocrx_word' id='word_1_225' title='bbox 1394 1857 1532 1924; x_wconf 90' lang='lat' dir='ltr'>Numeri</span> <span class='ocrx_word' id='word_1_226' title='bbox 1560 1856 1650 1923; x_wconf 89' lang='lat' dir='ltr'>enim</span> <span class='ocrx_word' id='word_1_227' title='bbox 1678 1858 1817 1922; x_wconf 90' lang='lat' dir='ltr'>mutatio</span> <span class='ocrx_word' id='word_1_228' title='bbox 1841 1857 1922 1924; x_wconf 88' lang='lat' dir='ltr'>satis</span> <span class='ocrx_word' id='word_1_229' title='bbox 1944 1856 2065 1922; x_wconf 90' lang='lat' dir='ltr'>usitata</span> <span class='ocrx_word' id='word_1_230' title='bbox 2087 1863 2137 1921; x_wconf 91' lang='lat' dir='ltr'>est</span> 
     </span>
     <span class='ocr_line' id='line_1_20' title="bbox 142 1938 2135 2028; baseline -0.003 -19"><span class='ocrx_word' id='word_1_231' title='bbox 142 1943 279 2010; x_wconf 83' lang='lat' dir='ltr'>fraudes</span> <span class='ocrx_word' id='word_1_232' title='bbox 319 1944 353 2008; x_wconf 91' lang='lat' dir='ltr'>iu</span> <span class='ocrx_word' id='word_1_233' title='bbox 394 1943 546 2011; x_wconf 87' lang='lat' dir='ltr'>cordibus</span> <span class='ocrx_word' id='word_1_234' title='bbox 578 1966 723 2022; x_wconf 90' lang='lat' dir='ltr'>versare,</span> <span class='ocrx_word' id='word_1_235' title='bbox 764 1944 907 2027; x_wconf 91' lang='lat' dir='ltr'>adeoque</span> <span class='ocrx_word' id='word_1_236' title='bbox 939 1944 1023 2011; x_wconf 87' lang='lat' dir='ltr'>elam</span> <span class='ocrx_word' id='word_1_237' title='bbox 1055 1941 1118 2008; x_wconf 76' lang='lat' dir='ltr'>sibi</span> <span class='ocrx_word' id='word_1_238' title='bbox 1168 1944 1340 2023; x_wconf 78' lang='lat' dir='ltr'>Hebraeis,</span> <span class='ocrx_word' id='word_1_239' title='bbox 1369 1951 1407 2008; x_wconf 89' lang='grc' dir='ltr'>ιιι</span> <span class='ocrx_word' id='word_1_240' title='bbox 1436 1943 1476 2009; x_wconf 92' lang='lat' dir='ltr'>de</span> <span class='ocrx_word' id='word_1_241' title='bbox 1506 1941 1652 2028; x_wconf 92' lang='lat' dir='ltr'>pluribus</span> <span class='ocrx_word' id='word_1_242' title='bbox 1682 1943 1860 2027; x_wconf 87' lang='lat' dir='ltr'>loquantur</span> <span class='ocrx_word' id='word_1_243' title='bbox 1881 1943 1975 2026; x_wconf 88' lang='lat' dir='ltr'>quasi</span> <span class='ocrx_word' id='word_1_244' title='bbox 1998 1938 2038 2006; x_wconf 90' lang='lat' dir='ltr'>de</span> <span class='ocrx_word' id='word_1_245' title='bbox 2060 1961 2135 2005; x_wconf 92' lang='lat' dir='ltr'>uno.</span> 
     </span>
     <span class='ocr_line' id='line_1_21' title="bbox 141 2025 2136 2115; baseline -0.004 -19"><span class='ocrx_word' id='word_1_246' title='bbox 141 2048 325 2096; x_wconf 71' lang='lat' dir='ltr'>maecum</span> <span class='ocrx_word' id='word_1_247' title='bbox 338 2029 552 2113; x_wconf 79' lang='lat' dir='ltr'>iniquitatem:</span> <span class='ocrx_word' id='word_1_248' title='bbox 570 2030 743 2115; x_wconf 89' lang='lat' dir='ltr'>perfidiam</span> <span class='ocrx_word' id='word_1_249' title='bbox 762 2052 839 2097; x_wconf 90' lang='lat' dir='ltr'>vero</span> <span class='ocrx_word' id='word_1_250' title='bbox 857 2051 950 2096; x_wconf 90' lang='lat' dir='ltr'>suam</span> <span class='ocrx_word' id='word_1_251' title='bbox 968 2026 1117 2113; x_wconf 88' lang='lat' dir='ltr'>prodere,</span> <span class='ocrx_word' id='word_1_252' title='bbox 1168 2029 1222 2095; x_wconf 90' lang='lat' dir='ltr'>Ita</span> <span class='ocrx_word' id='word_1_253' title='bbox 1250 2050 1366 2096; x_wconf 90' lang='lat' dir='ltr'>sensus</span> <span class='ocrx_word' id='word_1_254' title='bbox 1396 2037 1491 2108; x_wconf 88' lang='lat' dir='ltr'>esset,</span> <span class='ocrx_word' id='word_1_255' title='bbox 1522 2051 1588 2094; x_wconf 92' lang='lat' dir='ltr'>non</span> <span class='ocrx_word' id='word_1_256' title='bbox 1611 2027 1707 2094; x_wconf 91' lang='lat' dir='ltr'>modo</span> <span class='ocrx_word' id='word_1_257' title='bbox 1731 2029 1849 2113; x_wconf 78' lang='lat' dir='ltr'>vulgus</span> <span class='ocrx_word' id='word_1_258' title='bbox 1872 2027 2054 2105; x_wconf 92' lang='lat' dir='ltr'>homiuum,</span> <span class='ocrx_word' id='word_1_259' title='bbox 2083 2025 2136 2090; x_wconf 89' lang='lat' dir='ltr'>vol</span> 
     </span>
     <span class='ocr_line' id='line_1_22' title="bbox 141 2113 2136 2200; baseline -0.003 -20"><span class='ocrx_word' id='word_1_260' title='bbox 141 2113 199 2180; x_wconf 77' lang='lat' dir='ltr'>abi</span> <span class='ocrx_word' id='word_1_261' title='bbox 218 2115 312 2198; x_wconf 76' lang='lat' dir='ltr'>sorae</span> <span class='ocrx_word' id='word_1_262' title='bbox 332 2117 449 2200; x_wconf 75' lang='lat' dir='ltr'>eprecsi</span> <span class='ocrx_word' id='word_1_263' title='bbox 472 2121 554 2183; x_wconf 81' lang='lat' dir='ltr'>sual.</span> <span class='ocrx_word' id='word_1_264' title='bbox 1169 2114 1268 2181; x_wconf 92' lang='lat' dir='ltr'>alieni</span> <span class='ocrx_word' id='word_1_265' title='bbox 1285 2114 1478 2199; x_wconf 88' lang='lat' dir='ltr'>quibuscum</span> <span class='ocrx_word' id='word_1_266' title='bbox 1498 2114 1578 2180; x_wconf 91' lang='lat' dir='ltr'>mihi</span> <span class='ocrx_word' id='word_1_267' title='bbox 1596 2116 1731 2199; x_wconf 86' lang='lat' dir='ltr'>propior</span> <span class='ocrx_word' id='word_1_268' title='bbox 1748 2113 1954 2181; x_wconf 87' lang='lat' dir='ltr'>necessitudo</span> <span class='ocrx_word' id='word_1_269' title='bbox 1972 2133 2040 2177; x_wconf 92' lang='lat' dir='ltr'>uon</span> <span class='ocrx_word' id='word_1_270' title='bbox 2055 2120 2136 2189; x_wconf 89' lang='lat' dir='ltr'>erat,</span> 
     </span>
     <span class='ocr_line' id='line_1_23' title="bbox 1168 2197 2137 2285; baseline -0.004 -18"><span class='ocrx_word' id='word_1_271' title='bbox 1168 2198 1227 2267; x_wconf 89' lang='lat' dir='ltr'>sed</span> <span class='ocrx_word' id='word_1_272' title='bbox 1244 2201 1438 2284; x_wconf 88' lang='lat' dir='ltr'>praecipuus</span> <span class='ocrx_word' id='word_1_273' title='bbox 1456 2200 1592 2285; x_wconf 91' lang='lat' dir='ltr'>quisque</span> <span class='ocrx_word' id='word_1_274' title='bbox 1611 2200 1785 2278; x_wconf 82' lang='lat' dir='ltr'>examicis,</span> <span class='ocrx_word' id='word_1_275' title='bbox 1804 2201 1872 2266; x_wconf 92' lang='lat' dir='ltr'>imo</span> <span class='ocrx_word' id='word_1_276' title='bbox 1887 2198 1950 2282; x_wconf 92' lang='lat' dir='ltr'>ipsi</span> <span class='ocrx_word' id='word_1_277' title='bbox 1962 2197 2137 2264; x_wconf 88' lang='lat' dir='ltr'>familiares</span> 
     </span>
     <span class='ocr_line' id='line_1_24' title="bbox 233 2281 2136 2381; baseline -0.003 -27"><span class='ocrx_word' id='word_1_278' title='bbox 233 2312 263 2379; x_wconf 65' lang='lat'>3,</span> <span class='ocrx_word' id='word_1_279' title='bbox 288 2311 392 2378; x_wconf 63' lang='lat' dir='ltr'><strong><em>Simul</em></strong></span> <span class='ocrx_word' id='word_1_280' title='bbox 418 2314 584 2381; x_wconf 50' lang='lat' dir='ltr'><strong><em>adversum</em></strong></span> <span class='ocrx_word' id='word_1_281' title='bbox 611 2335 660 2380; x_wconf 63' lang='lat' dir='ltr'>me</span> <span class='ocrx_word' id='word_1_282' title='bbox 686 2318 856 2379; x_wconf 55' lang='lat' dir='ltr'>,usurpant</span> <span class='ocrx_word' id='word_1_283' title='bbox 882 2281 998 2378; x_wconf 54' lang='lat' dir='ltr'>,mm</span> <span class='ocrx_word' id='word_1_284' title='bbox 1014 2329 1118 2376; x_wconf 53' lang='lat' dir='ltr'>030,ae</span> <span class='ocrx_word' id='word_1_285' title='bbox 1169 2307 1207 2353; x_wconf 88' lang='lat' dir='ltr'>ac</span> <span class='ocrx_word' id='word_1_286' title='bbox 1229 2286 1407 2363; x_wconf 87' lang='lat' dir='ltr'>domestici,</span> <span class='ocrx_word' id='word_1_287' title='bbox 1429 2306 1511 2369; x_wconf 88' lang='lat' dir='ltr'>quos</span> <span class='ocrx_word' id='word_1_288' title='bbox 1533 2285 1574 2352; x_wconf 93' lang='lat' dir='ltr'>ad</span> <span class='ocrx_word' id='word_1_289' title='bbox 1596 2307 1742 2352; x_wconf 90' lang='lat' dir='ltr'>mensam</span> <span class='ocrx_word' id='word_1_290' title='bbox 1765 2298 1798 2351; x_wconf 92' lang='lat' dir='ltr'>et</span> <span class='ocrx_word' id='word_1_291' title='bbox 1819 2286 2008 2354; x_wconf 89' lang='lat' dir='ltr'>convictum</span> <span class='ocrx_word' id='word_1_292' title='bbox 2026 2303 2136 2349; x_wconf 89' lang='lat' dir='ltr'>meum</span> 
     </span>
     <span class='ocr_line' id='line_1_25' title="bbox 143 2369 2137 2483; baseline -0.004 -43"><span class='ocrx_word' id='word_1_293' title='bbox 143 2398 208 2463; x_wconf 63' lang='grc' dir='ltr'>Μ·</span> <span class='ocrx_word' id='word_1_294' title='bbox 246 2417 342 2480; x_wconf 58' lang='lat' dir='ltr'>supe,</span> <span class='ocrx_word' id='word_1_295' title='bbox 368 2419 417 2464; x_wconf 54' lang='lat' dir='ltr'>me</span> <span class='ocrx_word' id='word_1_296' title='bbox 444 2401 577 2483; x_wconf 58' lang='lat' dir='ltr'>00qu</span> <span class='ocrx_word' id='word_1_297' title='bbox 604 2400 723 2465; x_wconf 62' lang='lat' dir='ltr'><strong><em>malum</em></strong></span> <span class='ocrx_word' id='word_1_298' title='bbox 748 2399 846 2465; x_wconf 37' lang='lat' dir='ltr'><strong><em>mihi„</em></strong></span> <span class='ocrx_word' id='word_1_299' title='bbox 883 2399 913 2464; x_wconf 41' lang='lat'>9·</span> <span class='ocrx_word' id='word_1_300' title='bbox 937 2394 1117 2480; x_wconf 54' lang='lat' dir='ltr'>fraqima)</span> <span class='ocrx_word' id='word_1_301' title='bbox 1170 2370 1296 2452; x_wconf 89' lang='lat' dir='ltr'>admisi,</span> <span class='ocrx_word' id='word_1_302' title='bbox 1328 2371 1560 2438; x_wconf 85' lang='lat' dir='ltr'>contumeliose</span> <span class='ocrx_word' id='word_1_303' title='bbox 1586 2372 1669 2438; x_wconf 92' lang='lat' dir='ltr'>mihi</span> <span class='ocrx_word' id='word_1_304' title='bbox 1698 2371 1868 2438; x_wconf 89' lang='lat' dir='ltr'>insultant.</span> <span class='ocrx_word' id='word_1_305' title='bbox 1920 2370 2019 2435; x_wconf 86' lang='lat' dir='ltr'>Viros</span> <span class='ocrx_word' id='word_1_306' title='bbox 2047 2369 2137 2449; x_wconf 88' lang='lat' dir='ltr'>pacis</span> 
     </span>
     <span class='ocr_line' id='line_1_26' title="bbox 145 2448 2136 2568; baseline -0.003 -45"><span class='ocrx_word' id='word_1_307' title='bbox 145 2448 262 2550; x_wconf 72' lang='lat' dir='ltr'>Belial</span> <span class='ocrx_word' id='word_1_308' title='bbox 288 2483 436 2551; x_wconf 58' lang='lat' dir='ltr'>adhaere,</span> <span class='ocrx_word' id='word_1_309' title='bbox 457 2487 486 2550; x_wconf 48' lang='grc' dir='ltr'>εἰ</span> <span class='ocrx_word' id='word_1_310' title='bbox 525 2487 628 2568; x_wconf 54' lang='lat' dir='ltr'>etqui</span> <span class='ocrx_word' id='word_1_311' title='bbox 648 2486 728 2551; x_wconf 58' lang='lat' dir='ltr'><strong><em>iace,</em></strong></span> <span class='ocrx_word' id='word_1_312' title='bbox 759 2505 823 2551; x_wconf 66' lang='lat' dir='ltr'>mm</span> <span class='ocrx_word' id='word_1_313' title='bbox 845 2485 937 2550; x_wconf 53' lang='lat' dir='ltr'><strong><em>addet</em></strong></span> <span class='ocrx_word' id='word_1_314' title='bbox 956 2487 992 2548; x_wconf 39' lang='grc' dir='ltr'>,ιι</span> <span class='ocrx_word' id='word_1_315' title='bbox 1012 2502 1117 2548; x_wconf 55' lang='lat' dir='ltr'>resur,</span> <span class='ocrx_word' id='word_1_316' title='bbox 1170 2457 1314 2524; x_wconf 89' lang='lat' dir='ltr'>Hebraei</span> <span class='ocrx_word' id='word_1_317' title='bbox 1342 2457 1517 2523; x_wconf 90' lang='lat' dir='ltr'>nominant</span> <span class='ocrx_word' id='word_1_318' title='bbox 1545 2458 1745 2543; x_wconf 90' lang='lat' dir='ltr'>propinquos</span> <span class='ocrx_word' id='word_1_319' title='bbox 1771 2469 1804 2524; x_wconf 89' lang='lat' dir='ltr'>et</span> <span class='ocrx_word' id='word_1_320' title='bbox 1831 2457 1958 2534; x_wconf 85' lang='lat' dir='ltr'>affines,</span> <span class='ocrx_word' id='word_1_321' title='bbox 1988 2454 2046 2520; x_wconf 95' lang='lat' dir='ltr'>sed</span> <span class='ocrx_word' id='word_1_322' title='bbox 2074 2453 2136 2519; x_wconf 92' lang='lat' dir='ltr'>hoo</span> 
     </span>
     <span class='ocr_line' id='line_1_27' title="bbox 142 2535 2135 2657; baseline -0.003 -48"><span class='ocrx_word' id='word_1_323' title='bbox 142 2574 208 2654; x_wconf 46' lang='lat'>903·</span> <span class='ocrx_word' id='word_1_324' title='bbox 255 2570 305 2635; x_wconf 42' lang='lat'>10·</span> <span class='ocrx_word' id='word_1_325' title='bbox 328 2558 438 2636; x_wconf 42' lang='lat' dir='ltr'><strong><em>Etiam</em></strong></span> <span class='ocrx_word' id='word_1_326' title='bbox 470 2535 558 2636; x_wconf 49' lang='lat' dir='ltr'><em>domo</em></span> <span class='ocrx_word' id='word_1_327' title='bbox 584 2573 679 2657; x_wconf 48' lang='grc' dir='ltr'>ΡΜ</span> <span class='ocrx_word' id='word_1_328' title='bbox 705 2537 791 2637; x_wconf 63' lang='lat' dir='ltr'>m&#39;m</span> <span class='ocrx_word' id='word_1_329' title='bbox 822 2572 858 2636; x_wconf 47' lang='grc' dir='ltr'>ἐκ</span> <span class='ocrx_word' id='word_1_330' title='bbox 890 2588 950 2653; x_wconf 60' lang='lat' dir='ltr'>quo</span> <span class='ocrx_word' id='word_1_331' title='bbox 980 2567 1118 2651; x_wconf 52' lang='lat' dir='ltr'>speravi,</span> <span class='ocrx_word' id='word_1_332' title='bbox 1170 2543 1343 2609; x_wconf 90' lang='lat' dir='ltr'>sanctioris</span> <span class='ocrx_word' id='word_1_333' title='bbox 1375 2545 1536 2613; x_wconf 92' lang='lat' dir='ltr'>amicitiae</span> <span class='ocrx_word' id='word_1_334' title='bbox 1565 2543 1760 2629; x_wconf 88' lang='lat' dir='ltr'>symbolum,</span> <span class='ocrx_word' id='word_1_335' title='bbox 1785 2562 1901 2625; x_wconf 82' lang='lat' dir='ltr'>panem</span> <span class='ocrx_word' id='word_1_336' title='bbox 1922 2539 2062 2607; x_wconf 90' lang='lat' dir='ltr'>Davidis</span> <span class='ocrx_word' id='word_1_337' title='bbox 2090 2558 2135 2605; x_wconf 80' lang='lat' dir='ltr'>eo</span> 
     </span>
    </p>
   </div>
   <div class='ocr_carea' id='block_1_5' title="bbox 144 2625 2136 2798">
    <p class='ocr_par' dir='ltr' id='par_1_5' title="bbox 144 2625 2136 2798">
     <span class='ocr_line' id='line_1_28' title="bbox 144 2625 2135 2737; baseline -0.013 -23"><span class='ocrx_word' id='word_1_338' title='bbox 144 2655 306 2721; x_wconf 67' lang='lat' dir='ltr'>medens</span> <span class='ocrx_word' id='word_1_339' title='bbox 327 2674 445 2736; x_wconf 69' lang='lat' dir='ltr'>panem</span> <span class='ocrx_word' id='word_1_340' title='bbox 465 2676 577 2737; x_wconf 66' lang='lat' dir='ltr'>mum,</span> <span class='ocrx_word' id='word_1_341' title='bbox 606 2662 712 2725; x_wconf 58' lang='lat' dir='ltr'>mera</span> <span class='ocrx_word' id='word_1_342' title='bbox 731 2677 780 2722; x_wconf 58' lang='lat' dir='ltr'>m,</span> <span class='ocrx_word' id='word_1_343' title='bbox 800 2656 909 2723; x_wconf 55' lang='lat' dir='ltr'>mm</span> <span class='ocrx_word' id='word_1_344' title='bbox 930 2655 1117 2721; x_wconf 47' lang='lat' dir='ltr'>calcaneum,</span> <span class='ocrx_word' id='word_1_345' title='bbox 1169 2629 1301 2696; x_wconf 79' lang='lat' dir='ltr'>medere:</span> <span class='ocrx_word' id='word_1_346' title='bbox 1331 2629 1409 2714; x_wconf 92' lang='lat' dir='ltr'>quia</span> <span class='ocrx_word' id='word_1_347' title='bbox 1430 2629 1566 2730; x_wconf 73' lang='lat' dir='ltr'>perinde</span> <span class='ocrx_word' id='word_1_348' title='bbox 1581 2628 1679 2730; x_wconf 73' lang='lat' dir='ltr'>⁸valet</span> <span class='ocrx_word' id='word_1_349' title='bbox 1701 2651 1739 2696; x_wconf 90' lang='lat' dir='ltr'>ao</span> <span class='ocrx_word' id='word_1_350' title='bbox 1760 2629 1789 2694; x_wconf 92' lang='lat' dir='ltr'>ei</span> <span class='ocrx_word' id='word_1_351' title='bbox 1812 2627 1942 2729; x_wconf 63' lang='lat' dir='ltr'>boaret,</span> <span class='ocrx_word' id='word_1_352' title='bbox 1964 2625 2135 2726; x_wconf 88' lang='lat' dir='ltr'>contuber-</span> 
     </span>
     <span class='ocr_line' id='line_1_29' title="bbox 1170 2709 2136 2798; baseline -0.006 -18"><span class='ocrx_word' id='word_1_353' title='bbox 1170 2715 1289 2781; x_wconf 89' lang='lat' dir='ltr'>nalem.</span> <span class='ocrx_word' id='word_1_354' title='bbox 1342 2715 1440 2798; x_wconf 79' lang='lat' dir='ltr'>Quod</span> <span class='ocrx_word' id='word_1_355' title='bbox 1474 2738 1503 2782; x_wconf 86' lang='lat' dir='ltr'>sr</span> <span class='ocrx_word' id='word_1_356' title='bbox 1535 2737 1607 2798; x_wconf 84' lang='lat' dir='ltr'>qurs</span> <span class='ocrx_word' id='word_1_357' title='bbox 1642 2716 1682 2781; x_wconf 92' lang='lat' dir='ltr'>de</span> <span class='ocrx_word' id='word_1_358' title='bbox 1712 2723 1802 2782; x_wconf 84' lang='lat' dir='ltr'>certo</span> <span class='ocrx_word' id='word_1_359' title='bbox 1831 2716 1942 2798; x_wconf 81' lang='lat' dir='ltr'>aliquo</span> <span class='ocrx_word' id='word_1_360' title='bbox 1970 2709 2136 2796; x_wconf 83' lang='lat' dir='ltr'>proditore</span> 
     </span>
    </p>
   </div>
   <div class='ocr_carea' id='block_1_6' title="bbox 144 2849 1120 5165">
    <p class='ocr_par' dir='ltr' id='par_1_6' title="bbox 144 2849 1119 4375">
     <span class='ocr_line' id='line_1_30' title="bbox 234 2849 1119 2937; baseline -0.003 -18"><span class='ocrx_word' id='word_1_361' title='bbox 234 2852 266 2919; x_wconf 87' lang='lat'>8.</span> <span class='ocrx_word' id='word_1_362' title='bbox 286 2849 407 2937; x_wconf 79' lang='lat' dir='ltr'>(Simul</span> <span class='ocrx_word' id='word_1_363' title='bbox 427 2854 594 2920; x_wconf 60' lang='lat' dir='ltr'>moeream</span> <span class='ocrx_word' id='word_1_364' title='bbox 615 2874 672 2933; x_wconf 79' lang='lat' dir='ltr'>ose,</span> <span class='ocrx_word' id='word_1_365' title='bbox 695 2852 763 2936; x_wconf 86' lang='lat' dir='ltr'>ete.)</span> <span class='ocrx_word' id='word_1_366' title='bbox 798 2852 1007 2919; x_wconf 86' lang='lat' dir='ltr'>Generaliter</span> <span class='ocrx_word' id='word_1_367' title='bbox 1029 2872 1119 2917; x_wconf 90' lang='lat' dir='ltr'>nunc</span> 
     </span>
     <span class='ocr_line' id='line_1_31' title="bbox 147 2936 1118 3023; baseline -0.002 -20"><span class='ocrx_word' id='word_1_368' title='bbox 147 2936 282 3003; x_wconf 89' lang='lat' dir='ltr'>videtur</span> <span class='ocrx_word' id='word_1_369' title='bbox 303 2946 459 3020; x_wconf 90' lang='lat' dir='ltr'>utrosque</span> <span class='ocrx_word' id='word_1_370' title='bbox 477 2939 659 3023; x_wconf 89' lang='lat' dir='ltr'>complecti,</span> <span class='ocrx_word' id='word_1_371' title='bbox 682 2946 749 3004; x_wconf 90' lang='lat' dir='ltr'>tam</span> <span class='ocrx_word' id='word_1_372' title='bbox 768 2940 823 3022; x_wconf 89' lang='lat' dir='ltr'>qui</span> <span class='ocrx_word' id='word_1_373' title='bbox 841 2939 950 3022; x_wconf 91' lang='lat' dir='ltr'>palam</span> <span class='ocrx_word' id='word_1_374' title='bbox 968 2947 1002 3002; x_wconf 92' lang='lat' dir='ltr'>et</span> <span class='ocrx_word' id='word_1_375' title='bbox 1016 2938 1118 3003; x_wconf 91' lang='lat' dir='ltr'>hosti·</span> 
     </span>
     <span class='ocr_line' id='line_1_32' title="bbox 145 3023 1118 3109; baseline -0.002 -19"><span class='ocrx_word' id='word_1_376' title='bbox 145 3023 225 3090; x_wconf 90' lang='lat' dir='ltr'>liter</span> <span class='ocrx_word' id='word_1_377' title='bbox 246 3024 419 3090; x_wconf 83' lang='lat' dir='ltr'>tentabant</span> <span class='ocrx_word' id='word_1_378' title='bbox 440 3045 515 3090; x_wconf 90' lang='lat' dir='ltr'>eum</span> <span class='ocrx_word' id='word_1_379' title='bbox 537 3027 730 3109; x_wconf 87' lang='lat' dir='ltr'>opprimere,</span> <span class='ocrx_word' id='word_1_380' title='bbox 755 3045 853 3106; x_wconf 91' lang='lat' dir='ltr'>quam</span> <span class='ocrx_word' id='word_1_381' title='bbox 875 3023 932 3107; x_wconf 91' lang='lat' dir='ltr'>qui</span> <span class='ocrx_word' id='word_1_382' title='bbox 954 3023 1014 3089; x_wconf 90' lang='lat' dir='ltr'>sub</span> <span class='ocrx_word' id='word_1_383' title='bbox 1037 3024 1118 3089; x_wconf 91' lang='lat' dir='ltr'>ami·</span> 
     </span>
     <span class='ocr_line' id='line_1_33' title="bbox 146 3108 1119 3194; baseline -0.002 -20"><span class='ocrx_word' id='word_1_384' title='bbox 146 3109 252 3185; x_wconf 78' lang='lat' dir='ltr'>citiae,</span> <span class='ocrx_word' id='word_1_385' title='bbox 267 3119 442 3193; x_wconf 84' lang='lat' dir='ltr'>praetextu</span> <span class='ocrx_word' id='word_1_386' title='bbox 464 3109 572 3177; x_wconf 92' lang='lat' dir='ltr'>dolose</span> <span class='ocrx_word' id='word_1_387' title='bbox 595 3121 629 3176; x_wconf 91' lang='lat' dir='ltr'>et</span> <span class='ocrx_word' id='word_1_388' title='bbox 650 3130 708 3194; x_wconf 92' lang='lat' dir='ltr'>per</span> <span class='ocrx_word' id='word_1_389' title='bbox 730 3108 864 3176; x_wconf 90' lang='lat' dir='ltr'>iusidias</span> <span class='ocrx_word' id='word_1_390' title='bbox 884 3109 971 3174; x_wconf 90' lang='lat' dir='ltr'>idem</span> <span class='ocrx_word' id='word_1_391' title='bbox 994 3108 1119 3173; x_wconf 89' lang='lat' dir='ltr'>machi·</span> 
     </span>
     <span class='ocr_line' id='line_1_34' title="bbox 147 3193 1117 3279; baseline 0 -20"><span class='ocrx_word' id='word_1_392' title='bbox 147 3193 325 3260; x_wconf 80' lang='lat' dir='ltr'>nubantur.</span> <span class='ocrx_word' id='word_1_393' title='bbox 376 3196 466 3262; x_wconf 88' lang='lat' dir='ltr'>Dicit</span> <span class='ocrx_word' id='word_1_394' title='bbox 495 3217 573 3279; x_wconf 84' lang='lat' dir='ltr'>ergo</span> <span class='ocrx_word' id='word_1_395' title='bbox 604 3195 644 3261; x_wconf 90' lang='lat' dir='ltr'>de</span> <span class='ocrx_word' id='word_1_396' title='bbox 666 3217 724 3260; x_wconf 90' lang='lat' dir='ltr'>suo</span> <span class='ocrx_word' id='word_1_397' title='bbox 752 3196 853 3261; x_wconf 84' lang='lat' dir='ltr'>exitio</span> <span class='ocrx_word' id='word_1_398' title='bbox 883 3214 1050 3260; x_wconf 90' lang='lat' dir='ltr'>sermones</span> <span class='ocrx_word' id='word_1_399' title='bbox 1077 3194 1117 3259; x_wconf 90' lang='lat' dir='ltr'>ab</span> 
     </span>
     <span class='ocr_line' id='line_1_35' title="bbox 147 3278 1119 3361; baseline -0.004 -15"><span class='ocrx_word' id='word_1_400' title='bbox 147 3281 302 3347; x_wconf 89' lang='lat' dir='ltr'>omnibus</span> <span class='ocrx_word' id='word_1_401' title='bbox 338 3281 490 3357; x_wconf 78' lang='lat' dir='ltr'>conferri,</span> <span class='ocrx_word' id='word_1_402' title='bbox 529 3283 625 3347; x_wconf 89' lang='lat' dir='ltr'>sicuti</span> <span class='ocrx_word' id='word_1_403' title='bbox 663 3281 776 3345; x_wconf 90' lang='lat' dir='ltr'>multis</span> <span class='ocrx_word' id='word_1_404' title='bbox 805 3280 949 3345; x_wconf 92' lang='lat' dir='ltr'>susurris</span> <span class='ocrx_word' id='word_1_405' title='bbox 977 3278 1119 3361; x_wconf 89' lang='lat' dir='ltr'>improbi</span> 
     </span>
     <span class='ocr_line' id='line_1_36' title="bbox 147 3364 1117 3451; baseline -0.004 -18"><span class='ocrx_word' id='word_1_406' title='bbox 147 3367 299 3433; x_wconf 91' lang='lat' dir='ltr'>homines</span> <span class='ocrx_word' id='word_1_407' title='bbox 339 3366 427 3432; x_wconf 90' lang='lat' dir='ltr'>ultro</span> <span class='ocrx_word' id='word_1_408' title='bbox 463 3367 613 3451; x_wconf 90' lang='lat' dir='ltr'>citroque</span> <span class='ocrx_word' id='word_1_409' title='bbox 645 3388 721 3432; x_wconf 86' lang='lat' dir='ltr'>suas</span> <span class='ocrx_word' id='word_1_410' title='bbox 753 3365 951 3448; x_wconf 91' lang='lat' dir='ltr'>proditiones</span> <span class='ocrx_word' id='word_1_411' title='bbox 980 3364 1117 3448; x_wconf 82' lang='lat' dir='ltr'>agitant.</span> 
     </span>
     <span class='ocr_line' id='line_1_37' title="bbox 146 3450 1119 3537; baseline -0.001 -20"><span class='ocrx_word' id='word_1_412' title='bbox 146 3451 229 3518; x_wconf 88' lang='lat' dir='ltr'>Ideo</span> <span class='ocrx_word' id='word_1_413' title='bbox 250 3450 341 3518; x_wconf 86' lang='lat' dir='ltr'>addit</span> <span class='ocrx_word' id='word_1_414' title='bbox 362 3453 521 3537; x_wconf 52' lang='lat' dir='ltr'>contendi</span> <span class='ocrx_word' id='word_1_415' title='bbox 543 3452 690 3530; x_wconf 91' lang='lat' dir='ltr'>verbum,</span> <span class='ocrx_word' id='word_1_416' title='bbox 719 3472 782 3534; x_wconf 93' lang='lat' dir='ltr'>quo</span> <span class='ocrx_word' id='word_1_417' title='bbox 805 3471 975 3533; x_wconf 87' lang='lat' dir='ltr'>perversas</span> <span class='ocrx_word' id='word_1_418' title='bbox 997 3461 1030 3515; x_wconf 89' lang='lat' dir='ltr'>et</span> <span class='ocrx_word' id='word_1_419' title='bbox 1052 3470 1119 3516; x_wconf 89' lang='lat' dir='ltr'>sce·</span> 
     </span>
     <span class='ocr_line' id='line_1_38' title="bbox 147 3535 1119 3617; baseline -0.001 -16"><span class='ocrx_word' id='word_1_420' title='bbox 147 3538 248 3604; x_wconf 86' lang='lat' dir='ltr'>laetas</span> <span class='ocrx_word' id='word_1_421' title='bbox 280 3558 394 3604; x_wconf 90' lang='lat' dir='ltr'>eorum</span> <span class='ocrx_word' id='word_1_422' title='bbox 427 3539 683 3604; x_wconf 89' lang='lat' dir='ltr'>consultationes</span> <span class='ocrx_word' id='word_1_423' title='bbox 715 3545 816 3602; x_wconf 91' lang='lat' dir='ltr'>notat.</span> <span class='ocrx_word' id='word_1_424' title='bbox 877 3535 1046 3617; x_wconf 79' lang='lat' dir='ltr'>Ceterum,</span> <span class='ocrx_word' id='word_1_425' title='bbox 1077 3555 1119 3601; x_wconf 82' lang='lat' dir='ltr'>ex</span> 
     </span>
     <span class='ocr_line' id='line_1_39' title="bbox 146 3622 1118 3708; baseline -0.002 -19"><span class='ocrx_word' id='word_1_426' title='bbox 146 3624 302 3708; x_wconf 86' lang='lat' dir='ltr'>proximo</span> <span class='ocrx_word' id='word_1_427' title='bbox 331 3644 431 3690; x_wconf 88' lang='lat' dir='ltr'>versu</span> <span class='ocrx_word' id='word_1_428' title='bbox 460 3632 561 3708; x_wconf 88' lang='lat' dir='ltr'>patet,</span> <span class='ocrx_word' id='word_1_429' title='bbox 590 3623 663 3690; x_wconf 91' lang='lat' dir='ltr'>ideo</span> <span class='ocrx_word' id='word_1_430' title='bbox 691 3623 738 3690; x_wconf 92' lang='lat' dir='ltr'>sic</span> <span class='ocrx_word' id='word_1_431' title='bbox 764 3623 968 3706; x_wconf 90' lang='lat' dir='ltr'>conspirasse</span> <span class='ocrx_word' id='word_1_432' title='bbox 989 3622 1026 3686; x_wconf 92' lang='lat' dir='ltr'>in</span> <span class='ocrx_word' id='word_1_433' title='bbox 1048 3622 1118 3688; x_wconf 90' lang='lat' dir='ltr'>eins</span> 
     </span>
     <span class='ocr_line' id='line_1_40' title="bbox 147 3706 1116 3797; baseline -0.004 -21"><span class='ocrx_word' id='word_1_434' title='bbox 147 3710 339 3797; x_wconf 85' lang='lat' dir='ltr'>perniciem,</span> <span class='ocrx_word' id='word_1_435' title='bbox 351 3709 437 3794; x_wconf 92' lang='lat' dir='ltr'>qnod</span> <span class='ocrx_word' id='word_1_436' title='bbox 445 3706 794 3793; x_wconf 84' lang='lat' dir='ltr'>reprobumhominem</span> <span class='ocrx_word' id='word_1_437' title='bbox 804 3707 1116 3793; x_wconf 87' lang='lat' dir='ltr'>ducerentdiguum·</span> 
     </span>
     <span class='ocr_line' id='line_1_41' title="bbox 144 3794 1118 3878; baseline -0.003 -16"><span class='ocrx_word' id='word_1_438' title='bbox 144 3816 209 3878; x_wconf 92' lang='lat' dir='ltr'>que</span> <span class='ocrx_word' id='word_1_439' title='bbox 231 3796 322 3861; x_wconf 92' lang='lat' dir='ltr'>mille</span> <span class='ocrx_word' id='word_1_440' title='bbox 346 3798 515 3862; x_wconf 92' lang='lat' dir='ltr'>mortibus.</span> <span class='ocrx_word' id='word_1_441' title='bbox 554 3800 666 3878; x_wconf 82' lang='lat' dir='ltr'>Atque</span> <span class='ocrx_word' id='word_1_442' title='bbox 687 3796 769 3861; x_wconf 91' lang='lat' dir='ltr'>haec</span> <span class='ocrx_word' id='word_1_443' title='bbox 785 3794 932 3875; x_wconf 74' lang='lat' dir='ltr'>‘superba</span> <span class='ocrx_word' id='word_1_444' title='bbox 949 3794 1118 3859; x_wconf 91' lang='lat' dir='ltr'>insultatio</span> 
     </span>
     <span class='ocr_line' id='line_1_42' title="bbox 147 3880 1117 3965; baseline -0.002 -18"><span class='ocrx_word' id='word_1_445' title='bbox 147 3902 191 3947; x_wconf 85' lang='lat' dir='ltr'>ex</span> <span class='ocrx_word' id='word_1_446' title='bbox 212 3880 357 3965; x_wconf 82' lang='lat' dir='ltr'>maligno</span> <span class='ocrx_word' id='word_1_447' title='bbox 378 3881 435 3947; x_wconf 91' lang='lat' dir='ltr'>illo</span> <span class='ocrx_word' id='word_1_448' title='bbox 456 3881 577 3948; x_wconf 90' lang='lat' dir='ltr'>iudicio</span> <span class='ocrx_word' id='word_1_449' title='bbox 600 3881 772 3958; x_wconf 86' lang='lat' dir='ltr'>oriebatur,</span> <span class='ocrx_word' id='word_1_450' title='bbox 795 3881 887 3946; x_wconf 92' lang='lat' dir='ltr'>cuius</span> <span class='ocrx_word' id='word_1_451' title='bbox 905 3881 938 3944; x_wconf 93' lang='lat' dir='ltr'>in</span> <span class='ocrx_word' id='word_1_452' title='bbox 957 3880 1117 3961; x_wconf 87' lang='lat' dir='ltr'>principio</span> 
     </span>
     <span class='ocr_line' id='line_1_43' title="bbox 146 3964 1118 4052; baseline -0.003 -19"><span class='ocrx_word' id='word_1_453' title='bbox 146 3966 274 4033; x_wconf 90' lang='lat' dir='ltr'>Psalmi</span> <span class='ocrx_word' id='word_1_454' title='bbox 296 3967 458 4032; x_wconf 78' lang='lat' dir='ltr'>meminit</span> <span class='ocrx_word' id='word_1_455' title='bbox 492 3967 620 4034; x_wconf 85' lang='lat' dir='ltr'>Dicunt</span> <span class='ocrx_word' id='word_1_456' title='bbox 642 3988 719 4052; x_wconf 82' lang='lat' dir='ltr'>ergo</span> <span class='ocrx_word' id='word_1_457' title='bbox 736 3966 863 4049; x_wconf 73' lang='lat' dir='ltr'>facinus</span> <span class='ocrx_word' id='word_1_458' title='bbox 880 3964 989 4031; x_wconf 83' lang='lat' dir='ltr'>Belial</span> <span class='ocrx_word' id='word_1_459' title='bbox 1007 3974 1118 4030; x_wconf 90' lang='lat' dir='ltr'>tenere</span> 
     </span>
     <span class='ocr_line' id='line_1_44' title="bbox 147 4050 1117 4119; baseline -0.003 -1"><span class='ocrx_word' id='word_1_460' title='bbox 147 4072 226 4118; x_wconf 90' lang='lat' dir='ltr'>enm</span> <span class='ocrx_word' id='word_1_461' title='bbox 266 4052 455 4118; x_wconf 89' lang='lat' dir='ltr'>conclusum</span> <span class='ocrx_word' id='word_1_462' title='bbox 496 4062 528 4117; x_wconf 88' lang='lat' dir='ltr'>et</span> <span class='ocrx_word' id='word_1_463' title='bbox 568 4051 661 4119; x_wconf 93' lang='lat' dir='ltr'>velut</span> <span class='ocrx_word' id='word_1_464' title='bbox 693 4061 868 4118; x_wconf 86' lang='lat' dir='ltr'>coarctare.</span> <span class='ocrx_word' id='word_1_465' title='bbox 919 4050 994 4116; x_wconf 82' lang='lat' dir='ltr'>Hoc</span> <span class='ocrx_word' id='word_1_466' title='bbox 1030 4051 1117 4116; x_wconf 92' lang='lat' dir='ltr'>euim</span> 
     </span>
     <span class='ocr_line' id='line_1_45' title="bbox 146 4136 1119 4245; baseline -0.003 -41"><span class='ocrx_word' id='word_1_467' title='bbox 146 4136 282 4222; x_wconf 89' lang='lat' dir='ltr'>proprie</span> <span class='ocrx_word' id='word_1_468' title='bbox 315 4139 479 4220; x_wconf 83' lang='lat' dir='ltr'>significat</span> <span class='ocrx_word' id='word_1_469' title='bbox 509 4138 647 4203; x_wconf 89' lang='lat' dir='ltr'>verbum</span> <span class='ocrx_word' id='word_1_470' title='bbox 677 4148 755 4245; x_wconf 53' lang='grc' dir='ltr'>ριν</span> <span class='ocrx_word' id='word_1_471' title='bbox 784 4137 956 4203; x_wconf 89' lang='lat' dir='ltr'>Hebraeis.</span> <span class='ocrx_word' id='word_1_472' title='bbox 1007 4137 1119 4218; x_wconf 78' lang='lat' dir='ltr'>Quan-</span> 
     </span>
     <span class='ocr_line' id='line_1_46' title="bbox 147 4222 1117 4308; baseline -0.001 -19"><span class='ocrx_word' id='word_1_473' title='bbox 147 4245 248 4307; x_wconf 89' lang='lat' dir='ltr'>quam</span> <span class='ocrx_word' id='word_1_474' title='bbox 268 4224 304 4289; x_wconf 93' lang='lat' dir='ltr'>iu</span> <span class='ocrx_word' id='word_1_475' title='bbox 327 4224 477 4291; x_wconf 86' lang='lat' dir='ltr'>versione</span> <span class='ocrx_word' id='word_1_476' title='bbox 500 4236 657 4307; x_wconf 87' lang='lat' dir='ltr'>sequutus</span> <span class='ocrx_word' id='word_1_477' title='bbox 679 4245 753 4289; x_wconf 90' lang='lat' dir='ltr'>sum</span> <span class='ocrx_word' id='word_1_478' title='bbox 775 4222 862 4308; x_wconf 89' lang='lat' dir='ltr'>quud</span> <span class='ocrx_word' id='word_1_479' title='bbox 884 4222 990 4308; x_wconf 85' lang='lat' dir='ltr'>magis</span> <span class='ocrx_word' id='word_1_480' title='bbox 1007 4242 1117 4306; x_wconf 90' lang='lat' dir='ltr'>recep·</span> 
     </span>
     <span class='ocr_line' id='line_1_47' title="bbox 147 4321 325 4375; baseline 0.006 -1"><span class='ocrx_word' id='word_1_481' title='bbox 147 4324 221 4375; x_wconf 85' lang='lat' dir='ltr'>tum</span> <span class='ocrx_word' id='word_1_482' title='bbox 243 4321 325 4375; x_wconf 92' lang='lat' dir='ltr'>erat.</span> 
     </span>
    </p>

    <p class='ocr_par' dir='ltr' id='par_1_7' title="bbox 146 4392 1120 5165">
     <span class='ocr_line' id='line_1_48' title="bbox 235 4392 1119 4482; baseline -0.005 -20"><span class='ocrx_word' id='word_1_483' title='bbox 235 4394 267 4462; x_wconf 85' lang='lat'>9.</span> <span class='ocrx_word' id='word_1_484' title='bbox 289 4393 462 4481; x_wconf 66' lang='lat' dir='ltr'>(seinse</span> <span class='ocrx_word' id='word_1_485' title='bbox 484 4394 537 4482; x_wconf 81' lang='lat' dir='ltr'>ei.)</span> <span class='ocrx_word' id='word_1_486' title='bbox 572 4393 669 4474; x_wconf 76' lang='lat' dir='ltr'>Quod</span> <span class='ocrx_word' id='word_1_487' title='bbox 692 4393 749 4459; x_wconf 88' lang='lat' dir='ltr'>alii</span> <span class='ocrx_word' id='word_1_488' title='bbox 771 4392 923 4477; x_wconf 89' lang='lat' dir='ltr'>reddunt,</span> <span class='ocrx_word' id='word_1_489' title='bbox 946 4392 1061 4460; x_wconf 87' lang='lat' dir='ltr'>fundet</span> <span class='ocrx_word' id='word_1_490' title='bbox 1082 4393 1119 4458; x_wconf 92' lang='lat' dir='ltr'>in</span> 
     </span>
     <span class='ocr_line' id='line_1_49' title="bbox 147 4479 1119 4559; baseline -0.001 -13"><span class='ocrx_word' id='word_1_491' title='bbox 147 4502 234 4559; x_wconf 88' lang='lat' dir='ltr'>euru,</span> <span class='ocrx_word' id='word_1_492' title='bbox 256 4481 355 4547; x_wconf 88' lang='lat' dir='ltr'>nimis</span> <span class='ocrx_word' id='word_1_493' title='bbox 378 4491 525 4547; x_wconf 89' lang='lat' dir='ltr'>coactum</span> <span class='ocrx_word' id='word_1_494' title='bbox 547 4479 691 4547; x_wconf 91' lang='lat' dir='ltr'>videtur.</span> <span class='ocrx_word' id='word_1_495' title='bbox 732 4481 783 4546; x_wconf 91' lang='lat' dir='ltr'>De</span> <span class='ocrx_word' id='word_1_496' title='bbox 805 4500 887 4546; x_wconf 88' lang='lat' dir='ltr'>voce</span> <span class='ocrx_word' id='word_1_497' title='bbox 909 4480 1014 4546; x_wconf 90' lang='lat' dir='ltr'>Belial</span> <span class='ocrx_word' id='word_1_498' title='bbox 1038 4479 1119 4545; x_wconf 87' lang='lat' dir='ltr'>dixi·</span> 
     </span>
     <span class='ocr_line' id='line_1_50' title="bbox 147 4565 1118 4649; baseline 0 -19"><span class='ocrx_word' id='word_1_499' title='bbox 147 4587 232 4645; x_wconf 89' lang='lat' dir='ltr'>mus,</span> <span class='ocrx_word' id='word_1_500' title='bbox 261 4565 394 4633; x_wconf 89' lang='lat' dir='ltr'>Psalmo</span> <span class='ocrx_word' id='word_1_501' title='bbox 417 4569 468 4632; x_wconf 87' lang='lat'>18.</span> <span class='ocrx_word' id='word_1_502' title='bbox 513 4566 600 4647; x_wconf 79' lang='lat' dir='ltr'>Quia</span> <span class='ocrx_word' id='word_1_503' title='bbox 628 4575 737 4631; x_wconf 90' lang='lat' dir='ltr'>autem</span> <span class='ocrx_word' id='word_1_504' title='bbox 760 4567 968 4649; x_wconf 80' lang='lat' dir='ltr'>grammatici</span> <span class='ocrx_word' id='word_1_505' title='bbox 988 4586 1118 4648; x_wconf 91' lang='lat' dir='ltr'>compo-</span> 
     </span>
     <span class='ocr_line' id='line_1_51' title="bbox 147 4629 1118 4750; baseline -0.001 -34"><span class='ocrx_word' id='word_1_506' title='bbox 147 4653 248 4718; x_wconf 90' lang='lat' dir='ltr'>sitam</span> <span class='ocrx_word' id='word_1_507' title='bbox 277 4674 348 4718; x_wconf 89' lang='lat' dir='ltr'>esse</span> <span class='ocrx_word' id='word_1_508' title='bbox 376 4652 491 4718; x_wconf 94' lang='lat' dir='ltr'>volunt</span> <span class='ocrx_word' id='word_1_509' title='bbox 521 4673 562 4717; x_wconf 89' lang='lat' dir='ltr'>ex</span> <span class='ocrx_word' id='word_1_510' title='bbox 591 4629 658 4737; x_wconf 62' lang='grc'>’5)</span> <span class='ocrx_word' id='word_1_511' title='bbox 686 4663 719 4718; x_wconf 93' lang='lat' dir='ltr'>et</span> <span class='ocrx_word' id='word_1_512' title='bbox 747 4631 826 4750; x_wconf 56' lang='lat'>59³,</span> <span class='ocrx_word' id='word_1_513' title='bbox 856 4652 943 4735; x_wconf 92' lang='lat' dir='ltr'>quod</span> <span class='ocrx_word' id='word_1_514' title='bbox 972 4662 1022 4718; x_wconf 91' lang='lat' dir='ltr'>est</span> <span class='ocrx_word' id='word_1_515' title='bbox 1043 4651 1118 4716; x_wconf 91' lang='lat' dir='ltr'>Non</span> 
     </span>
     <span class='ocr_line' id='line_1_52' title="bbox 147 4736 1120 4820; baseline -0.002 -17"><span class='ocrx_word' id='word_1_516' title='bbox 147 4736 363 4818; x_wconf 89' lang='lat' dir='ltr'>adscendere,</span> <span class='ocrx_word' id='word_1_517' title='bbox 395 4739 537 4805; x_wconf 91' lang='lat' dir='ltr'>verbnm</span> <span class='ocrx_word' id='word_1_518' title='bbox 566 4737 690 4805; x_wconf 71' lang='lat' dir='ltr'>Belitae</span> <span class='ocrx_word' id='word_1_519' title='bbox 723 4738 785 4805; x_wconf 89' lang='lat' dir='ltr'>hoe</span> <span class='ocrx_word' id='word_1_520' title='bbox 818 4739 888 4805; x_wconf 90' lang='lat' dir='ltr'>loco</span> <span class='ocrx_word' id='word_1_521' title='bbox 920 4739 1120 4820; x_wconf 85' lang='lat' dir='ltr'>interpretor</span> 
     </span>
     <span class='ocr_line' id='line_1_53' title="bbox 148 4823 1118 4909; baseline -0.003 -19"><span class='ocrx_word' id='word_1_522' title='bbox 148 4823 256 4891; x_wconf 88' lang='lat' dir='ltr'>scelus</span> <span class='ocrx_word' id='word_1_523' title='bbox 279 4824 488 4906; x_wconf 86' lang='lat' dir='ltr'>inexpiabile,</span> <span class='ocrx_word' id='word_1_524' title='bbox 512 4823 564 4890; x_wconf 91' lang='lat' dir='ltr'>vel</span> <span class='ocrx_word' id='word_1_525' title='bbox 583 4846 603 4889; x_wconf 92' lang='lat' dir='ltr'>a</span> <span class='ocrx_word' id='word_1_526' title='bbox 620 4844 685 4907; x_wconf 89' lang='lat' dir='ltr'>quo</span> <span class='ocrx_word' id='word_1_527' title='bbox 703 4845 768 4888; x_wconf 90' lang='lat' dir='ltr'>nou</span> <span class='ocrx_word' id='word_1_528' title='bbox 787 4824 831 4890; x_wconf 92' lang='lat' dir='ltr'>sit</span> <span class='ocrx_word' id='word_1_529' title='bbox 848 4845 1032 4909; x_wconf 80' lang='lat' dir='ltr'>regressus:</span> <span class='ocrx_word' id='word_1_530' title='bbox 1056 4824 1118 4900; x_wconf 87' lang='lat' dir='ltr'>nisi</span> 
     </span>
     <span class='ocr_line' id='line_1_54' title="bbox 147 4909 1119 4993; baseline 0 -20"><span class='ocrx_word' id='word_1_531' title='bbox 147 4910 232 4978; x_wconf 85' lang='lat' dir='ltr'>forte</span> <span class='ocrx_word' id='word_1_532' title='bbox 264 4909 338 4993; x_wconf 89' lang='lat' dir='ltr'>quis</span> <span class='ocrx_word' id='word_1_533' title='bbox 368 4910 409 4974; x_wconf 93' lang='lat' dir='ltr'>ad</span> <span class='ocrx_word' id='word_1_534' title='bbox 438 4909 562 4976; x_wconf 91' lang='lat' dir='ltr'>cladem</span> <span class='ocrx_word' id='word_1_535' title='bbox 591 4911 697 4993; x_wconf 89' lang='lat' dir='ltr'>ipsam</span> <span class='ocrx_word' id='word_1_536' title='bbox 725 4909 850 4976; x_wconf 87' lang='lat' dir='ltr'>referre</span> <span class='ocrx_word' id='word_1_537' title='bbox 878 4911 988 4990; x_wconf 90' lang='lat' dir='ltr'>malit,</span> <span class='ocrx_word' id='word_1_538' title='bbox 1024 4930 1061 4975; x_wconf 92' lang='lat' dir='ltr'>ao</span> <span class='ocrx_word' id='word_1_539' title='bbox 1091 4910 1119 4975; x_wconf 93' lang='lat' dir='ltr'>si</span> 
     </span>
     <span class='ocr_line' id='line_1_55' title="bbox 147 4993 1120 5082; baseline 0 -22"><span class='ocrx_word' id='word_1_540' title='bbox 147 4995 296 5063; x_wconf 90' lang='lat' dir='ltr'>dicerent</span> <span class='ocrx_word' id='word_1_541' title='bbox 318 4993 439 5076; x_wconf 89' lang='lat' dir='ltr'>hostes,</span> <span class='ocrx_word' id='word_1_542' title='bbox 469 4995 556 5061; x_wconf 91' lang='lat' dir='ltr'>malo</span> <span class='ocrx_word' id='word_1_543' title='bbox 578 4995 757 5062; x_wconf 90' lang='lat' dir='ltr'>insanabili</span> <span class='ocrx_word' id='word_1_544' title='bbox 778 4997 970 5082; x_wconf 80' lang='lat' dir='ltr'>constringi.</span> <span class='ocrx_word' id='word_1_545' title='bbox 1016 4993 1120 5074; x_wconf 76' lang='lat' dir='ltr'>Quid·</span> 
     </span>
     <span class='ocr_line' id='line_1_56' title="bbox 146 5078 1120 5165; baseline 0 -18"><span class='ocrx_word' id='word_1_546' title='bbox 146 5078 228 5165; x_wconf 90' lang='lat' dir='ltr'>quid</span> <span class='ocrx_word' id='word_1_547' title='bbox 260 5081 323 5161; x_wconf 92' lang='lat' dir='ltr'>sit,</span> <span class='ocrx_word' id='word_1_548' title='bbox 363 5091 516 5147; x_wconf 90' lang='lat' dir='ltr'>statuunt</span> <span class='ocrx_word' id='word_1_549' title='bbox 548 5081 656 5148; x_wconf 91' lang='lat' dir='ltr'>Deum</span> <span class='ocrx_word' id='word_1_550' title='bbox 692 5103 825 5165; x_wconf 91' lang='lat' dir='ltr'>prorsus</span> <span class='ocrx_word' id='word_1_551' title='bbox 858 5082 1015 5149; x_wconf 88' lang='lat' dir='ltr'>infestum</span> <span class='ocrx_word' id='word_1_552' title='bbox 1049 5102 1120 5149; x_wconf 86' lang='lat' dir='ltr'>csse</span> 
     </span>
    </p>
   </div>
   <div class='ocr_carea' id='block_1_7' title="bbox 146 5222 354 5232">
    <p class='ocr_par' dir='ltr' id='par_1_8' title="bbox 146 5222 354 5232">
     <span class='ocr_line' id='line_1_57' title="bbox 146 5222 354 5232; baseline -0.005 0"><span class='ocrx_word' id='word_1_553' title='bbox 146 5222 354 5232; x_wconf 75' lang='lat'>----—---</span> 
     </span>
    </p>
   </div>
   <div class='ocr_carea' id='block_1_8' title="bbox 236 5303 791 5374">
    <p class='ocr_par' dir='ltr' id='par_1_9' title="bbox 236 5303 791 5374">
     <span class='ocr_line' id='line_1_58' title="bbox 236 5303 791 5374; baseline 0 -16"><span class='ocrx_word' id='word_1_554' title='bbox 236 5303 266 5367; x_wconf 75' lang='lat' dir='ltr'>‘t</span> <span class='ocrx_word' id='word_1_555' title='bbox 284 5305 329 5358; x_wconf 87' lang='lat' dir='ltr'>Uu</span> <span class='ocrx_word' id='word_1_556' title='bbox 347 5311 415 5374; x_wconf 85' lang='lat' dir='ltr'>acte,</span> <span class='ocrx_word' id='word_1_557' title='bbox 433 5322 466 5360; x_wconf 84' lang='lat' dir='ltr'>en</span> <span class='ocrx_word' id='word_1_558' title='bbox 481 5312 585 5374; x_wconf 71' lang='lat' dir='ltr'>meree:</span> <span class='ocrx_word' id='word_1_559' title='bbox 604 5323 637 5358; x_wconf 89' lang='lat' dir='ltr'>ou</span> <span class='ocrx_word' id='word_1_560' title='bbox 656 5305 769 5358; x_wconf 78' lang='lat' dir='ltr'>mussait.</span> <span class='ocrx_word' id='word_1_561' title='bbox 787 5317 791 5323; x_wconf 86' lang='lat'><em>·</em></span> 
     </span>
    </p>
   </div>
   <div class='ocr_carea' id='block_1_9' title="bbox 1168 2798 2141 4671">
    <p class='ocr_par' dir='ltr' id='par_1_10' title="bbox 1168 2798 2141 4671">
     <span class='ocr_line' id='line_1_59' title="bbox 1170 2798 2137 2886; baseline -0.002 -21"><span class='ocrx_word' id='word_1_562' title='bbox 1170 2805 1317 2884; x_wconf 84' lang='lat' dir='ltr'>accipere</span> <span class='ocrx_word' id='word_1_563' title='bbox 1350 2801 1452 2882; x_wconf 89' lang='lat' dir='ltr'>malit,</span> <span class='ocrx_word' id='word_1_564' title='bbox 1486 2822 1551 2866; x_wconf 92' lang='lat' dir='ltr'>non</span> <span class='ocrx_word' id='word_1_565' title='bbox 1573 2822 1731 2886; x_wconf 81' lang='lat' dir='ltr'>repugno.</span> <span class='ocrx_word' id='word_1_566' title='bbox 1776 2800 1901 2883; x_wconf 80' lang='lat' dir='ltr'>Efferre</span> <span class='ocrx_word' id='word_1_567' title='bbox 1929 2798 2041 2866; x_wconf 60' lang='lat' dir='ltr'>mem</span> <span class='ocrx_word' id='word_1_568' title='bbox 2069 2817 2137 2863; x_wconf 88' lang='lat' dir='ltr'>me·</span> 
     </span>
     <span class='ocr_line' id='line_1_60' title="bbox 1170 2882 2137 2972; baseline -0.003 -21"><span class='ocrx_word' id='word_1_569' title='bbox 1170 2889 1339 2971; x_wconf 88' lang='lat' dir='ltr'>taphoriee</span> <span class='ocrx_word' id='word_1_570' title='bbox 1365 2887 1523 2970; x_wconf 85' lang='lat' dir='ltr'>accipitur</span> <span class='ocrx_word' id='word_1_571' title='bbox 1551 2885 1637 2972; x_wconf 91' lang='lat' dir='ltr'>(meo</span> <span class='ocrx_word' id='word_1_572' title='bbox 1660 2886 1796 2972; x_wconf 84' lang='lat' dir='ltr'>iudicio)</span> <span class='ocrx_word' id='word_1_573' title='bbox 1816 2908 1876 2970; x_wconf 93' lang='lat' dir='ltr'>pro</span> <span class='ocrx_word' id='word_1_574' title='bbox 1902 2882 2137 2951; x_wconf 88' lang='lat' dir='ltr'>contumeliose</span> 
     </span>
     <span class='ocr_line' id='line_1_61' title="bbox 1170 2971 2137 3056; baseline -0.004 -20"><span class='ocrx_word' id='word_1_575' title='bbox 1170 2973 1342 3056; x_wconf 81' lang='lat' dir='ltr'>insurgere</span> <span class='ocrx_word' id='word_1_576' title='bbox 1359 2973 1394 3036; x_wconf 92' lang='lat' dir='ltr'>in</span> <span class='ocrx_word' id='word_1_577' title='bbox 1415 2972 1580 3038; x_wconf 90' lang='lat' dir='ltr'>hominem</span> <span class='ocrx_word' id='word_1_578' title='bbox 1599 2971 1772 3039; x_wconf 87' lang='lat' dir='ltr'>deiectum.</span> <span class='ocrx_word' id='word_1_579' title='bbox 1796 2972 1864 3037; x_wconf 80' lang='lat' dir='ltr'>Alii</span> <span class='ocrx_word' id='word_1_580' title='bbox 1878 2972 2137 3054; x_wconf 89' lang='lat' dir='ltr'>interpretantur</span> 
     </span>
     <span class='ocr_line' id='line_1_62' title="bbox 1170 3055 2137 3140; baseline -0.005 -17"><span class='ocrx_word' id='word_1_581' title='bbox 1170 3058 1305 3124; x_wconf 88' lang='lat' dir='ltr'>insidias</span> <span class='ocrx_word' id='word_1_582' title='bbox 1328 3057 1454 3122; x_wconf 89' lang='lat' dir='ltr'>moliri:</span> <span class='ocrx_word' id='word_1_583' title='bbox 1483 3056 1539 3123; x_wconf 90' lang='lat' dir='ltr'>sed</span> <span class='ocrx_word' id='word_1_584' title='bbox 1566 3055 1650 3122; x_wconf 90' lang='lat' dir='ltr'>alter</span> <span class='ocrx_word' id='word_1_585' title='bbox 1671 3059 1728 3122; x_wconf 92' lang='lat' dir='ltr'>ille</span> <span class='ocrx_word' id='word_1_586' title='bbox 1750 3080 1864 3124; x_wconf 90' lang='lat' dir='ltr'>seusus</span> <span class='ocrx_word' id='word_1_587' title='bbox 1883 3057 2005 3140; x_wconf 90' lang='lat' dir='ltr'>aptior:</span> <span class='ocrx_word' id='word_1_588' title='bbox 2035 3075 2137 3138; x_wconf 92' lang='lat' dir='ltr'>quum</span> 
     </span>
     <span class='ocr_line' id='line_1_63' title="bbox 1171 3142 2136 3226; baseline -0.005 -18"><span class='ocrx_word' id='word_1_589' title='bbox 1171 3144 1323 3209; x_wconf 91' lang='lat' dir='ltr'>viderent</span> <span class='ocrx_word' id='word_1_590' title='bbox 1344 3142 1482 3226; x_wconf 91' lang='lat' dir='ltr'>improbi</span> <span class='ocrx_word' id='word_1_591' title='bbox 1500 3142 1651 3208; x_wconf 90' lang='lat' dir='ltr'>homiues</span> <span class='ocrx_word' id='word_1_592' title='bbox 1669 3143 1829 3210; x_wconf 78' lang='lat' dir='ltr'>Davidem</span> <span class='ocrx_word' id='word_1_593' title='bbox 1849 3152 1977 3221; x_wconf 90' lang='lat' dir='ltr'>nutare,</span> <span class='ocrx_word' id='word_1_594' title='bbox 2000 3142 2052 3206; x_wconf 94' lang='lat' dir='ltr'>vel</span> <span class='ocrx_word' id='word_1_595' title='bbox 2070 3142 2136 3204; x_wconf 88' lang='lat' dir='ltr'>iam</span> 
     </span>
     <span class='ocr_line' id='line_1_64' title="bbox 1170 3227 2137 3312; baseline -0.003 -20"><span class='ocrx_word' id='word_1_596' title='bbox 1170 3250 1240 3293; x_wconf 90' lang='lat' dir='ltr'>esse</span> <span class='ocrx_word' id='word_1_597' title='bbox 1274 3239 1483 3312; x_wconf 90' lang='lat' dir='ltr'>prostratum,</span> <span class='ocrx_word' id='word_1_598' title='bbox 1517 3229 1579 3294; x_wconf 88' lang='lat' dir='ltr'>hac</span> <span class='ocrx_word' id='word_1_599' title='bbox 1612 3231 1779 3295; x_wconf 85' lang='lat' dir='ltr'>occasione</span> <span class='ocrx_word' id='word_1_600' title='bbox 1806 3229 1906 3294; x_wconf 84' lang='lat' dir='ltr'>luisse</span> <span class='ocrx_word' id='word_1_601' title='bbox 1935 3227 2064 3304; x_wconf 87' lang='lat' dir='ltr'>abusos,</span> <span class='ocrx_word' id='word_1_602' title='bbox 2099 3233 2137 3290; x_wconf 91' lang='lat' dir='ltr'>ut</span> 
     </span>
     <span class='ocr_line' id='line_1_65' title="bbox 1170 3314 2136 3398; baseline -0.005 -18"><span class='ocrx_word' id='word_1_603' title='bbox 1170 3335 1245 3380; x_wconf 90' lang='lat' dir='ltr'>eum</span> <span class='ocrx_word' id='word_1_604' title='bbox 1275 3315 1403 3398; x_wconf 87' lang='lat' dir='ltr'>oblique</span> <span class='ocrx_word' id='word_1_605' title='bbox 1432 3322 1465 3380; x_wconf 89' lang='lat' dir='ltr'>et</span> <span class='ocrx_word' id='word_1_606' title='bbox 1494 3324 1604 3380; x_wconf 90' lang='lat' dir='ltr'>tamen</span> <span class='ocrx_word' id='word_1_607' title='bbox 1632 3315 1730 3382; x_wconf 90' lang='lat' dir='ltr'>simul</span> <span class='ocrx_word' id='word_1_608' title='bbox 1759 3323 1910 3398; x_wconf 89' lang='lat' dir='ltr'>proterve</span> <span class='ocrx_word' id='word_1_609' title='bbox 1931 3314 2136 3396; x_wconf 86' lang='lat' dir='ltr'>impeterent,</span> 
     </span>
     <span class='ocr_line' id='line_1_66' title="bbox 1170 3397 2136 3485; baseline 0 -21"><span class='ocrx_word' id='word_1_610' title='bbox 1170 3400 1256 3484; x_wconf 90' lang='lat' dir='ltr'>quod</span> <span class='ocrx_word' id='word_1_611' title='bbox 1268 3401 1403 3466; x_wconf 89' lang='lat' dir='ltr'>solenne</span> <span class='ocrx_word' id='word_1_612' title='bbox 1414 3410 1467 3468; x_wconf 91' lang='lat' dir='ltr'>est</span> <span class='ocrx_word' id='word_1_613' title='bbox 1477 3401 1588 3485; x_wconf 90' lang='lat' dir='ltr'>pravis</span> <span class='ocrx_word' id='word_1_614' title='bbox 1600 3413 1633 3467; x_wconf 94' lang='lat' dir='ltr'>et</span> <span class='ocrx_word' id='word_1_615' title='bbox 1643 3402 1817 3468; x_wconf 89' lang='lat' dir='ltr'>servilibus</span> <span class='ocrx_word' id='word_1_616' title='bbox 1828 3400 1963 3466; x_wconf 87' lang='lat' dir='ltr'>naturis.</span> <span class='ocrx_word' id='word_1_617' title='bbox 1984 3397 2136 3464; x_wconf 85' lang='lat' dir='ltr'>Christus</span> 
     </span>
     <span class='ocr_line' id='line_1_67' title="bbox 1169 3482 2136 3570; baseline -0.003 -19"><span class='ocrx_word' id='word_1_618' title='bbox 1169 3486 1277 3554; x_wconf 87' lang='lat' dir='ltr'>locum</span> <span class='ocrx_word' id='word_1_619' title='bbox 1305 3487 1393 3553; x_wconf 90' lang='lat' dir='ltr'>hunc</span> <span class='ocrx_word' id='word_1_620' title='bbox 1415 3487 1519 3555; x_wconf 86' lang='lat' dir='ltr'>citans</span> <span class='ocrx_word' id='word_1_621' title='bbox 1541 3487 1612 3552; x_wconf 89' lang='lat' dir='ltr'>Ioh.</span> <span class='ocrx_word' id='word_1_622' title='bbox 1637 3487 1687 3564; x_wconf 83' lang='lat'>13,</span> <span class='ocrx_word' id='word_1_623' title='bbox 1711 3488 1752 3554; x_wconf 83' lang='lat'>18</span> <span class='ocrx_word' id='word_1_624' title='bbox 1775 3487 1815 3552; x_wconf 92' lang='lat' dir='ltr'>ad</span> <span class='ocrx_word' id='word_1_625' title='bbox 1838 3506 2010 3570; x_wconf 91' lang='lat' dir='ltr'>personam</span> <span class='ocrx_word' id='word_1_626' title='bbox 2032 3482 2136 3549; x_wconf 89' lang='lat' dir='ltr'>Iudae</span> 
     </span>
     <span class='ocr_line' id='line_1_68' title="bbox 1170 3569 2136 3655; baseline -0.002 -18"><span class='ocrx_word' id='word_1_627' title='bbox 1170 3573 1404 3639; x_wconf 87' lang='lat' dir='ltr'>accommodat.</span> <span class='ocrx_word' id='word_1_628' title='bbox 1448 3573 1495 3638; x_wconf 84' lang='lat' dir='ltr'>Et</span> <span class='ocrx_word' id='word_1_629' title='bbox 1523 3584 1611 3640; x_wconf 89' lang='lat' dir='ltr'>certe</span> <span class='ocrx_word' id='word_1_630' title='bbox 1640 3574 1808 3640; x_wconf 88' lang='lat' dir='ltr'>sciendum</span> <span class='ocrx_word' id='word_1_631' title='bbox 1837 3582 1895 3650; x_wconf 92' lang='lat' dir='ltr'>est,</span> <span class='ocrx_word' id='word_1_632' title='bbox 1926 3572 2075 3655; x_wconf 89' lang='lat' dir='ltr'>quamvis</span> <span class='ocrx_word' id='word_1_633' title='bbox 2096 3569 2136 3635; x_wconf 92' lang='lat' dir='ltr'>de</span> 
     </span>
     <span class='ocr_line' id='line_1_69' title="bbox 1170 3654 2137 3742; baseline -0.007 -17"><span class='ocrx_word' id='word_1_634' title='bbox 1170 3679 1205 3725; x_wconf 87' lang='lat' dir='ltr'>se</span> <span class='ocrx_word' id='word_1_635' title='bbox 1227 3658 1380 3742; x_wconf 89' lang='lat' dir='ltr'>loquatur</span> <span class='ocrx_word' id='word_1_636' title='bbox 1402 3660 1437 3723; x_wconf 93' lang='lat' dir='ltr'>in</span> <span class='ocrx_word' id='word_1_637' title='bbox 1459 3659 1521 3723; x_wconf 91' lang='lat' dir='ltr'>hoo</span> <span class='ocrx_word' id='word_1_638' title='bbox 1538 3659 1669 3725; x_wconf 90' lang='lat' dir='ltr'>Psalmo</span> <span class='ocrx_word' id='word_1_639' title='bbox 1688 3657 1808 3736; x_wconf 89' lang='lat' dir='ltr'>David,</span> <span class='ocrx_word' id='word_1_640' title='bbox 1832 3679 1897 3723; x_wconf 92' lang='lat' dir='ltr'>uon</span> <span class='ocrx_word' id='word_1_641' title='bbox 1917 3665 2025 3722; x_wconf 91' lang='lat' dir='ltr'>tamen</span> <span class='ocrx_word' id='word_1_642' title='bbox 2044 3654 2137 3738; x_wconf 94' lang='lat' dir='ltr'>quasi</span> 
     </span>
     <span class='ocr_line' id='line_1_70' title="bbox 1169 3739 2137 3828; baseline -0.004 -20"><span class='ocrx_word' id='word_1_643' title='bbox 1169 3744 1335 3827; x_wconf 91' lang='lat' dir='ltr'>privatum</span> <span class='ocrx_word' id='word_1_644' title='bbox 1359 3745 1526 3817; x_wconf 87' lang='lat' dir='ltr'>hominem</span> <span class='ocrx_word' id='word_1_645' title='bbox 1549 3745 1646 3828; x_wconf 90' lang='lat' dir='ltr'>loqui,</span> <span class='ocrx_word' id='word_1_646' title='bbox 1669 3745 1727 3811; x_wconf 91' lang='lat' dir='ltr'>sed</span> <span class='ocrx_word' id='word_1_647' title='bbox 1749 3746 1806 3828; x_wconf 91' lang='lat' dir='ltr'>qui</span> <span class='ocrx_word' id='word_1_648' title='bbox 1828 3743 1989 3808; x_wconf 88' lang='lat' dir='ltr'>sustineat</span> <span class='ocrx_word' id='word_1_649' title='bbox 2011 3739 2137 3806; x_wconf 83' lang='lat' dir='ltr'>Christi</span> 
     </span>
     <span class='ocr_line' id='line_1_71' title="bbox 1168 3825 2138 3914; baseline -0.006 -18"><span class='ocrx_word' id='word_1_650' title='bbox 1168 3849 1360 3914; x_wconf 90' lang='lat' dir='ltr'>personam:</span> <span class='ocrx_word' id='word_1_651' title='bbox 1404 3830 1482 3912; x_wconf 91' lang='lat' dir='ltr'>quia</span> <span class='ocrx_word' id='word_1_652' title='bbox 1526 3850 1699 3895; x_wconf 83' lang='lat' dir='ltr'>commuue</span> <span class='ocrx_word' id='word_1_653' title='bbox 1742 3840 1795 3896; x_wconf 92' lang='lat' dir='ltr'>est</span> <span class='ocrx_word' id='word_1_654' title='bbox 1838 3829 1940 3893; x_wconf 89' lang='lat' dir='ltr'>totius</span> <span class='ocrx_word' id='word_1_655' title='bbox 1984 3825 2138 3893; x_wconf 88' lang='lat' dir='ltr'>ecclesiae</span> 
     </span>
     <span class='ocr_line' id='line_1_72' title="bbox 1170 3912 2138 4000; baseline -0.003 -20"><span class='ocrx_word' id='word_1_656' title='bbox 1170 3917 1354 3999; x_wconf 87' lang='lat' dir='ltr'>exemplar:</span> <span class='ocrx_word' id='word_1_657' title='bbox 1386 3916 1484 3998; x_wconf 92' lang='lat' dir='ltr'>idque</span> <span class='ocrx_word' id='word_1_658' title='bbox 1518 3925 1632 3980; x_wconf 88' lang='lat' dir='ltr'>notatu</span> <span class='ocrx_word' id='word_1_659' title='bbox 1668 3916 1805 4000; x_wconf 80' lang='lat' dir='ltr'>dignum</span> <span class='ocrx_word' id='word_1_660' title='bbox 1840 3924 1898 3993; x_wconf 92' lang='lat' dir='ltr'>est,</span> <span class='ocrx_word' id='word_1_661' title='bbox 1932 3922 1970 3977; x_wconf 92' lang='lat' dir='ltr'>ut</span> <span class='ocrx_word' id='word_1_662' title='bbox 2003 3912 2138 3996; x_wconf 87' lang='lat' dir='ltr'>quisque</span> 
     </span>
     <span class='ocr_line' id='line_1_73' title="bbox 1170 3999 2138 4083; baseline -0.004 -17"><span class='ocrx_word' id='word_1_663' title='bbox 1170 4012 1318 4069; x_wconf 91' lang='lat' dir='ltr'>nostrum</span> <span class='ocrx_word' id='word_1_664' title='bbox 1342 3999 1382 4065; x_wconf 90' lang='lat' dir='ltr'>ad</span> <span class='ocrx_word' id='word_1_665' title='bbox 1405 4000 1543 4066; x_wconf 90' lang='lat' dir='ltr'>eandem</span> <span class='ocrx_word' id='word_1_666' title='bbox 1565 4009 1687 4066; x_wconf 85' lang='lat' dir='ltr'>sortem</span> <span class='ocrx_word' id='word_1_667' title='bbox 1709 4000 1893 4067; x_wconf 90' lang='lat' dir='ltr'>obeundam</span> <span class='ocrx_word' id='word_1_668' title='bbox 1911 4020 1946 4066; x_wconf 90' lang='lat' dir='ltr'>se</span> <span class='ocrx_word' id='word_1_669' title='bbox 1964 4007 2138 4083; x_wconf 88' lang='lat' dir='ltr'>comparet.</span> 
     </span>
     <span class='ocr_line' id='line_1_74' title="bbox 1171 4083 2139 4171; baseline -0.004 -18"><span class='ocrx_word' id='word_1_670' title='bbox 1171 4089 1256 4153; x_wconf 88' lang='lat' dir='ltr'>Num</span> <span class='ocrx_word' id='word_1_671' title='bbox 1286 4087 1370 4153; x_wconf 86' lang='lat' dir='ltr'>sieut</span> <span class='ocrx_word' id='word_1_672' title='bbox 1397 4086 1499 4152; x_wconf 92' lang='lat' dir='ltr'>solide</span> <span class='ocrx_word' id='word_1_673' title='bbox 1521 4088 1557 4151; x_wconf 92' lang='lat' dir='ltr'>in</span> <span class='ocrx_word' id='word_1_674' title='bbox 1579 4085 1711 4152; x_wconf 79' lang='lat' dir='ltr'>Christo</span> <span class='ocrx_word' id='word_1_675' title='bbox 1732 4087 1863 4171; x_wconf 89' lang='lat' dir='ltr'>impleri</span> <span class='ocrx_word' id='word_1_676' title='bbox 1885 4085 2029 4170; x_wconf 88' lang='lat' dir='ltr'>oportuit</span> <span class='ocrx_word' id='word_1_677' title='bbox 2051 4083 2139 4167; x_wconf 90' lang='lat' dir='ltr'>quod</span> 
     </span>
     <span class='ocr_line' id='line_1_75' title="bbox 1170 4171 2140 4256; baseline -0.004 -17"><span class='ocrx_word' id='word_1_678' title='bbox 1170 4173 1360 4239; x_wconf 90' lang='lat' dir='ltr'>inchoatum</span> <span class='ocrx_word' id='word_1_679' title='bbox 1383 4172 1510 4238; x_wconf 90' lang='lat' dir='ltr'>eratin</span> <span class='ocrx_word' id='word_1_680' title='bbox 1533 4171 1678 4238; x_wconf 90' lang='lat' dir='ltr'>Davide:</span> <span class='ocrx_word' id='word_1_681' title='bbox 1708 4173 1756 4237; x_wconf 87' lang='lat' dir='ltr'>ita</span> <span class='ocrx_word' id='word_1_682' title='bbox 1777 4171 1922 4256; x_wconf 88' lang='lat' dir='ltr'>qnotidie</span> <span class='ocrx_word' id='word_1_683' title='bbox 1944 4173 1978 4237; x_wconf 93' lang='lat' dir='ltr'>in</span> <span class='ocrx_word' id='word_1_684' title='bbox 2001 4171 2140 4256; x_wconf 84' lang='lat' dir='ltr'>singulis</span> 
     </span>
     <span class='ocr_line' id='line_1_76' title="bbox 1171 4259 2140 4340; baseline -0.002 -16"><span class='ocrx_word' id='word_1_685' title='bbox 1171 4259 1242 4325; x_wconf 91' lang='lat' dir='ltr'>eius</span> <span class='ocrx_word' id='word_1_686' title='bbox 1259 4259 1416 4325; x_wconf 88' lang='lat' dir='ltr'>membris</span> <span class='ocrx_word' id='word_1_687' title='bbox 1434 4280 1494 4324; x_wconf 88' lang='lat' dir='ltr'>usu</span> <span class='ocrx_word' id='word_1_688' title='bbox 1512 4259 1626 4325; x_wconf 92' lang='lat' dir='ltr'>venire</span> <span class='ocrx_word' id='word_1_689' title='bbox 1645 4278 1777 4326; x_wconf 88' lang='lat' dir='ltr'>necessa</span> <span class='ocrx_word' id='word_1_690' title='bbox 1795 4268 1854 4340; x_wconf 92' lang='lat' dir='ltr'>est,</span> <span class='ocrx_word' id='word_1_691' title='bbox 1871 4267 1909 4326; x_wconf 92' lang='lat' dir='ltr'>ut</span> <span class='ocrx_word' id='word_1_692' title='bbox 1927 4278 1993 4323; x_wconf 92' lang='lat' dir='ltr'>non</span> <span class='ocrx_word' id='word_1_693' title='bbox 2009 4266 2140 4324; x_wconf 90' lang='lat' dir='ltr'>tantum</span> 
     </span>
     <span class='ocr_line' id='line_1_77' title="bbox 1172 4342 2141 4427; baseline -0.004 -17"><span class='ocrx_word' id='word_1_694' title='bbox 1172 4345 1332 4411; x_wconf 92' lang='lat' dir='ltr'>violenter</span> <span class='ocrx_word' id='word_1_695' title='bbox 1371 4354 1404 4410; x_wconf 92' lang='lat' dir='ltr'>et</span> <span class='ocrx_word' id='word_1_696' title='bbox 1443 4354 1555 4427; x_wconf 92' lang='lat' dir='ltr'>aperto</span> <span class='ocrx_word' id='word_1_697' title='bbox 1587 4344 1697 4410; x_wconf 85' lang='lat' dir='ltr'>Marte</span> <span class='ocrx_word' id='word_1_698' title='bbox 1731 4355 1911 4425; x_wconf 87' lang='lat' dir='ltr'>vexentur,</span> <span class='ocrx_word' id='word_1_699' title='bbox 1951 4344 2008 4411; x_wconf 91' lang='lat' dir='ltr'>sed</span> <span class='ocrx_word' id='word_1_700' title='bbox 2040 4342 2141 4409; x_wconf 91' lang='lat' dir='ltr'>etiam</span> 
     </span>
     <span class='ocr_line' id='line_1_78' title="bbox 1172 4430 2140 4513; baseline -0.005 -17"><span class='ocrx_word' id='word_1_701' title='bbox 1172 4430 1364 4498; x_wconf 83' lang='lat' dir='ltr'>domesticos</span> <span class='ocrx_word' id='word_1_702' title='bbox 1393 4430 1538 4497; x_wconf 86' lang='lat' dir='ltr'>habeant</span> <span class='ocrx_word' id='word_1_703' title='bbox 1566 4430 1765 4513; x_wconf 87' lang='lat' dir='ltr'>proditores:</span> <span class='ocrx_word' id='word_1_704' title='bbox 1796 4433 1893 4499; x_wconf 89' lang='lat' dir='ltr'>sicuti</span> <span class='ocrx_word' id='word_1_705' title='bbox 1915 4431 2043 4498; x_wconf 91' lang='lat' dir='ltr'>Paulus</span> <span class='ocrx_word' id='word_1_706' title='bbox 2074 4449 2140 4493; x_wconf 89' lang='lat' dir='ltr'>non</span> 
     </span>
     <span class='ocr_line' id='line_1_79' title="bbox 1172 4515 2141 4603; baseline -0.003 -21"><span class='ocrx_word' id='word_1_707' title='bbox 1172 4526 1301 4584; x_wconf 91' lang='lat' dir='ltr'>tantum</span> <span class='ocrx_word' id='word_1_708' title='bbox 1339 4537 1467 4601; x_wconf 82' lang='lat' dir='ltr'>pugnas</span> <span class='ocrx_word' id='word_1_709' title='bbox 1499 4516 1589 4596; x_wconf 88' lang='lat' dir='ltr'>foris,</span> <span class='ocrx_word' id='word_1_710' title='bbox 1630 4515 1689 4583; x_wconf 87' lang='lat' dir='ltr'>sed</span> <span class='ocrx_word' id='word_1_711' title='bbox 1722 4517 1810 4585; x_wconf 91' lang='lat' dir='ltr'>intus</span> <span class='ocrx_word' id='word_1_712' title='bbox 1844 4537 1972 4603; x_wconf 91' lang='lat' dir='ltr'>quoque</span> <span class='ocrx_word' id='word_1_713' title='bbox 2004 4517 2141 4581; x_wconf 88' lang='lat' dir='ltr'>timores</span> 
     </span>
     <span class='ocr_line' id='line_1_80' title="bbox 1171 4601 1580 4671; baseline -0.005 -1"><span class='ocrx_word' id='word_1_714' title='bbox 1171 4603 1326 4671; x_wconf 90' lang='lat' dir='ltr'>eeclesiae</span> <span class='ocrx_word' id='word_1_715' title='bbox 1349 4604 1471 4669; x_wconf 91' lang='lat' dir='ltr'>instare</span> <span class='ocrx_word' id='word_1_716' title='bbox 1494 4601 1580 4668; x_wconf 90' lang='lat' dir='ltr'>dicit.</span> 
     </span>
    </p>
   </div>
   <div class='ocr_carea' id='block_1_10' title="bbox 1171 4808 2143 5152">
    <p class='ocr_par' dir='ltr' id='par_1_11' title="bbox 1171 4808 2143 5152">
     <span class='ocr_line' id='line_1_81' title="bbox 1260 4808 2143 4892; baseline 0.001 -18"><span class='ocrx_word' id='word_1_717' title='bbox 1260 4810 1309 4874; x_wconf 91' lang='grc'>11.</span> <span class='ocrx_word' id='word_1_718' title='bbox 1334 4808 1378 4874; x_wconf 85' lang='lat' dir='ltr'>Et</span> <span class='ocrx_word' id='word_1_719' title='bbox 1408 4815 1443 4874; x_wconf 84' lang='lat' dir='ltr'>ta</span> <span class='ocrx_word' id='word_1_720' title='bbox 1475 4809 1590 4875; x_wconf 81' lang='lat' dir='ltr'>Ieleoca</span> <span class='ocrx_word' id='word_1_721' title='bbox 1621 4811 1768 4877; x_wconf 81' lang='lat' dir='ltr'>miserere</span> <span class='ocrx_word' id='word_1_722' title='bbox 1799 4810 1877 4875; x_wconf 77' lang='lat' dir='ltr'>otei:</span> <span class='ocrx_word' id='word_1_723' title='bbox 1911 4810 1995 4892; x_wconf 73' lang='lat' dir='ltr'>eripe</span> <span class='ocrx_word' id='word_1_724' title='bbox 2023 4829 2083 4888; x_wconf 90' lang='lat' dir='ltr'>me,</span> <span class='ocrx_word' id='word_1_725' title='bbox 2115 4813 2143 4875; x_wconf 89' lang='lat' dir='ltr'>et</span> 
     </span>
     <span class='ocr_line' id='line_1_82' title="bbox 1171 4894 2142 4978; baseline 0 -18"><span class='ocrx_word' id='word_1_726' title='bbox 1171 4895 1338 4976; x_wconf 78' lang='lat' dir='ltr'>rependam</span> <span class='ocrx_word' id='word_1_727' title='bbox 1367 4895 1444 4961; x_wconf 81' lang='lat' dir='ltr'>illie.</span> <span class='ocrx_word' id='word_1_728' title='bbox 1489 4894 1540 4959; x_wconf 83' lang='lat'>12.</span> <span class='ocrx_word' id='word_1_729' title='bbox 1565 4895 1607 4960; x_wconf 84' lang='lat' dir='ltr'>In</span> <span class='ocrx_word' id='word_1_730' title='bbox 1634 4896 1688 4962; x_wconf 82' lang='lat' dir='ltr'>boc</span> <span class='ocrx_word' id='word_1_731' title='bbox 1715 4896 1840 4978; x_wconf 71' lang='lat' dir='ltr'>eoqaooi</span> <span class='ocrx_word' id='word_1_732' title='bbox 1867 4895 1949 4976; x_wconf 82' lang='lat' dir='ltr'>qaod</span> <span class='ocrx_word' id='word_1_733' title='bbox 1965 4895 2142 4976; x_wconf 76' lang='lat' dir='ltr'>placuerim</span> 
     </span>
     <span class='ocr_line' id='line_1_83' title="bbox 1171 4981 2141 5064; baseline 0.003 -20"><span class='ocrx_word' id='word_1_734' title='bbox 1171 4981 1237 5064; x_wconf 80' lang='lat' dir='ltr'>tibi,</span> <span class='ocrx_word' id='word_1_735' title='bbox 1275 4983 1351 5062; x_wconf 83' lang='lat' dir='ltr'>quic</span> <span class='ocrx_word' id='word_1_736' title='bbox 1385 5001 1446 5046; x_wconf 83' lang='lat' dir='ltr'>aon</span> <span class='ocrx_word' id='word_1_737' title='bbox 1477 4981 1623 5046; x_wconf 77' lang='lat' dir='ltr'>iubilohit</span> <span class='ocrx_word' id='word_1_738' title='bbox 1655 4981 1804 5046; x_wconf 77' lang='lat' dir='ltr'>inimicae</span> <span class='ocrx_word' id='word_1_739' title='bbox 1835 5001 1924 5046; x_wconf 82' lang='lat' dir='ltr'>meus</span> <span class='ocrx_word' id='word_1_740' title='bbox 1955 5001 2052 5063; x_wconf 80' lang='lat' dir='ltr'>saper</span> <span class='ocrx_word' id='word_1_741' title='bbox 2084 5002 2141 5048; x_wconf 87' lang='lat' dir='ltr'>me.</span> 
     </span>
     <span class='ocr_line' id='line_1_84' title="bbox 1174 5065 2143 5152; baseline 0.002 -21"><span class='ocrx_word' id='word_1_742' title='bbox 1174 5066 1225 5131; x_wconf 88' lang='lat'>13.</span> <span class='ocrx_word' id='word_1_743' title='bbox 1249 5066 1293 5131; x_wconf 87' lang='lat' dir='ltr'>Et</span> <span class='ocrx_word' id='word_1_744' title='bbox 1322 5087 1386 5149; x_wconf 76' lang='lat' dir='ltr'>epo,</span> <span class='ocrx_word' id='word_1_745' title='bbox 1401 5098 1404 5105; x_wconf 88' lang='lat'>·</span> <span class='ocrx_word' id='word_1_746' title='bbox 1419 5067 1454 5132; x_wconf 83' lang='lat' dir='ltr'>in</span> <span class='ocrx_word' id='word_1_747' title='bbox 1482 5067 1658 5149; x_wconf 73' lang='lat' dir='ltr'>inteqritate</span> <span class='ocrx_word' id='word_1_748' title='bbox 1685 5065 2003 5152; x_wconf 58' lang='lat' dir='ltr'>monastraretis</span> <span class='ocrx_word' id='word_1_749' title='bbox 2029 5087 2086 5152; x_wconf 85' lang='lat' dir='ltr'>me,</span> <span class='ocrx_word' id='word_1_750' title='bbox 2116 5072 2143 5133; x_wconf 76' lang='lat' dir='ltr'>et</span> 
     </span>
    </p>
   </div>
   <div class='ocr_carea' id='block_1_11' title="bbox 1260 5295 2017 5376">
    <p class='ocr_par' dir='ltr' id='par_1_12' title="bbox 1260 5295 2017 5376">
     <span class='ocr_line' id='line_1_85' title="bbox 1260 5295 2017 5376; baseline -0.001 -15"><span class='ocrx_word' id='word_1_751' title='bbox 1260 5307 1289 5375; x_wconf 71' lang='lat'>‘)</span> <span class='ocrx_word' id='word_1_752' title='bbox 1305 5324 1338 5361; x_wconf 90' lang='lat' dir='ltr'>su</span> <span class='ocrx_word' id='word_1_753' title='bbox 1357 5324 1419 5361; x_wconf 88' lang='lat' dir='ltr'>mon</span> <span class='ocrx_word' id='word_1_754' title='bbox 1438 5306 1573 5376; x_wconf 81' lang='lat' dir='ltr'>iutegrite&#39;,</span> <span class='ocrx_word' id='word_1_755' title='bbox 1592 5321 1626 5359; x_wconf 74' lang='lat' dir='ltr'>ese</span> <span class='ocrx_word' id='word_1_756' title='bbox 1642 5319 1747 5375; x_wconf 63' lang='lat' dir='ltr'>meree:</span> <span class='ocrx_word' id='word_1_757' title='bbox 1767 5323 1801 5359; x_wconf 91' lang='lat' dir='ltr'>ou</span> <span class='ocrx_word' id='word_1_758' title='bbox 1820 5307 1914 5360; x_wconf 89' lang='lat' dir='ltr'>entier.</span> <span class='ocrx_word' id='word_1_759' title='bbox 2016 5295 2017 5298; x_wconf 24' lang='lat'>¹</span> 
     </span>
    </p>
   </div>
   <div class='ocr_carea' id='block_1_12' title="bbox 1731 5390 1787 5447">
    <p class='ocr_par' dir='ltr' id='par_1_13' title="bbox 1731 5390 1787 5447">
     <span class='ocr_line' id='line_1_86' title="bbox 1731 5390 1787 5447; baseline 0 -25"><span class='ocrx_word' id='word_1_760' title='bbox 1731 5390 1787 5447; x_wconf 54' lang='lat'>220</span> 
     </span>
    </p>
   </div>
   <div class='ocr_carea' id='block_1_13' title="bbox 0 0 2346 5860">
    <p class='ocr_par' dir='ltr' id='par_1_14' title="bbox 0 0 2346 5860">
     <span class='ocr_line' id='line_1_87' title="bbox 0 0 2346 5860; baseline 0 0"><span class='ocrx_word' id='word_1_761' title='bbox 0 0 2346 5860; x_wconf 95' lang='lat' dir='ltr'> </span> 
     </span>
    </p>
   </div>
  </div>
 </body>
</html>
