4658 5856
224 340 289 407 395
1020 331 1235 401 PSALMUS
1257 336 1425 403 XXXIX.

228 529 411 613 rependunt
432 526 510 591 mali
540 534 573 589 et
595 523 738 608 perversi
766 522 926 599 homines,
955 520 1012 586 sed
1040 520 1093 585 ubi
1118 540 1189 585 suc·
1516 523 1722 593 PSALXUS
1754 523 1925 591 XXXIX,

227 618 330 682 currit
352 613 431 677 haee
453 610 643 688 consolatio,
666 609 726 673 hac
744 605 979 690 ingratitudine
997 625 1063 670 non
1081 605 1189 669 minus

228 701 336 765 Deum
365 696 503 780 offendi,
536 717 630 779 quam
659 714 713 759 eos
742 693 799 775 qui
827 691 980 756 iniuriam
1009 690 1189 755 sustinent:
1241 693 1324 748 asc.
1344 695 1438 748 aoros
1456 695 1532 747 initio
1551 695 1637 746 cavie
1656 700 1757 762 quana
1774 695 1875 748 colora
1892 697 2071 751 aucmenta
2089 699 2122 750 au
2142 716 2206 766 que-

227 807 292 852 non
325 794 375 849 ost
407 781 493 864 quod
523 783 608 846 ultra
637 779 766 844 modum
799 777 980 842 turbentur.
1030 777 1119 858 Ergo
1148 776 1189 840 ad
1342 764 1411 816 relat
1429 765 1512 816 nimia
1529 764 1689 882 intemperie
1706 763 1842 815 ferventes
1859 764 1989 842 impulsus
2007 765 2096 818 fucrit
2126 766 2205 820 Fate-

227 869 412 936 leniendum
443 867 585 932 dolorem
614 885 741 947 semper
774 863 879 928 valeat
917 862 996 926 haec
1025 861 1186 926 doctrina:
1341 836 1475 954 ξζζθξὲζξξ
1490 832 2205 969 {iffi201,3³1}2223?{ffofffpffifflmmssffigfss

229 957 364 1038 Quoties
391 954 518 1018 iniuriis
545 972 603 1016 nos
632 950 777 1015 afficiunt
805 944 943 1031 improbi
973 945 1090 1028 quibus
1119 956 1187 1010 stu·
1341 969 1396 1021 bot
1440 968 1543 1022 Domus
1569 968 1797 1036 expostulationes
1825 969 1948 1034 proeibas
1980 971 2074 1024 misas
2100 972 2207 1033 recitat,

227 1043 358 1107 duimus
390 1039 594 1113 benefacere,
628 1034 737 1099 Deum
777 1033 846 1098 fore
883 1043 1007 1098 certum
1039 1029 1187 1096 iudicem.
1342 1053 1411 1104 qnae
1440 1053 1570 1089 summam
1597 1038 1679 1089 animi
1712 1036 1943 1105 perturbationem
1975 1040 2139 1092 ostendunt:
2176 1050 2208 1093 ut

229 1128 386 1195 Summus
426 1123 545 1206 gradus
583 1119 769 1202 desperatae
807 1118 949 1183 malitiae
989 1117 1187 1201 adiungitur,
1342 1105 1408 1226 potio
1430 1112 1574 1174 appareat,
1606 1106 1907 1174 ¹¹⁰flv1¹lt³1l⁰⁰¹¹⁸l¹¹
1933 1122 1992 1160 Μ
2015 1109 2207 1177 desperatione

228 1211 313 1296 quod
353 1229 485 1275 exosum
526 1206 700 1272 habuerint
738 1205 936 1286 integritatis
974 1202 1114 1267 studium
1154 1203 1188 1266 in
1352 1179 1472 1226 “mmm
1490 1189 1556 1226 ⁰⁸⁸⁰·

228 1297 366 1363 Davide.
421 1294 526 1359 Nimis
564 1292 652 1356 enim
692 1299 915 1372 praeposteros
953 1308 1023 1353 esso
1054 1296 1189 1369 oportet,

228 1402 393 1468 pravoque
414 1393 447 1444 et
467 1387 614 1444 contorto
645 1377 793 1459 ingenio,
822 1375 938 1456 quibus
966 1372 1011 1436 ita
1031 1373 1188 1437 rectitudo
1326 1352 1354 1415 Ῑ·
1377 1351 1410 1416 Ρ
1408 1352 1534 1449 ΝΜΟ
1546 1352 1700 1417 Mummi
1713 1350 1874 1419 (Wlfflin
1891 1350 2039 1418 Dssvl‘lss·
2068 1355 2098 1418 2·
2111 1354 2208 1435 Dixi,

229 1467 386 1551 displicet,
409 1478 446 1529 ut
468 1465 542 1528 data
563 1481 660 1546 opera
681 1483 755 1527 cum
777 1460 847 1525 eius
869 1459 1046 1526 cultoribus
1069 1457 1188 1523 bellum
1243 1435 1425 1502 (Nimiam
1456 1458 1527 1502 '²²⁰³
1558 1457 1659 1502 mea&
1700 1457 1737 1503 Μ
1765 1457 1884 1517 peccem
1919 1438 1954 1503 in
1986 1439 2095 1522 ttaooo
2127 1461 2209 1526 mea,

229 1553 413 1636 suscipiant.
468 1551 529 1614 Est
555 1548 683 1631 quidem
714 1548 775 1611 ista
803 1546 912 1627 gravis
942 1544 1093 1609 tentatio:
1126 1562 1189 1625 quo
1240 1523 1412 1587 millam
1434 1523 1476 1587 “d
1504 1542 1538 1588 0⁸
1566 1543 1667 1622 'W‘
1698 1525 1870 1621 §atilium
1897 1523 1973 1621 ‘lum
2004 1529 2066 1589 Siai
2087 1526 2210 1606 imm

228 1640 385 1707 sincerius
407 1636 447 1701 ad
465 1636 572 1699 Deum
594 1632 765 1698 colendum
783 1631 829 1714 pii
845 1629 1047 1711 incumbunt,
1069 1649 1106 1693 eo
1128 1628 1189 1692 sibi
1240 1628 1344 1673 ΨΜ
1361 1628 1417 1673 me·
1453 1607 1485 1672 3·
1511 1608 1658 1673 ΟΜΝ
1675 1609 1807 1690 ⁸⁸3le
1829 1614 1913 1675 ΨΜ
1929 1630 1950 1672 α
1967 1609 2052 1689 taio,
2073 1616 2102 1676 el
2120 1612 2209 1676 dolor

227 1725 339 1811 plnres
359 1722 524 1787 molestias
543 1736 725 1784 accersere:
746 1718 803 1782 sed
822 1715 1025 1783 abundeillis
1042 1714 1189 1779 sufficere
1240 1712 1327 1791 {W
1347 1693 1488 1757 mmm
1508 1699 1562 1758 ὅθί·
1606 1693 1798 1759 ‘iul-muli
1826 1713 1877 1758 ⁶⁰⁷
1903 1713 2005 1759 mm
2033 1696 2119 1761 ΨΜ
2148 1718 2207 1777 ΜΘ,

229 1811 324 1876 debet
344 1808 423 1873 haec
445 1804 630 1881 consolatio,
654 1802 738 1885 quod
761 1823 824 1866 non
847 1803 943 1867 modo
965 1820 1020 1865 eos
1042 1800 1190 1865 sublevat
1240 1799 1276 1876 ¹7}
1306 1779 1500 1844 ''³³⁶1''le
1540 1799 1609 1844 Μ
1646 1779 1763 1845 will
1801 1779 1905 1862 tosio,
1949 1779 2093 1862 Nimius
2133 1803 2208 1849 Μ

228 1895 311 1961 bena
328 1892 530 1973 conscientia,
553 1889 610 1954 sed
629 1889 691 1954 Dei
709 1886 963 1953 misericordiam
982 1905 1060 1968 erga
1076 1906 1111 1949 ss
1129 1885 1190 1949 hac
1240 1863 1358 1947 lmdw·

227 1981 370 2046 maxime
410 1978 449 2042 de
488 1996 587 2042 causa
618 1994 811 2057 propensam
842 1993 913 2037 esse
951 1980 1088 2035 norunt:
1128 1990 1191 2053 qua

228 2065 347 2131 fiducia
379 2064 453 2127 lreti
493 2064 527 2125 in
556 2060 619 2125 Dei
648 2072 856 2141 conspectum
895 2056 1025 2140 prodire
1053 2054 1189 2120 audent:
1327 2060 1417 2126 Satis
1439 2070 1552 2125 notum
1574 2071 1624 2124 est
1640 2058 1805 2125 Ieduthun
1827 2081 1928 2125 unum
1946 2061 2044 2127 fuisse
2066 2084 2107 2127 ex
2128 2082 2207 2130 can·

229 2161 262 2216 et
281 2151 357 2232 quia
378 2147 559 2212 communis
580 2154 630 2210 est
651 2146 679 2209 ei
701 2165 809 2213 causa.
831 2155 868 2208 ut
890 2144 959 2207 eius
976 2140 1189 2223 patrocinium
1243 2147 1366 2211 toribus
1398 2167 1480 2228 quos
1510 2164 1602 2210 sacra
1635 2144 1773 2211 historia
1808 2145 1958 2211 celebrat.
2013 2146 2093 2213 Ideo
2124 2149 2207 2213 mihi

230 2236 384 2318 suscipiat
405 2231 606 2296 familiariter
628 2250 750 2313 rogare.
795 2229 892 2293 Certe
910 2227 1019 2292 David
1044 2226 1189 2309 regulam
1242 2231 1407 2315 probabile
1428 2243 1477 2296 est
1497 2231 1665 2297 Psalmum
1695 2230 1781 2296 hunc
1811 2231 1922 2295 datum
1948 2233 2108 2312 praefecte
2129 2252 2207 2298 can·

229 2342 288 2388 suo
310 2319 457 2401 exemplo
479 2317 603 2382 eunctis
620 2315 768 2380 fidelibus
787 2313 1001 2397 praescripsit,
1024 2322 1062 2377 ut
1081 2312 1190 2375 omnia
1242 2329 1350 2382 torum
1380 2317 1435 2399 qui
1462 2327 1534 2381 erat
1565 2337 1606 2380 ex
1639 2316 1708 2380 eius
1741 2315 1874 2381 familia.
1928 2317 2012 2382 Nam
2045 2318 2130 2400 quod
2165 2319 2207 2384 ad

230 2405 344 2471 mundi
365 2404 438 2468 odia
469 2403 577 2485 potius
606 2409 796 2483 provocent,
826 2420 923 2481 quam
955 2409 990 2461 ut
1019 2397 1190 2462 minimum
1242 2403 1496 2468 modulationem
1524 2401 1655 2485 quidam
1685 2401 1850 2480 referunt,
1885 2414 1918 2464 et
1949 2403 2079 2467 initium
2108 2403 2208 2469 inisse

230 2491 394 2558 declinent
415 2490 454 2554 ab
476 2487 596 2556 officio:
628 2506 732 2568 neque
755 2486 863 2550 hostes
886 2484 1004 2548 habere
1026 2482 1191 2565 refugiant
1242 2499 1360 2571 putant
1381 2488 1515 2553 alterius
1536 2487 1670 2562 cantici,
1696 2496 1841 2553 coactum
1865 2496 1922 2550 est.
1968 2486 2081 2553 Nihilo
2103 2491 2208 2572 magis

231 2598 311 2660 ques
333 2574 446 2641 vident
464 2574 549 2638 bono
565 2581 600 2637 et
620 2572 708 2636 omni
730 2570 872 2635 iustitiae
893 2567 1066 2634 adversari.
1242 2575 1362 2655 recipio
1380 2573 1465 2656 quod
1482 2573 1536 2638 alii
1555 2571 1716 2638 Davidem
1735 2572 1787 2637 hio
1808 2572 1848 2636 de
1865 2570 1977 2637 morbo
1999 2573 2107 2656 aliquo
2129 2594 2208 2639 con-

1243 2659 1334 2740 queri
1345 2658 1509 2723 divinant:
1532 2659 1608 2740 quia
1629 2657 1692 2721 nisi
1706 2668 1821 2741 urgeat
1838 2657 1930 2734 ratio,
1949 2659 2116 2742 generales
2134 2680 2208 2724 sen·

317 2745 368 2810 22.
406 2743 455 2808 Nc
477 2741 676 2822 derclinquas
704 2760 752 2805 mc
781 2739 896 2804 loteva
918 2736 1008 2803 Deae
1034 2739 1095 2817 mi,
1138 2758 1193 2803 acc
1245 2745 1361 2807 tentias
1382 2743 1422 2807 ad
1445 2765 1545 2807 unam
1567 2744 1707 2825 speciem
1729 2743 1928 2826 restringere
1950 2743 2126 2809 absurdum
2147 2758 2209 2823 est,

227 2831 340 2915 proctd
361 2829 447 2894 absis
468 2849 489 2892 a
510 2847 566 2892 me.
610 2826 662 2892 23.
686 2825 815 2892 Festina
840 2825 883 2890 ad
911 2823 1068 2888 raciliam
1092 2843 1192 2887 meum
1244 2830 1309 2893 imo
1331 2850 1371 2893 cx
1395 2843 1462 2891 tam
1485 2830 1555 2894 diro
1577 2828 1721 2893 cruciatu
1744 2848 1839 2910 quem
1862 2828 2024 2906 descmbit,
2046 2830 2210 2896 coniicere

233 2917 377 2995 Domine,
395 2913 483 2979 salros
504 2911 623 2997 tow).
1245 2913 1329 2990 licet,
1352 2914 1403 2979 vel
1425 2913 1544 2979 multas
1567 2913 1757 2979 afflictiones
1782 2914 2023 2996 comprehendi,
2045 2914 2094 2980 vel
2115 2928 2209 2980 certe

1246 3020 1345 3063 unam
1367 3020 1408 3063 ex
1430 2999 1580 3065 omnibus
1591 2998 1830 3083 gravissimam,
1853 3009 1886 3062 et
1907 3020 1993 3082 quae
2013 3000 2048 3065 in
2068 2999 2209 3083 longum

320 3086 359 3151 In
394 3085 454 3150 hac
486 3082 632 3149 clausula
665 3090 814 3148 votorum
849 3102 982 3147 suorum
1013 3089 1128 3164 caput,
1160 3089 1194 3144 et
1245 3096 1373 3166 tempus
1395 3097 1556 3167 protracta
1577 3085 1682 3149 fuerit.
1718 3083 1910 3149 Tenendum
1927 3105 2006 3149 vero
2023 3092 2082 3163 est,
2103 3085 2208 3151 Dari·

235 3173 335 3238 totius
356 3170 549 3254 precationis
570 3188 730 3233 summam
751 3167 892 3233 breviter
920 3166 1125 3250 perstringit,
1155 3176 1194 3229 ut
1246 3169 1317 3235 dem
1347 3171 1407 3232 hoc
1440 3170 1570 3235 Psalmo
1602 3190 1667 3235 uon
1701 3167 1887 3251 praedicare
1920 3171 2076 3236 virtutem
2103 3191 2209 3248 suam,

235 3258 359 3325 scilicet
386 3257 494 3338 ipsum
526 3253 566 3317 ab
588 3253 773 3319 hominibus
802 3253 981 3332 desertum,
1012 3263 1044 3317 et
1076 3252 1194 3316 misere
1245 3254 1330 3337 quod
1354 3263 1429 3319 vota
1446 3255 1486 3319 ad
1505 3255 1634 3336 pietatis
1653 3253 1799 3336 regulam
1817 3257 1993 3336 composita
2009 3276 2120 3321 coram
2136 3254 2210 3321 Deo

235 3342 385 3409 omnibus
414 3340 517 3405 modis
549 3339 705 3404 afflictum
735 3340 825 3404 Deus
852 3340 991 3422 excipiat
1019 3349 1052 3402 et
1080 3337 1193 3419 erigat.
1245 3341 1441 3422 conceperit:
1460 3339 1517 3405 sed
1534 3344 1641 3424 potius
1656 3340 1857 3405 infirmitatis
1874 3362 1953 3406 suae
1971 3342 2086 3406 vitium
2103 3343 2210 3421 lateri,

234 3428 353 3494 Tribus
381 3439 490 3490 autem
518 3423 672 3505 loquendi
701 3425 814 3489 formis
854 3425 972 3488 utitur:
1017 3444 1058 3487 ne
1086 3422 1194 3505 ipsum
1246 3423 1331 3507 quod
1353 3425 1539 3491 efferbuerit
1559 3426 1731 3491 immodico
1754 3425 1871 3505 dolore,
1893 3436 1928 3490 et
1948 3427 2073 3511 impetu
2095 3436 2210 3509 raptus

235 3514 362 3579 deserat
379 3511 430 3576 vel
445 3511 515 3574 eius
532 3529 644 3575 euram
662 3508 790 3575 abiiciat
803 3510 907 3573 Deus:
926 3529 967 3572 ne
982 3516 1125 3573 remotus
1137 3507 1194 3571 sit:
1247 3511 1345 3575 fuerit
1366 3510 1407 3574 ad
1427 3512 1708 3593 expostulandum.

234 3598 292 3664 sed
320 3617 413 3679 opem
437 3616 530 3661 suam
553 3593 716 3659 acceleret.
760 3594 941 3660 Persuasus
969 3594 1097 3674 quidem
1125 3603 1197 3656 erat
1332 3596 1362 3658 2.
1385 3595 1495 3680 (Dici,
1520 3594 1723 3680 Otrstodiam.)
1766 3594 1839 3660 Hac
1868 3597 2111 3663 circumstantia
2140 3617 2211 3662 am·

235 3682 352 3761 David,
382 3683 488 3746 Deum
517 3701 644 3761 semper
667 3681 882 3763 propinquum
904 3699 974 3744 esse
995 3678 1099 3743 servis
1120 3677 1196 3756 suis,
1248 3681 1369 3763 plificat
1400 3682 1510 3746 David
1547 3683 1665 3747 doloris
1704 3680 1922 3759 atrocitatem,
1963 3681 2048 3764 quod
2081 3694 2211 3763 praeter

234 3791 294 3835 nec
311 3776 476 3833 momento
495 3787 558 3829 uno
575 3764 702 3848 longius
719 3763 847 3830 tardare
865 3785 960 3846 quam
981 3772 1122 3847 oportet:
1139 3762 1195 3828 sed
1248 3767 1348 3830 animi
1371 3769 1420 3832 sui
1444 3769 1641 3851 propositum
1664 3768 1698 3830 in
1722 3766 1944 3832 acerbissimas
1965 3766 2115 3851 querelas
2137 3788 2210 3850 pro·

235 3850 507 3938 quemadmodum
529 3849 605 3915 alibi
624 3850 774 3929 vidimus,
797 3851 878 3914 nihil
898 3851 1017 3915 mirum
1035 3851 1064 3914 si
1082 3850 1194 3925 sancti,
1248 3853 1379 3933 ruperit.
1426 3851 1564 3917 Summa
1588 3853 1673 3917 enim
1703 3861 1769 3917 est:
1805 3851 1916 3932 Quum
1944 3853 2052 3917 animo
2084 3852 2126 3917 ad
2156 3872 2211 3935 pa·

238 3941 427 4003 dumcuras
449 3948 575 4003 suaset
597 3956 757 4001 moerores
779 3947 956 4001 exonerant
978 3936 1014 4000 in
1036 3935 1194 4018 gremium
1249 3937 1394 4002 tientiam
1427 3938 1604 4020 composito
1636 3937 1801 4002 silentium
1834 3938 1895 4002 sibi
1927 3938 2134 4021 imperasset,
2177 3939 2211 4002 vi

237 4025 308 4099 Dei,
333 4034 407 4087 vota
428 4022 613 4106 concipiant
635 4041 676 4086 ex
698 4021 803 4086 earnis
825 4041 903 4085 suae
931 4042 1038 4086 sensu.
1081 4019 1196 4102 Neque
1247 4032 1358 4087 tamen
1391 4021 1510 4087 doloris
1543 4023 1603 4087 hoo
1630 4021 1799 4089 consilium
1828 4043 1998 4089 excussum
2026 4023 2141 4100 fuisse,
2177 4036 2211 4088 st

237 4111 323 4173 enim
346 4109 399 4173 vel
421 4108 643 4172 infirmitatem
665 4128 757 4172 suam
780 4107 876 4171 fateri
898 4107 1014 4189 pudet:
1040 4105 1092 4170 vel
1114 4125 1196 4187 quae
1248 4127 1341 4172 voces
1372 4118 1533 4185 extortas,
1566 4129 1606 4172 ex
1640 4107 1755 4190 quibus
1789 4120 1928 4191 pateret,
1960 4108 2059 4172 nimis
2090 4108 2210 4173 intem·

237 4194 397 4276 obrepunt
408 4192 623 4257 dubitationes
635 4206 743 4276 tegere
763 4192 900 4274 expedit.
929 4192 1061 4257 Interea
1082 4210 1195 4272 quam·
1247 4203 1398 4275 peranter
1426 4213 1501 4257 eum
1530 4191 1647 4258 dolere.
1701 4193 1837 4258 Dicendi
1868 4192 1980 4273 verbo,
2008 4202 2123 4259 notum
2150 4205 2209 4272 est,

237 4280 287 4343 vis
310 4298 400 4342 mora
421 4276 544 4342 Davidi
576 4277 753 4344 secundum
783 4298 914 4342 carnem
936 4278 1073 4342 molesta
1101 4286 1193 4353 esset,
1247 4298 1342 4360 saepe
1374 4298 1439 4342 non
1471 4287 1643 4343 externum
1675 4300 1873 4356 sermonem,
1902 4278 1958 4343 sed
1992 4278 2067 4361 quid
2100 4280 2209 4342 animo

237 4384 303 4431 uno
325 4376 432 4427 tamen
456 4363 554 4427 verbo
576 4364 661 4428 clare
683 4364 883 4427 demonstrat
904 4383 939 4428 se
961 4384 1026 4426 non
1049 4362 1195 4425 dubitan·
1247 4364 1381 4446 quisque
1402 4364 1588 4446 conceperit
1606 4366 1725 4429 notari:
1747 4365 1880 4447 ideoque
1895 4361 2060 4428 interdum
2077 4362 2211 4428 additur

237 4466 288 4516 ter
310 4449 434 4533 precari
457 4468 557 4528 quum
575 4448 682 4512 Deum
702 4448 842 4531 appellat
858 4447 997 4513 salutem
1019 4468 1120 4521 suam,
1143 4447 1194 4512 vel
1247 4448 1288 4513 ln
1310 4448 1415 4515 corde.
1458 4448 1619 4532 Intelliglt
1640 4471 1717 4534 ergo
1740 4450 1847 4514 David
1876 4470 1911 4514 se
1941 4469 2007 4513 non
2029 4458 2210 4514 ostentasse

237 4536 352 4602 salutis
375 4532 563 4616 praesidem.
612 4533 696 4597 Nam
718 4533 801 4615 quod
824 4534 878 4597 alii
909 4533 952 4599 cd
971 4532 1100 4597 salutm
1122 4553 1194 4596 ver·
1247 4534 1470 4600 fortitudinem
1510 4535 1545 4598 in
1587 4535 1755 4599 hominum
1776 4534 1895 4614 oculis,
1928 4531 2115 4599 sedectam
2136 4533 2209 4599 Dec

237 4632 329 4699 tunt,
362 4630 506 4685 coactum
540 4634 603 4681 est:
635 4621 742 4699 potius
776 4619 861 4682 enim
895 4619 1003 4683 David
1037 4617 1195 4682 machinis
1247 4619 1348 4685 fuisse
1370 4619 1468 4702 longa
1496 4619 1702 4684 meditatione
1731 4619 1828 4701 probe
1857 4620 2019 4685 munitum
2051 4619 2094 4682 ad
2122 4618 2210 4685 mala

238 4704 388 4772 omnibus
399 4702 515 4787 quibus
537 4704 715 4785 impetitam
735 4704 832 4768 fuisse
854 4705 922 4769 eius
939 4703 1035 4768 fidem
1048 4703 1195 4781 vidimus,
1249 4702 1448 4786 perferenda.
1510 4707 1616 4785 Atque
1656 4704 1736 4771 haec
1774 4704 1929 4770 sedulitas
1968 4704 2111 4770 notanda
2149 4717 2209 4769 est.

238 4813 369 4857 murum
393 4791 479 4854 hunc
501 4790 642 4872 opponit,
664 4787 829 4853 indubiam
851 4788 911 4854 sibi
930 4789 1140 4854 nihilominus
1161 4790 1195 4852 in
1247 4790 1362 4873 Neque
1379 4789 1464 4853 enim
1483 4788 1523 4853 ad
1541 4792 1719 4854 cavendum
1739 4791 1858 4855 frustra
1876 4800 2043 4874 tantopere
2060 4794 2209 4856 intentus

240 4878 309 4941 Dec
332 4876 469 4941 salutem
492 4896 571 4941 esse.
1248 4874 1325 4940 fuit:
1348 4872 1404 4938 sed
1426 4875 1501 4955 quia
1522 4895 1597 4939 suae
1619 4875 1804 4958 fragilitatis
1822 4879 1969 4942 conscius
1990 4888 2070 4952 erat,
2090 4875 2208 4942 deindo

1247 4960 1370 5025 sciebat
1401 4980 1497 5040 quam
1537 4960 1731 5044 multiplices
1768 4961 1901 5027 insidias
1940 4976 2066 5026 sunere
2106 4961 2209 5026 soleat

326 5064 738 5133 *)Soigneur,monso1ot,oa
754 5076 861 5130 maroc:
880 5078 915 5116 on
931 5061 965 5115 da
982 5078 1045 5115 mon
1062 5062 1140 5116 salut.
1250 5045 1369 5110 Satan:
1403 5045 1631 5127 circumspexit
1653 5046 1717 5112 huo
1738 5056 1771 5109 et
1787 5046 1880 5122 illuc,
1910 5055 1942 5109 ot
1971 5046 2153 5112 custodiam
2173 5046 2209 5112 in

1249 5150 1359 5194 omnes
1392 5142 1500 5211 partes
1532 5131 1696 5214 apposuit,
1730 5152 1773 5196 ne
1805 5154 1825 5197 a
1854 5131 1968 5197 dextra
1995 5132 2046 5198 rel
2075 5133 2209 5199 sinistra

1248 5215 1360 5280 furtim
1393 5215 1550 5298 obrepens
1584 5217 1736 5295 tentatio,
1768 5217 1804 5281 in
1836 5219 1980 5283 animum
2012 5226 2207 5300 penetraret
