4658 5856
230 320 291 385 123
1068 310 1283 381 PSALMUS
1305 312 1368 378 Xl.
2147 307 2211 372 124

226 507 324 590 idque
344 505 422 570 faait
443 507 561 587 partim
585 517 621 568 nt
642 504 744 569 bonae
765 501 981 569 ooasaientiae
1003 501 1189 567 testimonio
1212 518 1217 573 ι
1240 500 1443 583 aequiesaere
1471 521 1530 566 aas
1559 499 1668 566 deest:
1698 499 1793 564 sianti
1822 518 1908 564 nuno
1930 495 2091 563 Davidem
2117 494 2208 560 vide-

226 595 318 659 sein
340 591 434 656 malis
456 590 595 655 soletur:
619 590 736 671 partim
759 598 796 652 ιιι
817 587 880 654 sibi
901 587 941 651 ad
962 607 1053 669 spem
1072 585 1189 650 libera·
1240 606 1313 650 mus
1341 585 1436 651 anioo
1466 586 1526 651 hoo
1547 585 1662 651 solatio
1690 593 1878 649 eontentum
1900 603 1980 661 esse,
2009 581 2094 665 quod
2117 581 2210 646 Deus

226 677 325 742 tionis
365 677 538 741 transitum
578 675 684 740 faeiat.
738 673 822 737 Nam
855 672 931 736 inde
963 671 1004 736 ad
1039 670 1189 738 fidnoiam
1239 671 1424 755 praesideat
1445 671 1587 736 humano
1605 670 1728 754 generi,
1751 680 1785 734 et
1802 688 2015 752 quaeeunque
2031 668 2066 731 in
2086 665 2208 731 manda

226 762 391 826 animatus
420 761 491 840 fuit,
522 759 609 843 quod
637 780 677 824 ex
706 778 821 824 causae
841 759 984 823 bonitate
1006 758 1189 839 eonoiperet
1239 765 1408 840 geruntur,
1431 756 1599 822 observet:
1622 757 1771 839 quamvis
1794 775 1859 819 nan
1882 755 2032 838 protinas
2054 764 2209 835 appareat

224 848 335 912 Deum
357 869 377 912 a
397 860 491 929 parte
512 867 573 912 sua
594 855 690 924 stare,
712 843 837 926 sibique
859 844 927 910 fore
948 844 1135 926 propitium.
1239 843 1309 908 eins
1329 842 1481 926 eognitio.
1515 841 1642 907 (llarior
1663 841 1762 906 etiam
1786 841 1945 924 expositio
1967 859 2044 903 mox
2066 838 2209 917 additur,

1238 927 1344 993 Deum
1363 931 1449 993 inter
1466 928 1570 993 iustos
1591 938 1625 992 et
1641 926 1780 992 iniustos
1798 925 2000 991 disseruere:
2023 934 2057 989 et
2075 925 2207 1006 qnidam

310 1020 340 1083 4.
362 1017 477 1082 Isbova
498 1017 534 1082 in
549 1015 674 1097 palatia
701 1014 876 1080 sanctitatis
895 1033 989 1078 snae:
1019 1011 1133 1078 Iaboaa
1154 1011 1189 1076 in
1239 1024 1277 1078 nt
1304 1013 1438 1078 minime
1472 1013 1513 1079 sit
1545 1013 1684 1097 ignavus
1717 1021 1889 1094 speetator.
1942 1009 2086 1074 Probare
2119 1012 2209 1075 enim

223 1103 313 1171 melis
334 1104 450 1168 saliam
471 1104 554 1167 aas:
576 1101 657 1165 osnli
679 1100 746 1164 sias
762 1098 914 1178 antara
931 1098 1101 1179 palpebrae
1120 1098 1189 1163 aas
1238 1098 1362 1164 iustum
1393 1098 1522 1176 dieitur,
1550 1107 1584 1164 et
1612 1096 1685 1162 odio
1714 1097 1865 1179 prosequi
1887 1096 2013 1177 impios.
2058 1094 2208 1161 Verbum

224 1189 460 1255 mnaiderabm
479 1186 562 1268 filios
582 1186 753 1251 laminam.
788 1184 818 1250 5.
842 1184 958 1250 lebona
979 1185 1097 1249 iratam
1116 1202 1190 1266 pro-
1239 1195 1318 1295 ἶη),
1348 1184 1434 1267 quod
1465 1182 1601 1267 probare
1624 1181 1791 1263 varamus,
1819 1201 1956 1248 examen
1979 1200 2075 1262 saepe
2097 1191 2209 1245 notat:

223 1275 316 1358 babit,
353 1274 486 1356 impiam
515 1292 586 1336 nero
614 1276 642 1336 et
669 1272 725 1353 qni
757 1271 860 1354 diliqit
882 1270 1088 1351 iniquitaten,
1123 1269 1190 1334 odit
1239 1277 1296 1336 sed
1320 1272 1379 1335 hoa
1401 1271 1470 1336 loeo
1487 1269 1665 1352 simpliaius
1683 1269 1888 1350 interpretor,
1911 1266 2019 1331 Deum
2037 1265 2085 1330 sio
2103 1266 2209 1349 inqui·

223 1361 333 1427 anima
354 1359 430 1424 nas.
1239 1377 1311 1421 rere
1339 1355 1379 1420 de
1408 1356 1662 1436 uniuscuiusque
1695 1373 1802 1432 eausa,
1841 1363 1878 1418 at
1903 1354 2005 1417 iustos
2035 1350 2076 1415 ab
2099 1352 2208 1435 impiis

1240 1439 1431 1526 distinguat.
1474 1441 1601 1505 Exosos
1622 1446 1731 1504 autem
1754 1439 1784 1502 ei
1806 1459 1876 1503 esse
1897 1435 1976 1503 dioit
2003 1437 2058 1519 qui
2080 1436 2210 1504 iniuriis

307 1531 337 1594 4.
359 1527 487 1613 (lebona
507 1528 543 1591 in
559 1525 707 1613 palatio.)
728 1526 824 1591 Nune
842 1524 990 1607 sequitur
1011 1524 1069 1589 illa
1090 1545 1186 1607 qnam
1238 1537 1270 1590 et
1298 1526 1391 1593 noxis
1420 1525 1568 1592 student:
1596 1525 1673 1608 quia
1694 1525 1788 1589 sianti
1804 1532 1967 1588 ‘mutuam
1989 1520 2078 1587 inter
2100 1522 2206 1588 homi·

222 1616 289 1681 dixi
307 1613 468 1700 gloriatio,
487 1634 562 1677 nam
581 1613 734 1678 humanis
752 1610 882 1676 auxiliis
899 1609 1051 1676 exalnsns
1065 1608 1186 1693 David,
1239 1634 1297 1678 nos
1335 1613 1601 1677 cousuetudinem
1634 1610 1786 1686 instituit,
1827 1631 1899 1674 eam
1939 1608 2013 1674 vult
2053 1628 2073 1672 a
2113 1607 2208 1675 nobis

222 1702 262 1768 ad
285 1701 349 1766 Dei
371 1697 607 1781 providentiam
630 1719 665 1762 se
687 1696 821 1762 eonfert.
865 1694 1009 1778 Insignis
1038 1717 1115 1760 vero
1138 1694 1188 1780 (ut
1237 1697 1384 1763 illaesam
1416 1698 1487 1763 oali.
1543 1699 1632 1781 Ergo
1666 1706 1703 1759 ut
1733 1704 1880 1761 sanetum
1920 1715 2017 1760 suum
2058 1693 2209 1759 ordinem

221 1788 298 1853 alibi
326 1783 409 1870 dixi)
438 1783 519 1849 hasa
548 1783 624 1848 fidei
654 1783 800 1865 probatio
830 1792 888 1858 est,
917 1802 1016 1864 quum
1044 1780 1188 1847 tenebris
1238 1793 1376 1861 tueatur,
1409 1783 1574 1866 improbis,
1607 1781 1661 1866 qni
1691 1782 1763 1846 aliis
1796 1781 1925 1846 molesti
1957 1792 2045 1859 sunt,
2078 1778 2210 1844 bostem

221 1871 365 1954 undique
398 1870 434 1933 iu
465 1867 589 1933 mundo
627 1867 875 1947 airanmdamur,
909 1867 1013 1932 lueem
1046 1887 1065 1931 e
1097 1867 1187 1932 eaelo
1238 1888 1309 1934 esse
1330 1879 1466 1951 oportet.
1496 1869 1586 1934 Iusto
1608 1867 1706 1932 etiam
1731 1866 1793 1930 Dei
1816 1867 1889 1933 odio
1912 1886 2003 1930 amor
2024 1864 2208 1930 iniustitiae

221 1970 341 2041 petere,
374 1975 456 2037 quae
489 1974 547 2018 nos
579 1955 613 2017 in
646 1974 736 2038 spem
772 1953 886 2018 salutis
921 1950 1050 2037 dirigat.
1101 1951 1187 2017 Nam
1237 1954 1421 2036 opponitur,
1443 1964 1480 2018 nt
1501 1955 1642 2020 seiamus
1663 1973 1718 2017 eos
1740 1952 1795 2035 qui
1818 1952 1880 2017 sibi
1902 1952 1936 2016 in
1954 1949 2122 2015 malelioiis
2140 1949 2208 2033 pla·

222 2045 280 2108 etsi
311 2041 458 2105 fatentur
492 2060 604 2105 omnes
631 2038 790 2104 divinitus
822 2038 980 2103 muudum
1013 2037 1098 2120 regi:
1132 2037 1186 2102 ubi
1237 2052 1321 2118 aaut,
1345 2040 1463 2105 talibus
1485 2040 1650 2106 blanditiis
1672 2037 1755 2104 nibil
1777 2037 1944 2121 profitere.

221 2141 335 2193 tamen
373 2125 476 2191 tristis
508 2146 619 2189 rerum
651 2124 797 2190 ennfusio
834 2123 1006 2208 aqliginem
1046 2122 1186 2200 obduait,

222 2215 315 2297 pauni
348 2221 425 2277 sunt
457 2232 593 2293 quarum
626 2210 744 2276 animis
778 2211 857 2275 haee
893 2209 1059 2292 persuasio
1091 2210 1187 2274 firma
1322 2211 1353 2275 6.
1375 2210 1469 2276 Plast
1484 2231 1578 2293 snper
1594 2211 1718 2292 impios,
1749 2210 1884 2291 laquata
1912 2209 2013 2292 iqnsm
2031 2211 2059 2273 et
2075 2204 2210 2287 raptor

220 2299 351 2382 penitas
372 2295 521 2361 insideat.
567 2297 669 2378 Atqui
692 2295 831 2361 Davidis
852 2295 1002 2378 exemplo
1024 2295 1070 2360 sie
1093 2294 1186 2360 nobis
1236 2302 1415 2362 strenam
1442 2296 1616 2362 turbinnm:
1641 2316 1724 2379 pars
1753 2295 1863 2360 salian
1897 2314 2012 2359 seram.
2059 2297 2090 2355 7.
2125 2290 2208 2370 Quia

221 2381 401 2468 reputanda
427 2394 476 2448 est
506 2380 569 2446 Dei
601 2379 817 2462 providentia,
850 2392 887 2445 ιιι
919 2382 1016 2446 rebus
1048 2378 1186 2464 perditis
1236 2383 1340 2447 instas
1373 2381 1493 2448 lebona
1525 2384 1664 2449 iustitiae
1691 2381 1807 2464 attat,
1840 2378 1986 2463 reetam*)
2010 2376 2126 2459 probat
2156 2375 2209 2458 fa·

220 2469 398 2536 remedium
429 2490 470 2532 ex
499 2468 569 2533 eius
590 2466 710 2532 iuditio
736 2486 911 2548 speremus.
957 2464 1076 2531 Subest
1098 2465 1185 2528 enim
1238 2467 1299 2532 aies
1320 2468 1398 2532 eina

219 2556 307 2621 inter
334 2553 460 2621 eoelum
489 2566 523 2617 et
553 2561 673 2616 terram
696 2550 883 2615 antithesis:
916 2551 1039 2632 quiesi
1063 2551 1097 2613 in
1120 2559 1183 2613 ter-

220 2664 299 2707 reno
328 2648 361 2703 et
385 2637 505 2704 visibili
527 2658 636 2702 rerum
665 2645 752 2701 statu
774 2637 860 2701 fixus
882 2636 1026 2700 stetisset
1049 2633 1186 2699 Davidis
1321 2638 1350 2702 6.
1373 2637 1482 2788 &Piae
1508 2658 1603 2719 snper
1629 2636 1694 2722 eta.)
1730 2637 1802 2703 Iam
1836 2644 1999 2720 postrema
2033 2633 2206 2700 eonstituit

220 2747 346 2807 sensas,
391 2723 519 2787 nullum
558 2722 683 2786 exitum
722 2721 904 2803 reperisset.
965 2720 1061 2786 Nune
1108 2741 1186 2786 vero
1239 2723 1358 2806 David,
1395 2725 1456 2791 'eet
1477 2724 1643 2807 paulisper
1664 2735 1767 2788 nosset
1789 2724 1879 2788 Deus
1899 2743 1937 2786 aa
1958 2720 2097 2798 differat,
2127 2739 2207 2783 ven·

220 2809 370 2894 quamvis
392 2809 427 2870 in
449 2806 571 2871 mundo
594 2815 756 2888 prostrata
777 2806 881 2871 iaaeat
902 2805 1009 2871 omnis
1031 2806 1185 2888 aequitas,
1238 2817 1348 2874 turum
1371 2821 1481 2876 tamen
1503 2809 1636 2875 ultionis
1663 2821 1800 2892 tempus.
1846 2809 1897 2873 Ita
1920 2805 2067 2873 videmus
2089 2802 2206 2889 grada-

221 2893 355 2979 perierit
388 2890 482 2956 fides:
522 2902 631 2957 tamen
671 2896 837 2976 integrum
876 2891 913 2957 iu
952 2890 1041 2957 aoelo
1074 2890 1186 2956 sedere
1239 2897 1299 2961 tim
1329 2916 1403 2960 eum
1437 2894 1478 2959 ad
1510 2917 1600 2978 spem
1635 2895 1736 2960 felinis
1769 2896 1875 2959 exitus
1906 2889 2135 2970 eonsoendere,
2165 2910 2207 2954 ne

222 2981 349 3063 eogitat,
380 2996 485 3059 aquo
507 2976 668 3060 speranda
689 2977 733 3042 sit
754 2976 888 3060 collapsi
909 2976 1033 3042 ordinis
1055 2977 1186 3042 restitu·
1239 3002 1350 3048 rernm
1389 2982 1535 3046 omnium
1568 2981 1735 3064 dissipatio
1775 2980 1873 3045 fidem
1913 2979 1984 3043 eius
2015 2975 2209 3041 labelaotet:

222 3067 277 3131 tio.
321 3063 435 3145 Neque
464 3063 552 3127 enim
582 3062 775 3146 simplieiter
801 3061 880 3128 diait
901 3062 1009 3128 Deum
1040 3063 1187 3129 habitare
1240 3068 1316 3149 quia
1348 3065 1420 3131 Dea
1455 3066 1571 3132 stabile
1608 3076 1719 3131 manet
1752 3066 1786 3130 in
1818 3065 1908 3131 eaelo
1943 3061 2096 3140 tribunal,
2137 3060 2208 3125 eius

222 3152 256 3217 in
278 3150 376 3228 aoelo,
407 3149 464 3214 sed
487 3168 624 3233 regnare
652 3160 806 3232 tanquam
828 3149 864 3212 in
886 3149 1006 3231 palatio
1028 3150 1127 3233 regio,
1156 3156 1189 3212 et
1239 3152 1362 3217 intuita
1384 3173 1419 3216 se
1441 3155 1588 3218 sustinet.
1633 3150 1761 3217 Deinde
1783 3149 1940 3234 expendit
1960 3147 2039 3232 qnid
2065 3147 2210 3230 requirat

221 3237 339 3304 solium
378 3233 490 3299 iudinii
526 3234 592 3299 illio
625 3243 744 3300 tenere.
796 3235 841 3299 Et
872 3245 961 3301 aerte
994 3255 1060 3299 non
1093 3234 1188 3300 aliter
1240 3238 1356 3303 iudiois
1378 3238 1530 3318 olfioium,
1563 3237 1650 3303 unde
1679 3237 1804 3321 colligit
1831 3238 1918 3302 faeta
1949 3235 2121 3300 hominnm
2143 3231 2209 3296 Dei

221 3324 329 3388 iustus
362 3321 465 3385 honor
496 3321 526 3385 ei
560 3319 715 3398 defertur,
755 3320 820 3385 nisi
859 3341 960 3402 quum
1002 3321 1061 3386 hoo
1094 3318 1188 3385 nabis
1239 3325 1348 3389 oeulos
1370 3344 1435 3388 non
1454 3325 1613 3408 effugere:
1636 3337 1669 3388 et
1687 3324 1836 3406 quamvis
1854 3342 1919 3386 non
1938 3323 2049 3387 statim
2067 3340 2209 3402 poenam

223 3419 311 3476 eerto
344 3425 533 3489 persuasum
567 3417 626 3483 est,
658 3406 787 3470 miseris
819 3406 970 3471 omnibus
1002 3416 1036 3470 et
1068 3405 1188 3471 iniuste
1240 3410 1352 3494 exigat
1380 3409 1420 3473 de
1450 3410 1630 3494 malefiaiis,
1661 3410 1735 3475 odio
1770 3422 1881 3474 tamen
1914 3407 2065 3489 prosequi
2093 3427 2209 3472 omnes

223 3492 385 3575 oppressis
407 3511 535 3554 sauram
558 3510 628 3554 esse
651 3490 777 3574 asylum
811 3490 883 3554 eius
901 3490 1054 3555 tribunal.
1077 3490 1187 3572 Quare
1239 3496 1411 3576 improbos.
1474 3497 1620 3561 Tandem
1658 3496 1797 3569 subiioit,
1837 3514 1937 3576 quum
1978 3500 2124 3558 armatus
2164 3492 2210 3557 sit

223 3576 301 3642 dum
340 3577 375 3639 in
415 3585 503 3640 terra
541 3584 733 3659 grassantur
755 3572 894 3651 fraudes,
935 3574 1011 3652 doli,
1045 3578 1187 3657 perfidia,
1240 3580 1330 3645 Dens
1367 3582 1519 3662 potentia,
1549 3581 1679 3645 irritum
1713 3581 1764 3646 vel
1794 3581 1891 3644 inane
1923 3599 1990 3642 non
2023 3578 2093 3643 iore
2127 3576 2209 3642 illud

223 3661 408 3758 erudelitas,
441 3659 625 3738 violentiae,
666 3667 699 3724 et
731 3660 875 3758 rapinae,
908 3659 1047 3742 denique
1079 3662 1189 3724 omnia
1240 3663 1359 3729 odium.
1410 3666 1462 3731 Ita
1498 3666 1691 3749 quantisper
1724 3689 1743 3728 a
1778 3666 1891 3747 poenis
1930 3665 2071 3746 quiesait
2105 3662 2208 3741 Deus,

222 3748 400 3813 iniustitiae
443 3755 475 3810 et
517 3746 676 3813 saelorum
717 3745 859 3809 tenebris
902 3747 1059 3827 permista
1102 3756 1188 3822 suat,
1241 3750 1363 3832 agnitio
1395 3750 1537 3815 iustitiae
1559 3751 1627 3816 eins
1656 3770 1745 3830 spem
1776 3760 1922 3814 nostram
1952 3749 2053 3831 probe
2075 3748 2208 3833 fovebit,

224 3833 409 3917 praelaeeat
452 3843 562 3897 tamen
604 3832 696 3897 nobis
729 3829 811 3895 lidos
849 3829 889 3894 ad
923 3830 1189 3913 eonspioiendum
1241 3835 1343 3901 donee
1371 3835 1490 3902 affeetu
1523 3837 1635 3917 probet
1667 3856 1701 3899 se
1737 3856 1903 3916 nunquam
1937 3856 1957 3900 a
1988 3856 2048 3900 sus
2075 3837 2208 3917 apennia

223 3918 360 3983 eoeleste
392 3917 454 3982 Dei
482 3918 618 3982 solium:
648 3928 745 4001 atque
776 3916 828 3983 hie
856 3917 995 3981 intuitus
1026 3916 1118 3981 nobis
1149 3915 1189 3981 ad
1241 3919 1436 3986 dissessisse.
1481 3919 1572 3986 Seite
1599 3929 1708 3984 autem
1730 3940 1810 4002 quas
1831 3920 1923 3985 Deus
1944 3920 2064 4004 infligit
2086 3942 2208 4003 poenas

224 4004 428 4068 tolerantiam
473 4003 623 4070 snliieiat,
685 4002 858 4085 Templum
902 4001 1092 4078 sanatitatis,
1139 4002 1189 4067 rel
1241 4003 1372 4087 pluviae
1400 4014 1577 4088 comparat,
1613 4007 1707 4071 siouti
1730 4006 1818 4070 enim
1842 4026 1907 4069 non
1929 4020 2007 4071 snnt
2033 4007 2209 4074 aonfinnae

223 4101 373 4153 sanatum
390 4085 488 4171 (qnod
510 4090 639 4172 saepius
660 4109 720 4172 pro
743 4087 844 4154 Sione
866 4085 1004 4170 eapitur)
1027 4087 1080 4151 hie
1103 4086 1192 4152 haud
1241 4090 1383 4173 pluviae,
1405 4090 1462 4156 sed
1484 4112 1539 4156 eas
1561 4092 1734 4175 Dominus,
1757 4091 1881 4173 quoties
1900 4093 2006 4157 visum
2030 4103 2089 4169 est,
2112 4094 2208 4159 emit-

224 4171 319 4237 dubie
341 4174 465 4238 eaelum
489 4174 667 4257 signifieat:
690 4173 777 4255 qnod
799 4173 898 4237 etiam
916 4171 1066 4255 repetitio
1082 4182 1191 4238 osten·
1242 4176 1298 4240 tit:
1328 4177 1394 4241 imo
1424 4176 1478 4241 ubi
1500 4178 1645 4241 maxima
1666 4191 1716 4242 est
1736 4176 1905 4255 serenitas,
1927 4187 2056 4259 reperte
2073 4179 2208 4261 grandi·

225 4256 284 4323 dit.
330 4257 465 4323 Certum
488 4262 574 4323 enim
598 4270 647 4324 est
668 4258 754 4322 idem
778 4257 827 4322 bis
848 4258 964 4322 disere.
1012 4257 1102 4323 Orati
1123 4260 1191 4325 eins
1242 4282 1317 4326 nem
1339 4272 1396 4326 aut
1414 4262 1595 4327 violentum
1616 4262 1753 4327 imbrem
1776 4263 1913 4327 exaltat:
1935 4264 1982 4327 ita
2000 4264 2209 4345 repentinam

224 4343 375 4409 aaran
399 4343 452 4407 Ex
474 4345 621 4424 proxima
643 4343 804 4409 sententia
822 4342 954 4427 ealligit,
977 4342 1060 4407 nihil
1082 4343 1190 4409 Deum
1242 4347 1418 4413 vindictam
1452 4347 1613 4430 signifieat
1644 4348 1752 4431 impiis
1784 4349 1918 4427 instare,
1952 4358 1988 4412 ut
2020 4347 2141 4414 hilares
2174 4360 2208 4416 et

224 4429 343 4494 latere:
365 4427 499 4509 ideoque
520 4430 606 4495 laeta
627 4428 796 4494 hominnm
818 4429 853 4492 in
875 4429 1035 4493 rationem
1058 4428 1190 4495 tandem
1241 4429 1365 4498 delioiis
1387 4433 1454 4497 suis
1475 4433 1555 4497 ebrii
1578 4442 1741 4497 momento
1763 4443 1908 4517 pereant.
1941 4434 2073 4499 Interea
2094 4441 2207 4501 tamen

224 4535 298 4580 aum
321 4515 391 4597 ipso
412 4523 559 4579 ventura.
602 4512 687 4578 Nam
717 4515 745 4579 si
762 4513 854 4580 Deus
881 4514 915 4578 iu
945 4513 1034 4579 eaelo
1064 4525 1190 4598 regnat,
1241 4539 1355 4583 verum
1377 4527 1427 4583 est
1444 4517 1606 4582 Davidem
1628 4517 1669 4582 ad
1686 4517 1845 4584 Sodomae
1867 4529 1900 4583 et
1922 4520 2102 4588 Gomorrae
2119 4522 2207 4588 exei-

225 4613 259 4665 et
279 4600 346 4666 illie
366 4599 509 4664 looatum
530 4609 581 4663 est
602 4599 671 4663 eius
692 4599 827 4664 solium:
850 4598 1007 4680 sequitur,
1030 4599 1099 4664 lieri
1123 4621 1189 4665 non
1241 4603 1331 4668 dium
1362 4601 1514 4668 alludere.
1558 4603 1662 4669 Sieuti
1690 4605 1777 4668 enirn
1800 4603 1985 4686 prophetae,
2015 4625 2118 4689 quum
2141 4609 2206 4674 Dei

224 4706 318 4768 posse
346 4685 424 4767 qniu
447 4684 545 4749 rebus
566 4683 719 4749 humanis
740 4686 887 4749 intentus
915 4685 966 4760 sit,
997 4693 1035 4748 ιιι
1057 4684 1187 4750 tandem
1240 4689 1382 4773 gratiam
1416 4687 1526 4754 eleatis
1561 4690 1750 4772 promittere
1784 4688 1910 4770 volunt,
1947 4688 2205 4773 redemptionem

224 4772 380 4836 indiaiam
401 4790 495 4835 suum
517 4777 673 4836 exeroeat.
712 4769 797 4834 Nam
820 4769 981 4852 Epiauras
1003 4780 1035 4833 et
1056 4771 1189 4848 similes,
1240 4774 1339 4839 semel
1362 4774 1479 4837 laetam
1501 4785 1768 4839 commemorant:
1797 4777 1842 4839 ita
1865 4776 1942 4841 dnm
1966 4777 2119 4859 reprobos
2141 4790 2208 4847 ter·

226 4858 282 4939 qui
320 4857 458 4921 otiosum
496 4856 634 4937 fingunt,
671 4854 779 4937 potius
808 4862 961 4920 sternunt
993 4854 1039 4918 illi
1073 4857 1188 4935 anbile,
1240 4880 1311 4924 rere
1340 4857 1467 4936 volunt,
1497 4861 1664 4925 minantur
1685 4860 1846 4926 Sodomae
1875 4874 1909 4925 et
1931 4863 2113 4929 Gomorrae
2135 4870 2205 4932 exi·

226 4963 323 5024 quam
361 4940 504 5007 tribunal
533 4941 671 5025 erigant.
723 4939 813 5005 Haeo
842 4949 951 5003 etitem
980 4938 1057 5004 fidei
1084 4941 1188 5025 gloria
1239 4944 1331 5021 tium,
1355 4963 1414 5007 nea
1436 4943 1493 5008 abs
1515 4966 1559 5023 re,
1589 4968 1688 5029 qaum
1715 4946 1750 5009 in
1773 4969 1810 5011 eo
1833 4965 2026 5031 perpetuum
2049 4951 2117 5018 irae
2139 4953 2205 5019 Dei

227 5039 285 5104 est,
309 5025 416 5092 Deum
440 5027 553 5091 mundi
580 5026 729 5108 opifioem
758 5024 892 5088 minime
914 5025 1081 5107 negligere
1104 5026 1187 5091 ordi·
1240 5027 1470 5093 donumentnm
1489 5044 1617 5095 exstare
1635 5030 1920 5099 admoneatlndas
1934 5036 1968 5099 in
1984 5056 2043 5101 sua
2058 5039 2204 5119 epistola.

225 5133 301 5177 nem
323 5134 343 5176 a
365 5133 399 5177 se
420 5112 594 5177 eonditum.
638 5111 834 5193 Quanquam
857 5119 967 5173 autem
996 5109 1037 5173 ad
1060 5119 1187 5195 tempus
1240 5151 1438 5159 ——·—

226 5196 346 5262 iadieia
387 5197 572 5281 suspendat,
616 5198 650 5262 in
689 5196 760 5262 salo
801 5203 910 5260 tamen
953 5195 1023 5259 eins
1066 5195 1187 5262 intuitu
1326 5213 1356 5279 ·)
1373 5214 1400 5267 la
1416 5215 1561 5281 droicture,
1584 5234 1618 5272 sn
1632 5233 1737 5286 norae.-
1754 5218 1779 5273 te
1797 5219 1966 5275 droioturisr.
