<?xml version="1.0" encoding="UTF-8"?>
<!DOCTYPE html PUBLIC "-//W3C//DTD XHTML 1.0 Transitional//EN"
    "http://www.w3.org/TR/xhtml1/DTD/xhtml1-transitional.dtd">
<html xmlns="http://www.w3.org/1999/xhtml" xml:lang="en" lang="en">
 <head>
  <title>
</title>
<meta http-equiv="Content-Type" content="text/html;charset=utf-8" />
  <meta name='ocr-system' content='tesseract 3.04.00' />
  <meta name='ocr-capabilities' content='ocr_page ocr_carea ocr_par ocr_line ocrx_word'/>
</head>
<body>
  <div class='ocr_page' id='page_1' title='image "./corpusreformato05melagoog_0387.png"; bbox 0 0 4658 5856; ppageno 0'>
   <div class='ocr_carea' id='block_1_1' title="bbox 165 152 2154 377">
    <p class='ocr_par' dir='ltr' id='par_1_1' title="bbox 165 152 2154 377">
     <span class='ocr_line' id='line_1_1' title="bbox 843 152 870 225; baseline 0 0"><span class='ocrx_word' id='word_1_1' title='bbox 843 152 870 225; x_wconf 76' lang='lat' dir='ltr'><em>s</em></span> 
     </span>
     <span class='ocr_line' id='line_1_2' title="bbox 165 288 2154 377; baseline 0.001 -2"><span class='ocrx_word' id='word_1_2' title='bbox 165 309 227 375; x_wconf 81' lang='lat' dir='ltr'><strong>rau</strong></span> <span class='ocrx_word' id='word_1_3' title='bbox 524 288 528 314; x_wconf 80' lang='lat'><strong><em>¹</em></strong></span> <span class='ocrx_word' id='word_1_4' title='bbox 936 304 1150 372; x_wconf 75' lang='lat' dir='ltr'><strong>essenus</strong></span> <span class='ocrx_word' id='word_1_5' title='bbox 1173 305 1370 373; x_wconf 72' lang='lat' dir='ltr'><strong>nanum.</strong></span> <span class='ocrx_word' id='word_1_6' title='bbox 2094 311 2154 377; x_wconf 80' lang='lat' dir='ltr'><strong>roe</strong></span> 
     </span>
    </p>
   </div>
   <div class='ocr_carea' id='block_1_2' title="bbox 163 492 2156 1094">
    <p class='ocr_par' dir='ltr' id='par_1_2' title="bbox 164 492 2155 582">
     <span class='ocr_line' id='line_1_3' title="bbox 164 492 2155 582; baseline 0.002 -19"><span class='ocrx_word' id='word_1_7' title='bbox 164 496 215 566; x_wconf 83' lang='lat' dir='ltr'><strong>vel</strong></span> <span class='ocrx_word' id='word_1_8' title='bbox 237 495 371 573; x_wconf 85' lang='lat' dir='ltr'><strong>institia,</strong></span> <span class='ocrx_word' id='word_1_9' title='bbox 393 503 426 559; x_wconf 91' lang='lat' dir='ltr'><strong>et</strong></span> <span class='ocrx_word' id='word_1_10' title='bbox 447 492 605 579; x_wconf 90' lang='lat' dir='ltr'><strong>quidquid</strong></span> <span class='ocrx_word' id='word_1_11' title='bbox 627 492 774 558; x_wconf 84' lang='lat' dir='ltr'><strong>divinum</strong></span> <span class='ocrx_word' id='word_1_12' title='bbox 792 495 825 558; x_wconf 91' lang='lat' dir='ltr'><strong>iu</strong></span> <span class='ocrx_word' id='word_1_13' title='bbox 845 493 1043 559; x_wconf 77' lang='lat' dir='ltr'><strong>admirandis</strong></span> <span class='ocrx_word' id='word_1_14' title='bbox 1062 493 1132 559; x_wconf 93' lang='lat' dir='ltr'><strong>eius</strong></span> <span class='ocrx_word' id='word_1_15' title='bbox 1183 493 1319 576; x_wconf 88' lang='lat' dir='ltr'><strong>spiritus</strong></span> <span class='ocrx_word' id='word_1_16' title='bbox 1345 496 1447 560; x_wconf 89' lang='lat' dir='ltr'><strong>saneti</strong></span> <span class='ocrx_word' id='word_1_17' title='bbox 1478 498 1622 564; x_wconf 75' lang='lat' dir='ltr'><strong>caecitati</strong></span> <span class='ocrx_word' id='word_1_18' title='bbox 1652 499 1771 563; x_wconf 91' lang='lat' dir='ltr'><strong>mentis</strong></span> <span class='ocrx_word' id='word_1_19' title='bbox 1800 519 1878 564; x_wconf 89' lang='lat' dir='ltr'><strong>suae</strong></span> <span class='ocrx_word' id='word_1_20' title='bbox 1906 518 2091 582; x_wconf 89' lang='lat' dir='ltr'><strong>opponens:</strong></span> <span class='ocrx_word' id='word_1_21' title='bbox 2124 509 2155 566; x_wconf 91' lang='grc' dir='ltr'><strong>ει</strong></span> 
     </span>
    </p>

    <p class='ocr_par' dir='ltr' id='par_1_3' title="bbox 165 579 2154 667">
     <span class='ocr_line' id='line_1_4' title="bbox 165 579 2154 667; baseline 0.002 -19"><span class='ocrx_word' id='word_1_22' title='bbox 165 580 318 667; x_wconf 90' lang='lat' dir='ltr'><strong>operibus</strong></span> <span class='ocrx_word' id='word_1_23' title='bbox 347 581 495 665; x_wconf 85' lang='lat' dir='ltr'><strong>refulget.</strong></span> <span class='ocrx_word' id='word_1_24' title='bbox 539 579 634 647; x_wconf 87' lang='lat' dir='ltr'>Unde</span> <span class='ocrx_word' id='word_1_25' title='bbox 660 581 817 661; x_wconf 89' lang='lat' dir='ltr'><strong>sequitur,</strong></span> <span class='ocrx_word' id='word_1_26' title='bbox 846 580 990 663; x_wconf 81' lang='lat' dir='ltr'><strong>papistae</strong></span> <span class='ocrx_word' id='word_1_27' title='bbox 1020 599 1131 644; x_wconf 86' lang='lat' dir='ltr'><strong>veram</strong></span> <span class='ocrx_word' id='word_1_28' title='bbox 1184 579 1290 645; x_wconf 89' lang='lat' dir='ltr'><strong>cerdis</strong></span> <span class='ocrx_word' id='word_1_29' title='bbox 1334 580 1562 648; x_wconf 74' lang='lat' dir='ltr'><strong>mutitudinem</strong></span> <span class='ocrx_word' id='word_1_30' title='bbox 1604 584 1772 649; x_wconf 85' lang='lat' dir='ltr'><strong>affirmans</strong></span> <span class='ocrx_word' id='word_1_31' title='bbox 1810 604 1937 649; x_wconf 91' lang='lat' dir='ltr'><strong>merum</strong></span> <span class='ocrx_word' id='word_1_32' title='bbox 1979 606 2051 650; x_wconf 90' lang='lat' dir='ltr'><strong>esse</strong></span> <span class='ocrx_word' id='word_1_33' title='bbox 2093 586 2154 652; x_wconf 88' lang='lat' dir='ltr'><strong>Dei</strong></span> 
     </span>
    </p>

    <p class='ocr_par' dir='ltr' id='par_1_4' title="bbox 164 663 1320 750">
     <span class='ocr_line' id='line_1_5' title="bbox 164 663 1320 750; baseline -0.003 -17"><span class='ocrx_word' id='word_1_34' title='bbox 164 669 316 734; x_wconf 88' lang='lat' dir='ltr'><strong>deitatum</strong></span> <span class='ocrx_word' id='word_1_35' title='bbox 339 666 555 750; x_wconf 90' lang='lat' dir='ltr'><strong>quantumin</strong></span> <span class='ocrx_word' id='word_1_36' title='bbox 577 686 612 730; x_wconf 90' lang='lat' dir='ltr'><strong>se</strong></span> <span class='ocrx_word' id='word_1_37' title='bbox 634 673 683 729; x_wconf 86' lang='lat' dir='ltr'><strong>est</strong></span> <span class='ocrx_word' id='word_1_38' title='bbox 704 666 876 748; x_wconf 89' lang='lat' dir='ltr'><strong>abnegare,</strong></span> <span class='ocrx_word' id='word_1_39' title='bbox 906 685 1004 748; x_wconf 90' lang='lat' dir='ltr'><strong>quum</strong></span> <span class='ocrx_word' id='word_1_40' title='bbox 1025 665 1131 728; x_wconf 89' lang='lat' dir='ltr'><strong>Deum</strong></span> <span class='ocrx_word' id='word_1_41' title='bbox 1186 663 1320 730; x_wconf 88' lang='lat' dir='ltr'><strong>dunum.</strong></span> 
     </span>
    </p>

    <p class='ocr_par' dir='ltr' id='par_1_5' title="bbox 163 748 1131 827">
     <span class='ocr_line' id='line_1_6' title="bbox 163 748 1131 827; baseline -0.006 -7"><span class='ocrx_word' id='word_1_42' title='bbox 163 753 352 820; x_wconf 77' lang='lat' dir='ltr'><strong>fraudantes</strong></span> <span class='ocrx_word' id='word_1_43' title='bbox 381 754 448 818; x_wconf 91' lang='lat' dir='ltr'><strong>suis</strong></span> <span class='ocrx_word' id='word_1_44' title='bbox 477 749 665 827; x_wconf 83' lang='lat' dir='ltr'><strong>virtutibus,</strong></span> <span class='ocrx_word' id='word_1_45' title='bbox 696 748 822 815; x_wconf 90' lang='lat' dir='ltr'><strong>nudum</strong></span> <span class='ocrx_word' id='word_1_46' title='bbox 861 751 927 814; x_wconf 87' lang='lat' dir='ltr'><strong>fere</strong></span> <span class='ocrx_word' id='word_1_47' title='bbox 952 771 1072 815; x_wconf 90' lang='lat' dir='ltr'><strong>numen</strong></span> <span class='ocrx_word' id='word_1_48' title='bbox 1102 750 1131 814; x_wconf 90' lang='lat' dir='ltr'><strong>ui</strong></span> 
     </span>
    </p>

    <p class='ocr_par' dir='ltr' id='par_1_6' title="bbox 164 836 2156 1010">
     <span class='ocr_line' id='line_1_7' title="bbox 164 836 2156 922; baseline 0.002 -17"><span class='ocrx_word' id='word_1_49' title='bbox 164 840 362 922; x_wconf 89' lang='lat' dir='ltr'><strong>relinquunt.</strong></span> <span class='ocrx_word' id='word_1_50' title='bbox 1270 838 1320 902; x_wconf 82' lang='lat'><strong>12.</strong></span> <span class='ocrx_word' id='word_1_51' title='bbox 1345 836 1506 904; x_wconf 68' lang='lat' dir='ltr'><strong>&amp;torum</strong></span> <span class='ocrx_word' id='word_1_52' title='bbox 1526 844 1554 904; x_wconf 78' lang='lat' dir='ltr'><strong>to</strong></span> <span class='ocrx_word' id='word_1_53' title='bbox 1576 838 1712 904; x_wconf 80' lang='lat' dir='ltr'><strong>Domine</strong></span> <span class='ocrx_word' id='word_1_54' title='bbox 1732 837 1823 905; x_wconf 82' lang='lat' dir='ltr'><strong>Deae</strong></span> <span class='ocrx_word' id='word_1_55' title='bbox 1842 839 1888 902; x_wconf 83' lang='lat' dir='ltr'><strong>mi</strong></span> <span class='ocrx_word' id='word_1_56' title='bbox 1915 839 1951 904; x_wconf 79' lang='lat' dir='ltr'><strong>in</strong></span> <span class='ocrx_word' id='word_1_57' title='bbox 1976 845 2036 905; x_wconf 85' lang='lat' dir='ltr'><strong>toto</strong></span> <span class='ocrx_word' id='word_1_58' title='bbox 2064 843 2156 908; x_wconf 85' lang='lat' dir='ltr'><strong>corde</strong></span> 
     </span>
     <span class='ocr_line' id='line_1_8' title="bbox 250 919 2155 1010; baseline 0.002 -21"><span class='ocrx_word' id='word_1_59' title='bbox 250 925 299 989; x_wconf 93' lang='grc'><strong>11.</strong></span> <span class='ocrx_word' id='word_1_60' title='bbox 333 923 481 1010; x_wconf 65' lang='lat' dir='ltr'><strong>(Oebaris</strong></span> <span class='ocrx_word' id='word_1_61' title='bbox 513 920 613 1006; x_wconf 69' lang='lat' dir='ltr'><strong>mtto.)</strong></span> <span class='ocrx_word' id='word_1_62' title='bbox 667 921 777 986; x_wconf 87' lang='lat' dir='ltr'><strong>Altius</strong></span> <span class='ocrx_word' id='word_1_63' title='bbox 816 939 905 985; x_wconf 90' lang='lat' dir='ltr'><strong>nunu</strong></span> <span class='ocrx_word' id='word_1_64' title='bbox 943 919 1131 985; x_wconf 74' lang='lat' dir='ltr'><strong>conscendit</strong></span> <span class='ocrx_word' id='word_1_65' title='bbox 1182 942 1263 1001; x_wconf 87' lang='lat' dir='ltr'><strong>meo,</strong></span> <span class='ocrx_word' id='word_1_66' title='bbox 1293 922 1514 1007; x_wconf 69' lang='lat' dir='ltr'><strong>dplorifimbu</strong></span> <span class='ocrx_word' id='word_1_67' title='bbox 1534 944 1643 990; x_wconf 75' lang='lat' dir='ltr'><strong>comm</strong></span> <span class='ocrx_word' id='word_1_68' title='bbox 1671 930 1760 989; x_wconf 82' lang='lat' dir='ltr'><strong>tcum</strong></span> <span class='ocrx_word' id='word_1_69' title='bbox 1781 928 1949 1006; x_wconf 71' lang='grc' dir='ltr'>ρενρειιεεε</span> <span class='ocrx_word' id='word_1_70' title='bbox 1994 926 2043 991; x_wconf 88' lang='grc'><strong>13.</strong></span> <span class='ocrx_word' id='word_1_71' title='bbox 2072 926 2155 1006; x_wconf 76' lang='lat' dir='ltr'><strong>Quia</strong></span> 
     </span>
    </p>

    <p class='ocr_par' dir='ltr' id='par_1_7' title="bbox 164 1004 2155 1094">
     <span class='ocr_line' id='line_1_9' title="bbox 164 1004 2155 1094; baseline 0.002 -20"><span class='ocrx_word' id='word_1_72' title='bbox 164 1009 290 1088; x_wconf 85' lang='lat' dir='ltr'><strong>David,</strong></span> <span class='ocrx_word' id='word_1_73' title='bbox 324 1020 361 1075; x_wconf 89' lang='grc' dir='ltr'><strong>ιιι</strong></span> <span class='ocrx_word' id='word_1_74' title='bbox 392 1009 509 1091; x_wconf 91' lang='lat' dir='ltr'><strong>spiritu</strong></span> <span class='ocrx_word' id='word_1_75' title='bbox 536 1028 635 1072; x_wconf 89' lang='lat' dir='ltr'><strong>sanae</strong></span> <span class='ocrx_word' id='word_1_76' title='bbox 664 1007 900 1090; x_wconf 84' lang='lat' dir='ltr'><strong>intelligentiae</strong></span> <span class='ocrx_word' id='word_1_77' title='bbox 929 1015 1061 1088; x_wconf 89' lang='lat' dir='ltr'><strong>regatur</strong></span> <span class='ocrx_word' id='word_1_78' title='bbox 1091 1004 1131 1069; x_wconf 89' lang='lat' dir='ltr'><strong>ad</strong></span> <span class='ocrx_word' id='word_1_79' title='bbox 1182 1008 1343 1074; x_wconf 80' lang='lat' dir='ltr'><strong>clementio</strong></span> <span class='ocrx_word' id='word_1_80' title='bbox 1364 1014 1419 1072; x_wconf 82' lang='lat' dir='ltr'><strong>tuo</strong></span> <span class='ocrx_word' id='word_1_81' title='bbox 1439 1029 1555 1094; x_wconf 74' lang='lat' dir='ltr'><strong>moysa</strong></span> <span class='ocrx_word' id='word_1_82' title='bbox 1574 1010 1639 1093; x_wconf 72' lang='lat' dir='ltr'><strong>fuit</strong></span> <span class='ocrx_word' id='word_1_83' title='bbox 1658 1029 1754 1090; x_wconf 83' lang='lat' dir='ltr'><strong>sopor</strong></span> <span class='ocrx_word' id='word_1_84' title='bbox 1774 1029 1837 1086; x_wconf 79' lang='lat' dir='ltr'><strong>noe,</strong></span> <span class='ocrx_word' id='word_1_85' title='bbox 1867 1015 1895 1075; x_wconf 84' lang='lat' dir='ltr'><strong>et</strong></span> <span class='ocrx_word' id='word_1_86' title='bbox 1916 1010 2057 1076; x_wconf 73' lang='lat' dir='ltr'><strong>liberasti</strong></span> <span class='ocrx_word' id='word_1_87' title='bbox 2087 1013 2155 1077; x_wconf 83' lang='lat' dir='ltr'><strong>uni·</strong></span> 
     </span>
    </p>
   </div>
   <div class='ocr_carea' id='block_1_3' title="bbox 158 1090 2159 4250">
    <p class='ocr_par' dir='ltr' id='par_1_8' title="bbox 161 1090 2155 1949">
     <span class='ocr_line' id='line_1_10' title="bbox 163 1090 2155 1180; baseline 0.001 -19"><span class='ocrx_word' id='word_1_88' title='bbox 163 1104 275 1161; x_wconf 87' lang='lat' dir='ltr'><strong>sancte</strong></span> <span class='ocrx_word' id='word_1_89' title='bbox 297 1094 473 1160; x_wconf 84' lang='lat' dir='ltr'><strong>vivendum</strong></span> <span class='ocrx_word' id='word_1_90' title='bbox 495 1102 528 1156; x_wconf 92' lang='lat' dir='ltr'><strong>et</strong></span> <span class='ocrx_word' id='word_1_91' title='bbox 549 1093 665 1174; x_wconf 88' lang='lat' dir='ltr'><strong>spiritu</strong></span> <span class='ocrx_word' id='word_1_92' title='bbox 689 1090 890 1156; x_wconf 88' lang='lat' dir='ltr'><strong>fortitudinis</strong></span> <span class='ocrx_word' id='word_1_93' title='bbox 912 1092 946 1155; x_wconf 92' lang='lat' dir='ltr'><strong>in</strong></span> <span class='ocrx_word' id='word_1_94' title='bbox 978 1091 1040 1156; x_wconf 92' lang='lat' dir='ltr'><strong>hcc</strong></span> <span class='ocrx_word' id='word_1_95' title='bbox 1062 1103 1130 1156; x_wconf 90' lang='lat' dir='ltr'><strong>stu·</strong></span> <span class='ocrx_word' id='word_1_96' title='bbox 1181 1114 1268 1158; x_wconf 88' lang='lat' dir='ltr'><strong>mom</strong></span> <span class='ocrx_word' id='word_1_97' title='bbox 1288 1114 1388 1160; x_wconf 86' lang='lat' dir='ltr'><strong>mecm</strong></span> <span class='ocrx_word' id='word_1_98' title='bbox 1409 1115 1425 1158; x_wconf 90' lang='lat' dir='ltr'><strong>e</strong></span> <span class='ocrx_word' id='word_1_99' title='bbox 1446 1094 1586 1177; x_wconf 71' lang='lat' dir='ltr'><strong>sepulcro</strong></span> <span class='ocrx_word' id='word_1_100' title='bbox 1615 1096 1771 1177; x_wconf 75' lang='lat' dir='ltr'><strong>inferiori.</strong></span> <span class='ocrx_word' id='word_1_101' title='bbox 1818 1094 1868 1160; x_wconf 86' lang='lat'><strong>14.</strong></span> <span class='ocrx_word' id='word_1_102' title='bbox 1891 1095 1997 1174; x_wconf 77' lang='lat' dir='ltr'><strong>Deua,</strong></span> <span class='ocrx_word' id='word_1_103' title='bbox 2026 1096 2155 1180; x_wconf 60' lang='lat' dir='ltr'><strong>suurbi</strong></span> 
     </span>
     <span class='ocr_line' id='line_1_11' title="bbox 163 1177 2155 1264; baseline 0.001 -19"><span class='ocrx_word' id='word_1_104' title='bbox 163 1181 216 1246; x_wconf 94' lang='lat' dir='ltr'><strong>dio</strong></span> <span class='ocrx_word' id='word_1_105' title='bbox 249 1182 468 1246; x_wconf 90' lang='lat' dir='ltr'><strong>confirmetur.</strong></span> <span class='ocrx_word' id='word_1_106' title='bbox 520 1177 599 1243; x_wconf 84' lang='lat' dir='ltr'><strong>Viae</strong></span> <span class='ocrx_word' id='word_1_107' title='bbox 631 1187 741 1242; x_wconf 87' lang='lat' dir='ltr'><strong>autem</strong></span> <span class='ocrx_word' id='word_1_108' title='bbox 774 1177 837 1241; x_wconf 90' lang='lat' dir='ltr'><strong>Dei</strong></span> <span class='ocrx_word' id='word_1_109' title='bbox 869 1177 966 1241; x_wconf 87' lang='lat' dir='ltr'><strong>tacite</strong></span> <span class='ocrx_word' id='word_1_110' title='bbox 999 1178 1133 1259; x_wconf 90' lang='lat' dir='ltr'><strong>opponit</strong></span> <span class='ocrx_word' id='word_1_111' title='bbox 1182 1185 1386 1245; x_wconf 65' lang='lat' dir='ltr'><strong>surrexerunt</strong></span> <span class='ocrx_word' id='word_1_112' title='bbox 1406 1185 1512 1246; x_wconf 78' lang='lat' dir='ltr'><strong>mostra</strong></span> <span class='ocrx_word' id='word_1_113' title='bbox 1532 1201 1593 1263; x_wconf 80' lang='lat' dir='ltr'><strong>ose,</strong></span> <span class='ocrx_word' id='word_1_114' title='bbox 1622 1186 1651 1245; x_wconf 80' lang='lat' dir='ltr'><strong>et</strong></span> <span class='ocrx_word' id='word_1_115' title='bbox 1670 1184 1770 1246; x_wconf 72' lang='lat' dir='ltr'><strong>eous</strong></span> <span class='ocrx_word' id='word_1_116' title='bbox 1794 1180 1986 1247; x_wconf 69' lang='lat' dir='ltr'><strong>robustorum</strong></span> <span class='ocrx_word' id='word_1_117' title='bbox 2015 1184 2155 1264; x_wconf 69' lang='grc' dir='ltr'>ειεεεεὶε-</span> 
     </span>
     <span class='ocr_line' id='line_1_12' title="bbox 163 1264 2154 1348; baseline 0.001 -17"><span class='ocrx_word' id='word_1_118' title='bbox 163 1267 306 1331; x_wconf 88' lang='lat' dir='ltr'><strong>uonsiliis</strong></span> <span class='ocrx_word' id='word_1_119' title='bbox 327 1265 477 1330; x_wconf 91' lang='lat' dir='ltr'><strong>omnibus</strong></span> <span class='ocrx_word' id='word_1_120' title='bbox 499 1282 581 1346; x_wconf 90' lang='lat' dir='ltr'><strong>qnae</strong></span> <span class='ocrx_word' id='word_1_121' title='bbox 599 1284 642 1326; x_wconf 87' lang='lat' dir='ltr'><strong>ex</strong></span> <span class='ocrx_word' id='word_1_122' title='bbox 663 1264 772 1328; x_wconf 88' lang='lat' dir='ltr'><strong>earnis</strong></span> <span class='ocrx_word' id='word_1_123' title='bbox 789 1283 888 1328; x_wconf 91' lang='lat' dir='ltr'><strong>seusu</strong></span> <span class='ocrx_word' id='word_1_124' title='bbox 910 1283 1024 1345; x_wconf 89' lang='lat' dir='ltr'><strong>capere</strong></span> <span class='ocrx_word' id='word_1_125' title='bbox 1042 1273 1131 1344; x_wconf 90' lang='lat' dir='ltr'><strong>pute-</strong></span> <span class='ocrx_word' id='word_1_126' title='bbox 1182 1271 1255 1329; x_wconf 84' lang='lat' dir='ltr'><strong>root</strong></span> <span class='ocrx_word' id='word_1_127' title='bbox 1275 1267 1415 1330; x_wconf 82' lang='lat' dir='ltr'><strong>unimam</strong></span> <span class='ocrx_word' id='word_1_128' title='bbox 1435 1286 1551 1330; x_wconf 86' lang='lat' dir='ltr'><strong>meam:</strong></span> <span class='ocrx_word' id='word_1_129' title='bbox 1573 1272 1600 1332; x_wconf 87' lang='lat' dir='ltr'><strong>ot</strong></span> <span class='ocrx_word' id='word_1_130' title='bbox 1620 1286 1682 1332; x_wconf 83' lang='lat' dir='ltr'><strong>noo</strong></span> <span class='ocrx_word' id='word_1_131' title='bbox 1703 1270 1877 1331; x_wconf 62' lang='lat' dir='ltr'><strong>mammet</strong></span> <span class='ocrx_word' id='word_1_132' title='bbox 1898 1267 1977 1332; x_wconf 79' lang='lat' dir='ltr'><strong>teia</strong></span> <span class='ocrx_word' id='word_1_133' title='bbox 1992 1274 2154 1348; x_wconf 62' lang='lat' dir='ltr'><strong>cmmode</strong></span> 
     </span>
     <span class='ocr_line' id='line_1_13' title="bbox 163 1346 2155 1436; baseline 0 -19"><span class='ocrx_word' id='word_1_134' title='bbox 163 1362 232 1418; x_wconf 89' lang='lat' dir='ltr'><strong>rat:</strong></span> <span class='ocrx_word' id='word_1_135' title='bbox 255 1352 330 1435; x_wconf 92' lang='lat' dir='ltr'><strong>qnia</strong></span> <span class='ocrx_word' id='word_1_136' title='bbox 351 1350 423 1414; x_wconf 89' lang='lat' dir='ltr'><strong>Deo</strong></span> <span class='ocrx_word' id='word_1_137' title='bbox 445 1369 480 1413; x_wconf 97' lang='grc' dir='ltr'><strong>εε</strong></span> <span class='ocrx_word' id='word_1_138' title='bbox 502 1348 688 1431; x_wconf 89' lang='lat' dir='ltr'><strong>subiiciens,</strong></span> <span class='ocrx_word' id='word_1_139' title='bbox 712 1370 849 1431; x_wconf 91' lang='lat' dir='ltr'><strong>eumque</strong></span> <span class='ocrx_word' id='word_1_140' title='bbox 866 1348 1049 1431; x_wconf 82' lang='lat' dir='ltr'><strong>implorans</strong></span> <span class='ocrx_word' id='word_1_141' title='bbox 1072 1346 1131 1411; x_wconf 90' lang='lat' dir='ltr'><strong>du·</strong></span> <span class='ocrx_word' id='word_1_142' title='bbox 1182 1370 1247 1416; x_wconf 74' lang='lat' dir='ltr'><strong>aru.</strong></span> <span class='ocrx_word' id='word_1_143' title='bbox 1293 1352 1342 1416; x_wconf 84' lang='lat'><strong>15.</strong></span> <span class='ocrx_word' id='word_1_144' title='bbox 1365 1350 1409 1416; x_wconf 84' lang='lat' dir='ltr'><strong>Et</strong></span> <span class='ocrx_word' id='word_1_145' title='bbox 1429 1356 1463 1414; x_wconf 84' lang='lat' dir='ltr'><strong>tro</strong></span> <span class='ocrx_word' id='word_1_146' title='bbox 1483 1351 1617 1416; x_wconf 79' lang='lat' dir='ltr'><strong>Dornioe</strong></span> <span class='ocrx_word' id='word_1_147' title='bbox 1638 1351 1728 1417; x_wconf 83' lang='lat' dir='ltr'><strong>Deus</strong></span> <span class='ocrx_word' id='word_1_148' title='bbox 1748 1353 1940 1431; x_wconf 69' lang='lat' dir='ltr'><strong>misericors,</strong></span> <span class='ocrx_word' id='word_1_149' title='bbox 1969 1358 1998 1417; x_wconf 86' lang='lat' dir='ltr'><strong>ot</strong></span> <span class='ocrx_word' id='word_1_150' title='bbox 2020 1374 2155 1436; x_wconf 73' lang='lat' dir='ltr'><strong>propert-</strong></span> 
     </span>
     <span class='ocr_line' id='line_1_14' title="bbox 164 1431 2154 1519; baseline 0.001 -16"><span class='ocrx_word' id='word_1_151' title='bbox 164 1459 251 1518; x_wconf 87' lang='lat' dir='ltr'><strong>eem,</strong></span> <span class='ocrx_word' id='word_1_152' title='bbox 281 1439 399 1502; x_wconf 87' lang='lat' dir='ltr'><strong>fatetur</strong></span> <span class='ocrx_word' id='word_1_153' title='bbox 420 1456 485 1499; x_wconf 92' lang='lat' dir='ltr'><strong>non</strong></span> <span class='ocrx_word' id='word_1_154' title='bbox 508 1433 611 1498; x_wconf 87' lang='lat' dir='ltr'><strong>alium</strong></span> <span class='ocrx_word' id='word_1_155' title='bbox 632 1455 703 1500; x_wconf 91' lang='lat' dir='ltr'><strong>esse</strong></span> <span class='ocrx_word' id='word_1_156' title='bbox 725 1445 810 1499; x_wconf 88' lang='lat' dir='ltr'><strong>recte</strong></span> <span class='ocrx_word' id='word_1_157' title='bbox 833 1431 966 1497; x_wconf 83' lang='lat' dir='ltr'><strong>vivendi</strong></span> <span class='ocrx_word' id='word_1_158' title='bbox 987 1432 1131 1515; x_wconf 86' lang='lat' dir='ltr'><strong>modum,</strong></span> <span class='ocrx_word' id='word_1_159' title='bbox 1182 1455 1237 1500; x_wconf 65' lang='lat' dir='ltr'><strong>aas</strong></span> <span class='ocrx_word' id='word_1_160' title='bbox 1259 1437 1301 1500; x_wconf 88' lang='lat' dir='ltr'><strong>od</strong></span> <span class='ocrx_word' id='word_1_161' title='bbox 1320 1438 1478 1519; x_wconf 81' lang='lat' dir='ltr'><strong>pretium:</strong></span> <span class='ocrx_word' id='word_1_162' title='bbox 1505 1436 1618 1516; x_wconf 78' lang='lat' dir='ltr'><strong>procul</strong></span> <span class='ocrx_word' id='word_1_163' title='bbox 1637 1435 1676 1502; x_wconf 84' lang='lat' dir='ltr'><strong>ub</strong></span> <span class='ocrx_word' id='word_1_164' title='bbox 1698 1439 1764 1516; x_wconf 87' lang='lat' dir='ltr'><strong>iro,</strong></span> <span class='ocrx_word' id='word_1_165' title='bbox 1783 1442 1823 1510; x_wconf 51' lang='lat' dir='ltr'><strong>¹et</strong></span> <span class='ocrx_word' id='word_1_166' title='bbox 1850 1438 1966 1502; x_wconf 82' lang='lat' dir='ltr'><strong>multoe</strong></span> <span class='ocrx_word' id='word_1_167' title='bbox 1993 1437 2154 1504; x_wconf 64' lang='lat' dir='ltr'><strong>mareota</strong></span> 
     </span>
     <span class='ocr_line' id='line_1_15' title="bbox 163 1518 2154 1606; baseline 0 -17"><span class='ocrx_word' id='word_1_168' title='bbox 163 1544 260 1606; x_wconf 91' lang='lat' dir='ltr'><strong>qnam</strong></span> <span class='ocrx_word' id='word_1_169' title='bbox 282 1522 338 1588; x_wconf 93' lang='lat' dir='ltr'><strong>ubi</strong></span> <span class='ocrx_word' id='word_1_170' title='bbox 360 1521 474 1604; x_wconf 86' lang='lat' dir='ltr'><strong>praeit,</strong></span> <span class='ocrx_word' id='word_1_171' title='bbox 496 1539 557 1585; x_wconf 90' lang='lat' dir='ltr'><strong>nus</strong></span> <span class='ocrx_word' id='word_1_172' title='bbox 578 1540 657 1585; x_wconf 82' lang='lat' dir='ltr'><strong>veru</strong></span> <span class='ocrx_word' id='word_1_173' title='bbox 679 1521 861 1603; x_wconf 88' lang='lat' dir='ltr'><strong>sequimur:</strong></span> <span class='ocrx_word' id='word_1_174' title='bbox 895 1528 993 1601; x_wconf 89' lang='lat' dir='ltr'><strong>etque</strong></span> <span class='ocrx_word' id='word_1_175' title='bbox 1022 1518 1069 1582; x_wconf 88' lang='lat' dir='ltr'><strong>ita</strong></span> <span class='ocrx_word' id='word_1_176' title='bbox 1096 1518 1130 1581; x_wconf 94' lang='lat' dir='ltr'><strong>in</strong></span> <span class='ocrx_word' id='word_1_177' title='bbox 1182 1523 1369 1586; x_wconf 62' lang='lat' dir='ltr'><strong>ovam:</strong></span> <span class='ocrx_word' id='word_1_178' title='bbox 1416 1522 1463 1586; x_wconf 90' lang='lat'><strong>16.</strong></span> <span class='ocrx_word' id='word_1_179' title='bbox 1488 1521 1621 1605; x_wconf 67' lang='lat' dir='ltr'><strong>Respo&#39;oo</strong></span> <span class='ocrx_word' id='word_1_180' title='bbox 1643 1523 1686 1587; x_wconf 85' lang='lat' dir='ltr'><strong>od</strong></span> <span class='ocrx_word' id='word_1_181' title='bbox 1707 1542 1763 1602; x_wconf 86' lang='lat' dir='ltr'><strong>me,</strong></span> <span class='ocrx_word' id='word_1_182' title='bbox 1784 1527 1812 1586; x_wconf 83' lang='lat' dir='ltr'><strong>et</strong></span> <span class='ocrx_word' id='word_1_183' title='bbox 1833 1523 1978 1588; x_wconf 57' lang='lat' dir='ltr'><strong>moerere</strong></span> <span class='ocrx_word' id='word_1_184' title='bbox 1998 1525 2077 1589; x_wconf 64' lang='lat' dir='ltr'><strong>md.-</strong></span> <span class='ocrx_word' id='word_1_185' title='bbox 2113 1525 2154 1589; x_wconf 91' lang='lat' dir='ltr'><strong>do</strong></span> 
     </span>
     <span class='ocr_line' id='line_1_16' title="bbox 162 1604 2151 1688; baseline 0 -13"><span class='ocrx_word' id='word_1_186' title='bbox 162 1628 304 1675; x_wconf 91' lang='lat' dir='ltr'><strong>errorem</strong></span> <span class='ocrx_word' id='word_1_187' title='bbox 327 1605 443 1673; x_wconf 90' lang='lat' dir='ltr'><strong>abduci</strong></span> <span class='ocrx_word' id='word_1_188' title='bbox 464 1606 648 1688; x_wconf 90' lang='lat' dir='ltr'><strong>quicunque</strong></span> <span class='ocrx_word' id='word_1_189' title='bbox 670 1605 721 1669; x_wconf 88' lang='lat' dir='ltr'><strong>vel</strong></span> <span class='ocrx_word' id='word_1_190' title='bbox 749 1605 922 1669; x_wconf 90' lang='lat' dir='ltr'><strong>minimum</strong></span> <span class='ocrx_word' id='word_1_191' title='bbox 953 1604 1130 1669; x_wconf 88' lang='lat' dir='ltr'><strong>deflectunt</strong></span> <span class='ocrx_word' id='word_1_192' title='bbox 1180 1605 1277 1670; x_wconf 82' lang='lat' dir='ltr'><strong>robor</strong></span> <span class='ocrx_word' id='word_1_193' title='bbox 1298 1611 1385 1671; x_wconf 80' lang='lat' dir='ltr'><strong>tcum</strong></span> <span class='ocrx_word' id='word_1_194' title='bbox 1407 1613 1494 1672; x_wconf 79' lang='lat' dir='ltr'><strong>seruo</strong></span> <span class='ocrx_word' id='word_1_195' title='bbox 1516 1613 1583 1684; x_wconf 83' lang='lat' dir='ltr'><strong>loo,</strong></span> <span class='ocrx_word' id='word_1_196' title='bbox 1612 1612 1750 1673; x_wconf 71' lang='lat' dir='ltr'><strong>oseca</strong></span> <span class='ocrx_word' id='word_1_197' title='bbox 1775 1607 1880 1687; x_wconf 70' lang='lat' dir='ltr'><strong>filium</strong></span> <span class='ocrx_word' id='word_1_198' title='bbox 1908 1608 2044 1674; x_wconf 78' lang='lat' dir='ltr'><strong>ancillae</strong></span> <span class='ocrx_word' id='word_1_199' title='bbox 2071 1614 2151 1675; x_wconf 70' lang='lat' dir='ltr'><strong>boue.</strong></span> 
     </span>
     <span class='ocr_line' id='line_1_17' title="bbox 163 1688 2154 1779; baseline 0.001 -20"><span class='ocrx_word' id='word_1_200' title='bbox 163 1717 183 1759; x_wconf 94' lang='lat' dir='ltr'><strong>a</strong></span> <span class='ocrx_word' id='word_1_201' title='bbox 204 1695 284 1779; x_wconf 84' lang='lat' dir='ltr'><strong>lege,</strong></span> <span class='ocrx_word' id='word_1_202' title='bbox 307 1704 345 1756; x_wconf 91' lang='lat' dir='ltr'><strong>ut</strong></span> <span class='ocrx_word' id='word_1_203' title='bbox 365 1693 495 1776; x_wconf 89' lang='lat' dir='ltr'><strong>sapiant</strong></span> <span class='ocrx_word' id='word_1_204' title='bbox 521 1712 562 1756; x_wconf 91' lang='lat' dir='ltr'><strong>ex</strong></span> <span class='ocrx_word' id='word_1_205' title='bbox 592 1692 723 1774; x_wconf 88' lang='lat' dir='ltr'><strong>propriu</strong></span> <span class='ocrx_word' id='word_1_206' title='bbox 752 1690 891 1756; x_wconf 89' lang='lat' dir='ltr'><strong>cerebro.</strong></span> <span class='ocrx_word' id='word_1_207' title='bbox 935 1688 1039 1771; x_wconf 90' lang='lat' dir='ltr'><strong>quue</strong></span> <span class='ocrx_word' id='word_1_208' title='bbox 1062 1710 1128 1752; x_wconf 87' lang='lat' dir='ltr'><strong>me·</strong></span> <span class='ocrx_word' id='word_1_209' title='bbox 1183 1691 1232 1755; x_wconf 80' lang='lat' dir='ltr'><strong>l&#39;l.</strong></span> <span class='ocrx_word' id='word_1_210' title='bbox 1255 1691 1323 1758; x_wconf 83' lang='lat' dir='ltr'><strong>Fau</strong></span> <span class='ocrx_word' id='word_1_211' title='bbox 1343 1712 1461 1758; x_wconf 80' lang='lat' dir='ltr'><strong>meeum</strong></span> <span class='ocrx_word' id='word_1_212' title='bbox 1481 1693 1606 1775; x_wconf 66' lang='grc' dir='ltr'>εἰρηκει</span> <span class='ocrx_word' id='word_1_213' title='bbox 1628 1694 1671 1759; x_wconf 89' lang='lat' dir='ltr'><strong>od</strong></span> <span class='ocrx_word' id='word_1_214' title='bbox 1692 1692 1932 1774; x_wconf 72' lang='lat' dir='ltr'><strong>beaefioottium:</strong></span> <span class='ocrx_word' id='word_1_215' title='bbox 1959 1698 1987 1758; x_wconf 90' lang='lat' dir='ltr'><strong>et</strong></span> <span class='ocrx_word' id='word_1_216' title='bbox 2007 1695 2154 1760; x_wconf 74' lang='lat' dir='ltr'><strong>videderit</strong></span> 
     </span>
     <span class='ocr_line' id='line_1_18' title="bbox 161 1773 2153 1861; baseline 0.001 -16"><span class='ocrx_word' id='word_1_217' title='bbox 161 1779 226 1845; x_wconf 89' lang='lat' dir='ltr'><strong>lius</strong></span> <span class='ocrx_word' id='word_1_218' title='bbox 247 1779 435 1858; x_wconf 89' lang='lat' dir='ltr'><strong>confirmat,</strong></span> <span class='ocrx_word' id='word_1_219' title='bbox 457 1778 612 1841; x_wconf 87' lang='lat' dir='ltr'><strong>continuo</strong></span> <span class='ocrx_word' id='word_1_220' title='bbox 634 1789 708 1860; x_wconf 91' lang='lat' dir='ltr'><strong>post</strong></span> <span class='ocrx_word' id='word_1_221' title='bbox 729 1776 868 1853; x_wconf 89' lang='lat' dir='ltr'><strong>addens,</strong></span> <span class='ocrx_word' id='word_1_222' title='bbox 896 1773 1073 1840; x_wconf 81' lang='lat' dir='ltr'><strong>Ambulodo</strong></span> <span class='ocrx_word' id='word_1_223' title='bbox 1093 1776 1129 1839; x_wconf 82' lang='lat' dir='ltr'><strong>in</strong></span> <span class='ocrx_word' id='word_1_224' title='bbox 1181 1777 1360 1842; x_wconf 60' lang='lat' dir='ltr'><strong>muscarii</strong></span> <span class='ocrx_word' id='word_1_225' title='bbox 1379 1779 1456 1851; x_wconf 85' lang='lat' dir='ltr'><strong>mei.</strong></span> <span class='ocrx_word' id='word_1_226' title='bbox 1486 1783 1515 1842; x_wconf 84' lang='lat' dir='ltr'><strong>et</strong></span> <span class='ocrx_word' id='word_1_227' title='bbox 1530 1778 1696 1861; x_wconf 69' lang='lat' dir='ltr'><strong>pudefient,</strong></span> <span class='ocrx_word' id='word_1_228' title='bbox 1718 1780 1796 1859; x_wconf 79' lang='lat' dir='ltr'><strong>quio</strong></span> <span class='ocrx_word' id='word_1_229' title='bbox 1816 1784 1852 1843; x_wconf 81' lang='lat' dir='ltr'><strong>tro</strong></span> <span class='ocrx_word' id='word_1_230' title='bbox 1874 1777 1989 1844; x_wconf 79' lang='lat' dir='ltr'><strong>Iedoco</strong></span> <span class='ocrx_word' id='word_1_231' title='bbox 2010 1781 2153 1846; x_wconf 65' lang='lat' dir='ltr'><strong>causito·</strong></span> 
     </span>
     <span class='ocr_line' id='line_1_19' title="bbox 162 1859 1805 1949; baseline 0 -20"><span class='ocrx_word' id='word_1_232' title='bbox 162 1867 289 1931; x_wconf 52' lang='lat' dir='ltr'><strong>centulo</strong></span> <span class='ocrx_word' id='word_1_233' title='bbox 315 1869 379 1929; x_wconf 82' lang='lat' dir='ltr'><strong>tuo.</strong></span> <span class='ocrx_word' id='word_1_234' title='bbox 430 1862 577 1926; x_wconf 84' lang='lat' dir='ltr'><strong>Damnat</strong></span> <span class='ocrx_word' id='word_1_235' title='bbox 606 1864 693 1926; x_wconf 91' lang='lat' dir='ltr'><strong>enim</strong></span> <span class='ocrx_word' id='word_1_236' title='bbox 723 1862 878 1926; x_wconf 85' lang='lat' dir='ltr'><strong>vanitatis</strong></span> <span class='ocrx_word' id='word_1_237' title='bbox 909 1872 942 1925; x_wconf 90' lang='grc' dir='ltr'><strong>ει</strong></span> <span class='ocrx_word' id='word_1_238' title='bbox 970 1859 1128 1925; x_wconf 91' lang='lat' dir='ltr'><strong>mendacii</strong></span> <span class='ocrx_word' id='word_1_239' title='bbox 1180 1867 1230 1927; x_wconf 81' lang='lat' dir='ltr'><strong>tue</strong></span> <span class='ocrx_word' id='word_1_240' title='bbox 1251 1882 1284 1928; x_wconf 83' lang='lat' dir='ltr'><strong>oe</strong></span> <span class='ocrx_word' id='word_1_241' title='bbox 1302 1861 1389 1938; x_wconf 82' lang='lat' dir='ltr'><strong>midi,</strong></span> <span class='ocrx_word' id='word_1_242' title='bbox 1411 1868 1440 1926; x_wconf 81' lang='lat' dir='ltr'><strong>ot</strong></span> <span class='ocrx_word' id='word_1_243' title='bbox 1459 1863 1633 1929; x_wconf 72' lang='lat' dir='ltr'><strong>consolottus</strong></span> <span class='ocrx_word' id='word_1_244' title='bbox 1654 1884 1687 1929; x_wconf 82' lang='lat' dir='ltr'><strong>es</strong></span> <span class='ocrx_word' id='word_1_245' title='bbox 1707 1863 1805 1949; x_wconf 65' lang='grc' dir='ltr'><strong>Μ’)</strong></span> 
     </span>
    </p>

    <p class='ocr_par' dir='ltr' id='par_1_9' title="bbox 162 1945 1127 2033">
     <span class='ocr_line' id='line_1_20' title="bbox 162 1945 1127 2033; baseline -0.009 -17"><span class='ocrx_word' id='word_1_246' title='bbox 162 1952 347 2033; x_wconf 88' lang='lat' dir='ltr'><strong>quicunque</strong></span> <span class='ocrx_word' id='word_1_247' title='bbox 369 1949 455 2014; x_wconf 92' lang='lat' dir='ltr'><strong>banc</strong></span> <span class='ocrx_word' id='word_1_248' title='bbox 477 1947 627 2012; x_wconf 85' lang='lat' dir='ltr'><strong>veritatis</strong></span> <span class='ocrx_word' id='word_1_249' title='bbox 649 1946 797 2031; x_wconf 91' lang='lat' dir='ltr'><strong>regulam</strong></span> <span class='ocrx_word' id='word_1_250' title='bbox 814 1969 881 2011; x_wconf 91' lang='lat' dir='ltr'><strong>non</strong></span> <span class='ocrx_word' id='word_1_251' title='bbox 900 1956 1022 2010; x_wconf 87' lang='lat' dir='ltr'><strong>tenent.</strong></span> <span class='ocrx_word' id='word_1_252' title='bbox 1056 1945 1127 2008; x_wconf 88' lang='lat' dir='ltr'><strong>Iam</strong></span> 
     </span>
    </p>

    <p class='ocr_par' dir='ltr' id='par_1_10' title="bbox 158 2030 2157 4080">
     <span class='ocr_line' id='line_1_21' title="bbox 162 2030 2152 2119; baseline 0 -19"><span class='ocrx_word' id='word_1_253' title='bbox 162 2057 229 2101; x_wconf 93' lang='lat' dir='ltr'><strong>non</strong></span> <span class='ocrx_word' id='word_1_254' title='bbox 257 2044 347 2119; x_wconf 91' lang='lat' dir='ltr'><strong>optat</strong></span> <span class='ocrx_word' id='word_1_255' title='bbox 375 2034 481 2099; x_wconf 91' lang='lat' dir='ltr'><strong>duceri</strong></span> <span class='ocrx_word' id='word_1_256' title='bbox 509 2034 542 2096; x_wconf 92' lang='lat' dir='ltr'><strong>in</strong></span> <span class='ocrx_word' id='word_1_257' title='bbox 571 2032 633 2098; x_wconf 88' lang='lat' dir='ltr'><strong>viis</strong></span> <span class='ocrx_word' id='word_1_258' title='bbox 661 2032 740 2111; x_wconf 90' lang='lat' dir='ltr'><strong>Dei,</strong></span> <span class='ocrx_word' id='word_1_259' title='bbox 770 2034 864 2114; x_wconf 88' lang='lat' dir='ltr'><strong>quasi</strong></span> <span class='ocrx_word' id='word_1_260' title='bbox 892 2033 982 2114; x_wconf 89' lang='lat' dir='ltr'><strong>prius</strong></span> <span class='ocrx_word' id='word_1_261' title='bbox 1011 2050 1128 2114; x_wconf 85' lang='lat' dir='ltr'><strong>expers</strong></span> <span class='ocrx_word' id='word_1_262' title='bbox 1268 2033 1316 2097; x_wconf 83' lang='lat'><strong>12.</strong></span> <span class='ocrx_word' id='word_1_263' title='bbox 1337 2030 1583 2119; x_wconf 70' lang='lat' dir='ltr'><strong>(celebratote.)</strong></span> <span class='ocrx_word' id='word_1_264' title='bbox 1626 2034 1794 2098; x_wconf 88' lang='lat' dir='ltr'><strong>Promittit</strong></span> <span class='ocrx_word' id='word_1_265' title='bbox 1816 2034 1888 2100; x_wconf 93' lang='lat' dir='ltr'><strong>Deo</strong></span> <span class='ocrx_word' id='word_1_266' title='bbox 1916 2035 2152 2119; x_wconf 75' lang='lat' dir='ltr'><strong>gratitudinem</strong></span> 
     </span>
     <span class='ocr_line' id='line_1_22' title="bbox 162 2115 2151 2204; baseline 0.001 -19"><span class='ocrx_word' id='word_1_267' title='bbox 162 2121 278 2187; x_wconf 86' lang='lat' dir='ltr'><strong>fuisset</strong></span> <span class='ocrx_word' id='word_1_268' title='bbox 299 2122 405 2185; x_wconf 91' lang='lat' dir='ltr'><strong>omnis</strong></span> <span class='ocrx_word' id='word_1_269' title='bbox 427 2119 610 2184; x_wconf 89' lang='lat' dir='ltr'><strong>doetrinae:</strong></span> <span class='ocrx_word' id='word_1_270' title='bbox 645 2118 701 2182; x_wconf 92' lang='lat' dir='ltr'><strong>sed</strong></span> <span class='ocrx_word' id='word_1_271' title='bbox 724 2118 810 2201; x_wconf 90' lang='lat' dir='ltr'><strong>qnod</strong></span> <span class='ocrx_word' id='word_1_272' title='bbox 833 2118 929 2182; x_wconf 89' lang='lat' dir='ltr'><strong>sciret</strong></span> <span class='ocrx_word' id='word_1_273' title='bbox 957 2136 992 2182; x_wconf 91' lang='lat' dir='ltr'><strong>se</strong></span> <span class='ocrx_word' id='word_1_274' title='bbox 1023 2115 1129 2181; x_wconf 91' lang='lat' dir='ltr'><strong>adhue</strong></span> <span class='ocrx_word' id='word_1_275' title='bbox 1181 2127 1352 2200; x_wconf 89' lang='lat' dir='ltr'><strong>postquam</strong></span> <span class='ocrx_word' id='word_1_276' title='bbox 1376 2117 1553 2183; x_wconf 84' lang='lat' dir='ltr'><strong>beneficum</strong></span> <span class='ocrx_word' id='word_1_277' title='bbox 1585 2129 1713 2202; x_wconf 90' lang='lat' dir='ltr'><strong>patrem</strong></span> <span class='ocrx_word' id='word_1_278' title='bbox 1734 2119 1839 2184; x_wconf 90' lang='lat' dir='ltr'><strong>modis</strong></span> <span class='ocrx_word' id='word_1_279' title='bbox 1862 2121 2014 2186; x_wconf 89' lang='lat' dir='ltr'><strong>omnibus</strong></span> <span class='ocrx_word' id='word_1_280' title='bbox 2037 2141 2151 2204; x_wconf 88' lang='lat' dir='ltr'><strong>exper-</strong></span> 
     </span>
     <span class='ocr_line' id='line_1_23' title="bbox 162 2201 2153 2289; baseline 0.001 -19"><span class='ocrx_word' id='word_1_281' title='bbox 162 2206 357 2289; x_wconf 89' lang='lat' dir='ltr'><strong>implieitum</strong></span> <span class='ocrx_word' id='word_1_282' title='bbox 380 2225 451 2269; x_wconf 91' lang='lat' dir='ltr'><strong>esse</strong></span> <span class='ocrx_word' id='word_1_283' title='bbox 473 2203 585 2268; x_wconf 91' lang='lat' dir='ltr'><strong>multis</strong></span> <span class='ocrx_word' id='word_1_284' title='bbox 607 2204 810 2287; x_wconf 89' lang='lat' dir='ltr'><strong>ignorantiae</strong></span> <span class='ocrx_word' id='word_1_285' title='bbox 833 2202 967 2280; x_wconf 86' lang='lat' dir='ltr'><strong>nebulis,</strong></span> <span class='ocrx_word' id='word_1_286' title='bbox 991 2201 1031 2266; x_wconf 83' lang='lat' dir='ltr'><strong>ed</strong></span> <span class='ocrx_word' id='word_1_287' title='bbox 1054 2222 1127 2286; x_wconf 88' lang='lat' dir='ltr'><strong>pro·</strong></span> <span class='ocrx_word' id='word_1_288' title='bbox 1181 2215 1233 2267; x_wconf 89' lang='lat' dir='ltr'><strong>tus</strong></span> <span class='ocrx_word' id='word_1_289' title='bbox 1255 2205 1363 2268; x_wconf 83' lang='lat' dir='ltr'><strong>luerit.</strong></span> <span class='ocrx_word' id='word_1_290' title='bbox 1398 2201 1502 2269; x_wconf 84' lang='lat' dir='ltr'><strong>Sicuti</strong></span> <span class='ocrx_word' id='word_1_291' title='bbox 1525 2215 1633 2269; x_wconf 90' lang='lat' dir='ltr'><strong>autem</strong></span> <span class='ocrx_word' id='word_1_292' title='bbox 1656 2225 1711 2269; x_wconf 89' lang='lat' dir='ltr'><strong>eor</strong></span> <span class='ocrx_word' id='word_1_293' title='bbox 1731 2225 1827 2269; x_wconf 88' lang='lat' dir='ltr'><strong>suum</strong></span> <span class='ocrx_word' id='word_1_294' title='bbox 1850 2206 1939 2270; x_wconf 91' lang='lat' dir='ltr'><strong>uniri</strong></span> <span class='ocrx_word' id='word_1_295' title='bbox 1961 2206 2035 2272; x_wconf 93' lang='lat' dir='ltr'><strong>Deu</strong></span> <span class='ocrx_word' id='word_1_296' title='bbox 2058 2208 2153 2289; x_wconf 87' lang='lat' dir='ltr'><strong>petiit</strong></span> 
     </span>
     <span class='ocr_line' id='line_1_24' title="bbox 162 2287 2152 2375; baseline 0.001 -20"><span class='ocrx_word' id='word_1_297' title='bbox 162 2290 283 2358; x_wconf 85' lang='lat' dir='ltr'><strong>lectum</strong></span> <span class='ocrx_word' id='word_1_298' title='bbox 311 2291 466 2356; x_wconf 91' lang='lat' dir='ltr'><strong>maiorem</strong></span> <span class='ocrx_word' id='word_1_299' title='bbox 495 2288 647 2372; x_wconf 88' lang='lat' dir='ltr'><strong>adspirat.</strong></span> <span class='ocrx_word' id='word_1_300' title='bbox 695 2287 884 2354; x_wconf 87' lang='lat' dir='ltr'><strong>Notandum</strong></span> <span class='ocrx_word' id='word_1_301' title='bbox 913 2308 1040 2371; x_wconf 88' lang='lat' dir='ltr'><strong>qnoque</strong></span> <span class='ocrx_word' id='word_1_302' title='bbox 1069 2296 1128 2365; x_wconf 87' lang='lat' dir='ltr'><strong>est,</strong></span> <span class='ocrx_word' id='word_1_303' title='bbox 1180 2287 1221 2352; x_wconf 91' lang='lat' dir='ltr'><strong>ad</strong></span> <span class='ocrx_word' id='word_1_304' title='bbox 1243 2309 1317 2354; x_wconf 92' lang='lat' dir='ltr'><strong>eum</strong></span> <span class='ocrx_word' id='word_1_305' title='bbox 1340 2289 1537 2367; x_wconf 92' lang='lat' dir='ltr'><strong>timendum,</strong></span> <span class='ocrx_word' id='word_1_306' title='bbox 1569 2290 1617 2354; x_wconf 87' lang='lat' dir='ltr'><strong>ita</strong></span> <span class='ocrx_word' id='word_1_307' title='bbox 1638 2312 1705 2354; x_wconf 92' lang='lat' dir='ltr'><strong>nun</strong></span> <span class='ocrx_word' id='word_1_308' title='bbox 1727 2301 1854 2354; x_wconf 88' lang='lat' dir='ltr'><strong>tantum</strong></span> <span class='ocrx_word' id='word_1_309' title='bbox 1877 2312 1933 2355; x_wconf 92' lang='lat' dir='ltr'><strong>ore</strong></span> <span class='ocrx_word' id='word_1_310' title='bbox 1956 2291 2010 2356; x_wconf 87' lang='lat' dir='ltr'><strong>rel</strong></span> <span class='ocrx_word' id='word_1_311' title='bbox 2039 2291 2152 2375; x_wconf 86' lang='lat' dir='ltr'><strong>lingua</strong></span> 
     </span>
     <span class='ocr_line' id='line_1_25' title="bbox 160 2372 2152 2458; baseline 0 -16"><span class='ocrx_word' id='word_1_312' title='bbox 160 2398 234 2443; x_wconf 91' lang='lat' dir='ltr'><strong>eum</strong></span> <span class='ocrx_word' id='word_1_313' title='bbox 256 2398 323 2441; x_wconf 94' lang='lat' dir='ltr'><strong>nun</strong></span> <span class='ocrx_word' id='word_1_314' title='bbox 345 2375 385 2441; x_wconf 91' lang='lat' dir='ltr'><strong>de</strong></span> <span class='ocrx_word' id='word_1_315' title='bbox 406 2383 544 2440; x_wconf 83' lang='lat' dir='ltr'><strong>externa</strong></span> <span class='ocrx_word' id='word_1_316' title='bbox 564 2384 693 2440; x_wconf 88' lang='lat' dir='ltr'><strong>tantum</strong></span> <span class='ocrx_word' id='word_1_317' title='bbox 716 2372 850 2440; x_wconf 87' lang='lat' dir='ltr'><strong>ducendi</strong></span> <span class='ocrx_word' id='word_1_318' title='bbox 878 2375 1004 2439; x_wconf 90' lang='lat' dir='ltr'><strong>ratione</strong></span> <span class='ocrx_word' id='word_1_319' title='bbox 1031 2373 1127 2456; x_wconf 91' lang='lat' dir='ltr'><strong>luqui,</strong></span> <span class='ocrx_word' id='word_1_320' title='bbox 1180 2394 1215 2438; x_wconf 88' lang='lat' dir='ltr'><strong>se</strong></span> <span class='ocrx_word' id='word_1_321' title='bbox 1238 2373 1372 2439; x_wconf 91' lang='lat' dir='ltr'><strong>laudum</strong></span> <span class='ocrx_word' id='word_1_322' title='bbox 1395 2377 1464 2439; x_wconf 90' lang='lat' dir='ltr'><strong>eins</strong></span> <span class='ocrx_word' id='word_1_323' title='bbox 1487 2378 1554 2440; x_wconf 90' lang='lat' dir='ltr'><strong>lure</strong></span> <span class='ocrx_word' id='word_1_324' title='bbox 1575 2395 1767 2458; x_wconf 84' lang='lat' dir='ltr'><strong>praeconem</strong></span> <span class='ocrx_word' id='word_1_325' title='bbox 1785 2374 1881 2458; x_wconf 84' lang='lat' dir='ltr'><strong>dicit,</strong></span> <span class='ocrx_word' id='word_1_326' title='bbox 1913 2375 1970 2442; x_wconf 91' lang='lat' dir='ltr'><strong>sed</strong></span> <span class='ocrx_word' id='word_1_327' title='bbox 1997 2399 2039 2442; x_wconf 92' lang='lat' dir='ltr'><strong>ex</strong></span> <span class='ocrx_word' id='word_1_328' title='bbox 2068 2379 2152 2442; x_wconf 89' lang='lat' dir='ltr'><strong>serie</strong></span> 
     </span>
     <span class='ocr_line' id='line_1_26' title="bbox 160 2458 2152 2545; baseline -0.001 -17"><span class='ocrx_word' id='word_1_329' title='bbox 160 2462 216 2528; x_wconf 91' lang='lat' dir='ltr'><strong>sed</strong></span> <span class='ocrx_word' id='word_1_330' title='bbox 246 2483 344 2545; x_wconf 90' lang='lat' dir='ltr'><strong>quum</strong></span> <span class='ocrx_word' id='word_1_331' title='bbox 375 2461 481 2545; x_wconf 91' lang='lat' dir='ltr'><strong>legem</strong></span> <span class='ocrx_word' id='word_1_332' title='bbox 514 2458 649 2525; x_wconf 88' lang='lat' dir='ltr'><strong>baberet</strong></span> <span class='ocrx_word' id='word_1_333' title='bbox 680 2480 758 2543; x_wconf 88' lang='lat' dir='ltr'><strong>prae</strong></span> <span class='ocrx_word' id='word_1_334' title='bbox 790 2458 958 2534; x_wconf 85' lang='lat' dir='ltr'><strong>manibus,</strong></span> <span class='ocrx_word' id='word_1_335' title='bbox 991 2459 1128 2524; x_wconf 90' lang='lat' dir='ltr'><strong>interius</strong></span> <span class='ocrx_word' id='word_1_336' title='bbox 1180 2458 1287 2525; x_wconf 89' lang='lat' dir='ltr'><strong>cordis</strong></span> <span class='ocrx_word' id='word_1_337' title='bbox 1313 2460 1447 2539; x_wconf 86' lang='lat' dir='ltr'><strong>affectu,</strong></span> <span class='ocrx_word' id='word_1_338' title='bbox 1480 2460 1577 2543; x_wconf 90' lang='lat' dir='ltr'><strong>idque</strong></span> <span class='ocrx_word' id='word_1_339' title='bbox 1606 2473 1801 2526; x_wconf 87' lang='lat' dir='ltr'><strong>constanter.</strong></span> <span class='ocrx_word' id='word_1_340' title='bbox 1854 2461 1996 2527; x_wconf 77' lang='lat' dir='ltr'><strong>(lausum</strong></span> <span class='ocrx_word' id='word_1_341' title='bbox 2034 2460 2152 2527; x_wconf 91' lang='lat' dir='ltr'><strong>deinde</strong></span> 
     </span>
     <span class='ocr_line' id='line_1_27' title="bbox 159 2544 2150 2631; baseline -0.002 -16"><span class='ocrx_word' id='word_1_342' title='bbox 159 2548 293 2631; x_wconf 89' lang='lat' dir='ltr'><strong>spiritus</strong></span> <span class='ocrx_word' id='word_1_343' title='bbox 318 2546 422 2613; x_wconf 89' lang='lat' dir='ltr'><strong>saneti</strong></span> <span class='ocrx_word' id='word_1_344' title='bbox 446 2546 554 2611; x_wconf 90' lang='lat' dir='ltr'><strong>lumen</strong></span> <span class='ocrx_word' id='word_1_345' title='bbox 578 2555 704 2626; x_wconf 90' lang='lat' dir='ltr'><strong>petere,</strong></span> <span class='ocrx_word' id='word_1_346' title='bbox 735 2567 776 2610; x_wconf 93' lang='lat' dir='ltr'><strong>ne</strong></span> <span class='ocrx_word' id='word_1_347' title='bbox 805 2545 968 2609; x_wconf 88' lang='lat' dir='ltr'><strong>inutiliter</strong></span> <span class='ocrx_word' id='word_1_348' title='bbox 998 2545 1032 2607; x_wconf 91' lang='lat' dir='ltr'><strong>in</strong></span> <span class='ocrx_word' id='word_1_349' title='bbox 1063 2544 1127 2609; x_wconf 93' lang='lat' dir='ltr'><strong>dis·</strong></span> <span class='ocrx_word' id='word_1_350' title='bbox 1180 2545 1320 2627; x_wconf 88' lang='lat' dir='ltr'><strong>subiicit,</strong></span> <span class='ocrx_word' id='word_1_351' title='bbox 1342 2547 1418 2626; x_wconf 91' lang='lat' dir='ltr'><strong>quia</strong></span> <span class='ocrx_word' id='word_1_352' title='bbox 1441 2546 1588 2611; x_wconf 89' lang='lat' dir='ltr'><strong>Dens&#39;in</strong></span> <span class='ocrx_word' id='word_1_353' title='bbox 1611 2547 1681 2629; x_wconf 87' lang='lat' dir='ltr'><strong>ipso</strong></span> <span class='ocrx_word' id='word_1_354' title='bbox 1703 2546 1870 2611; x_wconf 88' lang='lat' dir='ltr'><strong>liberando</strong></span> <span class='ocrx_word' id='word_1_355' title='bbox 1892 2568 2002 2611; x_wconf 90' lang='lat' dir='ltr'><strong>rarum</strong></span> <span class='ocrx_word' id='word_1_356' title='bbox 2027 2559 2062 2611; x_wconf 95' lang='grc' dir='ltr'><strong>ει</strong></span> <span class='ocrx_word' id='word_1_357' title='bbox 2083 2568 2150 2612; x_wconf 94' lang='lat' dir='ltr'><strong>me·</strong></span> 
     </span>
     <span class='ocr_line' id='line_1_28' title="bbox 159 2628 2151 2714; baseline -0.001 -15"><span class='ocrx_word' id='word_1_358' title='bbox 159 2632 263 2699; x_wconf 89' lang='lat' dir='ltr'><strong>oenda</strong></span> <span class='ocrx_word' id='word_1_359' title='bbox 285 2633 379 2697; x_wconf 90' lang='lat' dir='ltr'><strong>litera</strong></span> <span class='ocrx_word' id='word_1_360' title='bbox 401 2631 539 2696; x_wconf 89' lang='lat' dir='ltr'><strong>laboret:</strong></span> <span class='ocrx_word' id='word_1_361' title='bbox 563 2631 647 2694; x_wconf 89' lang='lat' dir='ltr'><strong>sicut</strong></span> <span class='ocrx_word' id='word_1_362' title='bbox 669 2630 746 2694; x_wconf 91' lang='lat' dir='ltr'><strong>alibi</strong></span> <span class='ocrx_word' id='word_1_363' title='bbox 768 2629 861 2707; x_wconf 90' lang='lat' dir='ltr'><strong>dicit,</strong></span> <span class='ocrx_word' id='word_1_364' title='bbox 890 2628 992 2711; x_wconf 86' lang='lat' dir='ltr'><strong>Aperi</strong></span> <span class='ocrx_word' id='word_1_365' title='bbox 1021 2630 1127 2694; x_wconf 89' lang='lat' dir='ltr'><strong>oculus</strong></span> <span class='ocrx_word' id='word_1_366' title='bbox 1179 2629 1336 2695; x_wconf 91' lang='lat' dir='ltr'><strong>murabile</strong></span> <span class='ocrx_word' id='word_1_367' title='bbox 1376 2630 1616 2697; x_wconf 89' lang='lat' dir='ltr'><strong>misericordiae</strong></span> <span class='ocrx_word' id='word_1_368' title='bbox 1659 2652 1739 2696; x_wconf 89' lang='lat' dir='ltr'><strong>snae</strong></span> <span class='ocrx_word' id='word_1_369' title='bbox 1785 2632 1948 2714; x_wconf 85' lang='lat' dir='ltr'><strong>specimen</strong></span> <span class='ocrx_word' id='word_1_370' title='bbox 1995 2632 2151 2697; x_wconf 88' lang='lat' dir='ltr'><strong>ediderat.</strong></span> 
     </span>
     <span class='ocr_line' id='line_1_29' title="bbox 160 2714 2152 2801; baseline 0 -18"><span class='ocrx_word' id='word_1_371' title='bbox 160 2738 250 2783; x_wconf 87' lang='lat' dir='ltr'><strong>meos</strong></span> <span class='ocrx_word' id='word_1_372' title='bbox 262 2725 296 2783; x_wconf 91' lang='grc' dir='ltr'><strong>ει</strong></span> <span class='ocrx_word' id='word_1_373' title='bbox 307 2715 517 2782; x_wconf 89' lang='lat' dir='ltr'><strong>considerabo</strong></span> <span class='ocrx_word' id='word_1_374' title='bbox 527 2715 688 2779; x_wconf 92' lang='lat' dir='ltr'><strong>mirabilia</strong></span> <span class='ocrx_word' id='word_1_375' title='bbox 698 2715 733 2778; x_wconf 92' lang='lat' dir='ltr'><strong>in</strong></span> <span class='ocrx_word' id='word_1_376' title='bbox 746 2714 1067 2797; x_wconf 85' lang='lat' dir='ltr'><strong>legetua,Psal.ll9‚</strong></span> <span class='ocrx_word' id='word_1_377' title='bbox 1078 2714 1128 2779; x_wconf 83' lang='lat'><strong>18.</strong></span> <span class='ocrx_word' id='word_1_378' title='bbox 1179 2714 1276 2780; x_wconf 89' lang='lat' dir='ltr'><strong>Hanc</strong></span> <span class='ocrx_word' id='word_1_379' title='bbox 1298 2734 1377 2779; x_wconf 80' lang='lat' dir='ltr'><strong>vero</strong></span> <span class='ocrx_word' id='word_1_380' title='bbox 1399 2716 1524 2797; x_wconf 89' lang='lat' dir='ltr'><strong>gratias</strong></span> <span class='ocrx_word' id='word_1_381' title='bbox 1550 2715 1808 2800; x_wconf 83' lang='lat' dir='ltr'><strong>magnitudinem</strong></span> <span class='ocrx_word' id='word_1_382' title='bbox 1837 2739 1900 2801; x_wconf 91' lang='lat' dir='ltr'><strong>qno</strong></span> <span class='ocrx_word' id='word_1_383' title='bbox 1931 2718 2048 2784; x_wconf 91' lang='lat' dir='ltr'><strong>melius</strong></span> <span class='ocrx_word' id='word_1_384' title='bbox 2076 2718 2152 2784; x_wconf 83' lang='lat' dir='ltr'><strong>sslu-</strong></span> 
     </span>
     <span class='ocr_line' id='line_1_30' title="bbox 160 2797 2152 2884; baseline 0.001 -17"><span class='ocrx_word' id='word_1_385' title='bbox 160 2802 305 2884; x_wconf 73' lang='lat' dir='ltr'><strong>Quodsi</strong></span> <span class='ocrx_word' id='word_1_386' title='bbox 328 2811 440 2866; x_wconf 87' lang='lat' dir='ltr'><strong>tantus</strong></span> <span class='ocrx_word' id='word_1_387' title='bbox 462 2797 629 2882; x_wconf 84' lang='lat' dir='ltr'><strong>propheta,</strong></span> <span class='ocrx_word' id='word_1_388' title='bbox 652 2809 684 2865; x_wconf 91' lang='lat' dir='ltr'><strong>et</strong></span> <span class='ocrx_word' id='word_1_389' title='bbox 706 2809 798 2864; x_wconf 90' lang='lat' dir='ltr'><strong>tanta</strong></span> <span class='ocrx_word' id='word_1_390' title='bbox 820 2800 953 2882; x_wconf 89' lang='lat' dir='ltr'><strong>spiritus</strong></span> <span class='ocrx_word' id='word_1_391' title='bbox 976 2800 1126 2882; x_wconf 90' lang='lat' dir='ltr'><strong>amplitu·</strong></span> <span class='ocrx_word' id='word_1_392' title='bbox 1179 2810 1275 2879; x_wconf 88' lang='lat' dir='ltr'><strong>stret,</strong></span> <span class='ocrx_word' id='word_1_393' title='bbox 1307 2800 1484 2881; x_wconf 75' lang='lat' dir='ltr'><strong>sepulerum</strong></span> <span class='ocrx_word' id='word_1_394' title='bbox 1516 2802 1650 2883; x_wconf 74' lang='lat' dir='ltr'><strong>inferius</strong></span> <span class='ocrx_word' id='word_1_395' title='bbox 1680 2804 1828 2866; x_wconf 85' lang='lat' dir='ltr'><strong>nominet</strong></span> <span class='ocrx_word' id='word_1_396' title='bbox 1860 2803 2036 2869; x_wconf 84' lang='lat' dir='ltr'><strong>discrimen</strong></span> <span class='ocrx_word' id='word_1_397' title='bbox 2069 2802 2152 2869; x_wconf 91' lang='lat' dir='ltr'><strong>illud</strong></span> 
     </span>
     <span class='ocr_line' id='line_1_31' title="bbox 160 2883 2147 2970; baseline 0.001 -17"><span class='ocrx_word' id='word_1_398' title='bbox 160 2888 237 2953; x_wconf 92' lang='lat' dir='ltr'><strong>dine</strong></span> <span class='ocrx_word' id='word_1_399' title='bbox 259 2888 415 2961; x_wconf 90' lang='lat' dir='ltr'><strong>donatus,</strong></span> <span class='ocrx_word' id='word_1_400' title='bbox 449 2905 542 2950; x_wconf 90' lang='lat' dir='ltr'><strong>suam</strong></span> <span class='ocrx_word' id='word_1_401' title='bbox 566 2895 675 2949; x_wconf 89' lang='lat' dir='ltr'><strong>tamen</strong></span> <span class='ocrx_word' id='word_1_402' title='bbox 700 2884 707 2898; x_wconf 86' lang='lat'>‘</span> <span class='ocrx_word' id='word_1_403' title='bbox 735 2886 919 2950; x_wconf 88' lang='lat' dir='ltr'><strong>norantiam</strong></span> <span class='ocrx_word' id='word_1_404' title='bbox 948 2907 991 2950; x_wconf 85' lang='lat' dir='ltr'><strong>ex</strong></span> <span class='ocrx_word' id='word_1_405' title='bbox 1020 2885 1128 2950; x_wconf 90' lang='lat' dir='ltr'><strong>animo</strong></span> <span class='ocrx_word' id='word_1_406' title='bbox 1180 2885 1267 2950; x_wconf 92' lang='lat' dir='ltr'><strong>unde</strong></span> <span class='ocrx_word' id='word_1_407' title='bbox 1295 2895 1426 2968; x_wconf 88' lang='lat' dir='ltr'><strong>ereptus</strong></span> <span class='ocrx_word' id='word_1_408' title='bbox 1455 2883 1576 2951; x_wconf 85' lang='lat' dir='ltr'><strong>iuerat:</strong></span> <span class='ocrx_word' id='word_1_409' title='bbox 1615 2907 1653 2952; x_wconf 88' lang='lat' dir='ltr'><strong>au</strong></span> <span class='ocrx_word' id='word_1_410' title='bbox 1672 2887 1701 2951; x_wconf 89' lang='lat' dir='ltr'><strong>si</strong></span> <span class='ocrx_word' id='word_1_411' title='bbox 1730 2887 1867 2970; x_wconf 87' lang='lat' dir='ltr'><strong>diceret,</strong></span> <span class='ocrx_word' id='word_1_412' title='bbox 1904 2908 1970 2953; x_wconf 91' lang='lat' dir='ltr'><strong>non</strong></span> <span class='ocrx_word' id='word_1_413' title='bbox 1998 2909 2067 2954; x_wconf 89' lang='lat' dir='ltr'><strong>una</strong></span> <span class='ocrx_word' id='word_1_414' title='bbox 2095 2889 2147 2954; x_wconf 83' lang='lat' dir='ltr'><strong>vel</strong></span> 
     </span>
     <span class='ocr_line' id='line_1_32' title="bbox 158 2969 2149 3055; baseline -0.001 -16"><span class='ocrx_word' id='word_1_415' title='bbox 158 2973 289 3045; x_wconf 82' lang='lat' dir='ltr'><strong>fatetur.</strong></span> <span class='ocrx_word' id='word_1_416' title='bbox 311 2980 452 3055; x_wconf 88' lang='lat' dir='ltr'><strong>quantae</strong></span> <span class='ocrx_word' id='word_1_417' title='bbox 474 2971 635 3035; x_wconf 85' lang='lat' dir='ltr'><strong>amentiae</strong></span> <span class='ocrx_word' id='word_1_418' title='bbox 657 2971 703 3035; x_wconf 92' lang='lat' dir='ltr'><strong>eri</strong></span> <span class='ocrx_word' id='word_1_419' title='bbox 740 2992 806 3035; x_wconf 93' lang='lat' dir='ltr'><strong>non</strong></span> <span class='ocrx_word' id='word_1_420' title='bbox 828 2971 950 3036; x_wconf 89' lang='lat' dir='ltr'><strong>sentire</strong></span> <span class='ocrx_word' id='word_1_421' title='bbox 972 2969 1049 3053; x_wconf 93' lang='lat' dir='ltr'><strong>quid</strong></span> <span class='ocrx_word' id='word_1_422' title='bbox 1072 2991 1128 3034; x_wconf 91' lang='lat' dir='ltr'><strong>uo·</strong></span> <span class='ocrx_word' id='word_1_423' title='bbox 1179 2970 1320 3054; x_wconf 88' lang='lat' dir='ltr'><strong>simplici</strong></span> <span class='ocrx_word' id='word_1_424' title='bbox 1341 2981 1444 3035; x_wconf 89' lang='lat' dir='ltr'><strong>morte</strong></span> <span class='ocrx_word' id='word_1_425' title='bbox 1471 2991 1507 3035; x_wconf 89' lang='lat' dir='ltr'><strong>se</strong></span> <span class='ocrx_word' id='word_1_426' title='bbox 1536 2972 1634 3036; x_wconf 86' lang='lat' dir='ltr'><strong>fuisse</strong></span> <span class='ocrx_word' id='word_1_427' title='bbox 1662 2972 1847 3050; x_wconf 87' lang='lat' dir='ltr'><strong>detentum,</strong></span> <span class='ocrx_word' id='word_1_428' title='bbox 1878 2974 1935 3040; x_wconf 87' lang='lat' dir='ltr'><strong>sed</strong></span> <span class='ocrx_word' id='word_1_429' title='bbox 1964 2973 2149 3040; x_wconf 88' lang='lat' dir='ltr'><strong>demersum</strong></span> 
     </span>
     <span class='ocr_line' id='line_1_33' title="bbox 158 3055 2152 3140; baseline -0.001 -15"><span class='ocrx_word' id='word_1_430' title='bbox 158 3059 210 3125; x_wconf 87' lang='lat' dir='ltr'><strong>bis</strong></span> <span class='ocrx_word' id='word_1_431' title='bbox 227 3057 318 3137; x_wconf 90' lang='lat' dir='ltr'><strong>desit,</strong></span> <span class='ocrx_word' id='word_1_432' title='bbox 341 3065 379 3121; x_wconf 88' lang='lat' dir='ltr'><strong>ut</strong></span> <span class='ocrx_word' id='word_1_433' title='bbox 396 3056 563 3122; x_wconf 86' lang='lat' dir='ltr'><strong>tenuitatis</strong></span> <span class='ocrx_word' id='word_1_434' title='bbox 577 3063 709 3121; x_wconf 91' lang='lat' dir='ltr'><strong>nostrae</strong></span> <span class='ocrx_word' id='word_1_435' title='bbox 723 3057 864 3140; x_wconf 88' lang='lat' dir='ltr'><strong>cognitio</strong></span> <span class='ocrx_word' id='word_1_436' title='bbox 881 3056 923 3121; x_wconf 93' lang='lat' dir='ltr'><strong>ad</strong></span> <span class='ocrx_word' id='word_1_437' title='bbox 941 3056 1127 3120; x_wconf 89' lang='lat' dir='ltr'><strong>ulteriorem</strong></span> <span class='ocrx_word' id='word_1_438' title='bbox 1179 3055 1213 3119; x_wconf 92' lang='lat' dir='ltr'><strong>in</strong></span> <span class='ocrx_word' id='word_1_439' title='bbox 1237 3055 1487 3138; x_wconf 85' lang='lat' dir='ltr'><strong>profundissimo</strong></span> <span class='ocrx_word' id='word_1_440' title='bbox 1509 3055 1674 3139; x_wconf 85' lang='lat' dir='ltr'><strong>sepulcre,</strong></span> <span class='ocrx_word' id='word_1_441' title='bbox 1703 3067 1741 3121; x_wconf 92' lang='lat' dir='ltr'><strong>ut</strong></span> <span class='ocrx_word' id='word_1_442' title='bbox 1762 3079 1898 3123; x_wconf 90' lang='lat' dir='ltr'><strong>manum</strong></span> <span class='ocrx_word' id='word_1_443' title='bbox 1920 3080 1939 3123; x_wconf 90' lang='lat' dir='ltr'><strong>a</strong></span> <span class='ocrx_word' id='word_1_444' title='bbox 1960 3057 2034 3125; x_wconf 90' lang='lat' dir='ltr'><strong>Deo</strong></span> <span class='ocrx_word' id='word_1_445' title='bbox 2055 3060 2152 3124; x_wconf 90' lang='lat' dir='ltr'><strong>mira·</strong></span> 
     </span>
     <span class='ocr_line' id='line_1_34' title="bbox 158 3139 2152 3229; baseline -0.001 -19"><span class='ocrx_word' id='word_1_446' title='bbox 158 3165 367 3229; x_wconf 88' lang='lat' dir='ltr'><strong>progressum</strong></span> <span class='ocrx_word' id='word_1_447' title='bbox 388 3163 448 3208; x_wconf 87' lang='lat' dir='ltr'><strong>uus</strong></span> <span class='ocrx_word' id='word_1_448' title='bbox 465 3139 634 3207; x_wconf 81' lang='lat' dir='ltr'><strong>stimulet?</strong></span> <span class='ocrx_word' id='word_1_449' title='bbox 659 3142 703 3205; x_wconf 81' lang='lat' dir='ltr'><strong>Et</strong></span> <span class='ocrx_word' id='word_1_450' title='bbox 718 3151 805 3206; x_wconf 89' lang='lat' dir='ltr'><strong>certe</strong></span> <span class='ocrx_word' id='word_1_451' title='bbox 826 3162 890 3224; x_wconf 92' lang='lat' dir='ltr'><strong>quo</strong></span> <span class='ocrx_word' id='word_1_452' title='bbox 908 3142 1044 3225; x_wconf 90' lang='lat' dir='ltr'><strong>quisque</strong></span> <span class='ocrx_word' id='word_1_453' title='bbox 1063 3161 1128 3205; x_wconf 91' lang='lat' dir='ltr'><strong>ma·</strong></span> <span class='ocrx_word' id='word_1_454' title='bbox 1181 3141 1289 3206; x_wconf 91' lang='lat' dir='ltr'><strong>biliter</strong></span> <span class='ocrx_word' id='word_1_455' title='bbox 1308 3142 1432 3225; x_wconf 82' lang='lat' dir='ltr'><strong>porrigi</strong></span> <span class='ocrx_word' id='word_1_456' title='bbox 1456 3145 1645 3224; x_wconf 90' lang='lat' dir='ltr'><strong>oportuerit.</strong></span> <span class='ocrx_word' id='word_1_457' title='bbox 1686 3143 1781 3208; x_wconf 91' lang='lat' dir='ltr'><strong>Nune</strong></span> <span class='ocrx_word' id='word_1_458' title='bbox 1803 3164 1904 3226; x_wconf 90' lang='lat' dir='ltr'><strong>quum</strong></span> <span class='ocrx_word' id='word_1_459' title='bbox 1928 3143 2054 3211; x_wconf 79' lang='lat' dir='ltr'><strong>Christi</strong></span> <span class='ocrx_word' id='word_1_460' title='bbox 2076 3166 2152 3228; x_wconf 87' lang='lat' dir='ltr'><strong>gra·</strong></span> 
     </span>
     <span class='ocr_line' id='line_1_35' title="bbox 158 3226 2151 3314; baseline 0 -19"><span class='ocrx_word' id='word_1_461' title='bbox 158 3230 211 3314; x_wconf 85' lang='lat' dir='ltr'><strong>gis</strong></span> <span class='ocrx_word' id='word_1_462' title='bbox 232 3229 368 3313; x_wconf 89' lang='lat' dir='ltr'><strong>proiecit</strong></span> <span class='ocrx_word' id='word_1_463' title='bbox 396 3229 431 3292; x_wconf 93' lang='lat' dir='ltr'><strong>in</strong></span> <span class='ocrx_word' id='word_1_464' title='bbox 461 3226 608 3292; x_wconf 89' lang='lat' dir='ltr'><strong>doctrine</strong></span> <span class='ocrx_word' id='word_1_465' title='bbox 636 3227 786 3311; x_wconf 90' lang='lat' dir='ltr'><strong>pietatis,</strong></span> <span class='ocrx_word' id='word_1_466' title='bbox 815 3248 853 3292; x_wconf 92' lang='lat' dir='ltr'><strong>ec</strong></span> <span class='ocrx_word' id='word_1_467' title='bbox 883 3227 999 3292; x_wconf 91' lang='lat' dir='ltr'><strong>melius</strong></span> <span class='ocrx_word' id='word_1_468' title='bbox 1028 3226 1129 3291; x_wconf 89' lang='lat' dir='ltr'><strong>sentit</strong></span> <span class='ocrx_word' id='word_1_469' title='bbox 1180 3227 1227 3291; x_wconf 89' lang='lat' dir='ltr'><strong>tia</strong></span> <span class='ocrx_word' id='word_1_470' title='bbox 1248 3229 1349 3308; x_wconf 91' lang='lat' dir='ltr'><strong>erepti</strong></span> <span class='ocrx_word' id='word_1_471' title='bbox 1371 3227 1475 3292; x_wconf 90' lang='lat' dir='ltr'><strong>simus</strong></span> <span class='ocrx_word' id='word_1_472' title='bbox 1496 3249 1537 3293; x_wconf 94' lang='lat' dir='ltr'><strong>ex</strong></span> <span class='ocrx_word' id='word_1_473' title='bbox 1560 3227 1675 3294; x_wconf 87' lang='lat' dir='ltr'><strong>altiore</strong></span> <span class='ocrx_word' id='word_1_474' title='bbox 1704 3231 1817 3294; x_wconf 89' lang='lat' dir='ltr'><strong>mortis</strong></span> <span class='ocrx_word' id='word_1_475' title='bbox 1845 3229 1982 3313; x_wconf 86' lang='lat' dir='ltr'><strong>abyssu,</strong></span> <span class='ocrx_word' id='word_1_476' title='bbox 2012 3231 2151 3295; x_wconf 91' lang='lat' dir='ltr'><strong>minime</strong></span> 
     </span>
     <span class='ocr_line' id='line_1_36' title="bbox 159 3310 2152 3398; baseline 0 -17"><span class='ocrx_word' id='word_1_477' title='bbox 159 3315 271 3398; x_wconf 88' lang='lat' dir='ltr'><strong>procul</strong></span> <span class='ocrx_word' id='word_1_478' title='bbox 293 3335 329 3379; x_wconf 91' lang='lat' dir='ltr'><strong>se</strong></span> <span class='ocrx_word' id='word_1_479' title='bbox 350 3334 370 3377; x_wconf 91' lang='lat' dir='ltr'><strong>a</strong></span> <span class='ocrx_word' id='word_1_480' title='bbox 391 3333 488 3396; x_wconf 90' lang='lat' dir='ltr'><strong>scopo</strong></span> <span class='ocrx_word' id='word_1_481' title='bbox 511 3312 643 3377; x_wconf 89' lang='lat' dir='ltr'><strong>distare.</strong></span> <span class='ocrx_word' id='word_1_482' title='bbox 687 3311 839 3379; x_wconf 82' lang='lat' dir='ltr'><strong>Secundo</strong></span> <span class='ocrx_word' id='word_1_483' title='bbox 862 3310 1047 3378; x_wconf 91' lang='lat' dir='ltr'><strong>addendum</strong></span> <span class='ocrx_word' id='word_1_484' title='bbox 1069 3321 1127 3390; x_wconf 89' lang='lat' dir='ltr'><strong>est,</strong></span> <span class='ocrx_word' id='word_1_485' title='bbox 1180 3311 1510 3396; x_wconf 16' lang='lat' dir='ltr'><strong>excusabilis-nostra</strong></span> <span class='ocrx_word' id='word_1_486' title='bbox 1530 3313 1730 3397; x_wconf 76' lang='lat' dir='ltr'><strong>ingratitudo</strong></span> <span class='ocrx_word' id='word_1_487' title='bbox 1751 3315 1831 3389; x_wconf 91' lang='lat' dir='ltr'><strong>urit,</strong></span> <span class='ocrx_word' id='word_1_488' title='bbox 1864 3315 1927 3381; x_wconf 92' lang='lat' dir='ltr'><strong>nisi</strong></span> <span class='ocrx_word' id='word_1_489' title='bbox 1956 3317 2152 3398; x_wconf 82' lang='lat' dir='ltr'><strong>aequisque</strong></span> 
     </span>
     <span class='ocr_line' id='line_1_37' title="bbox 159 3397 2152 3483; baseline 0.001 -18"><span class='ocrx_word' id='word_1_490' title='bbox 159 3419 225 3465; x_wconf 94' lang='lat' dir='ltr'><strong>non</strong></span> <span class='ocrx_word' id='word_1_491' title='bbox 247 3401 397 3464; x_wconf 87' lang='lat' dir='ltr'><strong>sulficere</strong></span> <span class='ocrx_word' id='word_1_492' title='bbox 419 3397 589 3464; x_wconf 91' lang='lat' dir='ltr'><strong>lectionem</strong></span> <span class='ocrx_word' id='word_1_493' title='bbox 612 3397 664 3462; x_wconf 88' lang='lat' dir='ltr'><strong>rel</strong></span> <span class='ocrx_word' id='word_1_494' title='bbox 686 3397 849 3474; x_wconf 86' lang='lat' dir='ltr'><strong>auditum,</strong></span> <span class='ocrx_word' id='word_1_495' title='bbox 872 3398 935 3462; x_wconf 91' lang='lat' dir='ltr'><strong>nisi</strong></span> <span class='ocrx_word' id='word_1_496' title='bbox 957 3401 1047 3462; x_wconf 89' lang='lat' dir='ltr'><strong>intus</strong></span> <span class='ocrx_word' id='word_1_497' title='bbox 1069 3416 1129 3463; x_wconf 93' lang='lat' dir='ltr'><strong>nos</strong></span> <span class='ocrx_word' id='word_1_498' title='bbox 1181 3417 1240 3479; x_wconf 89' lang='lat' dir='ltr'><strong>pro</strong></span> <span class='ocrx_word' id='word_1_499' title='bbox 1263 3397 1350 3461; x_wconf 84' lang='lat' dir='ltr'><strong>virili</strong></span> <span class='ocrx_word' id='word_1_500' title='bbox 1372 3399 1405 3461; x_wconf 92' lang='lat' dir='ltr'><strong>in</strong></span> <span class='ocrx_word' id='word_1_501' title='bbox 1436 3397 1498 3463; x_wconf 91' lang='lat' dir='ltr'><strong>hac</strong></span> <span class='ocrx_word' id='word_1_502' title='bbox 1527 3398 1716 3465; x_wconf 86' lang='lat' dir='ltr'><strong>liberatione</strong></span> <span class='ocrx_word' id='word_1_503' title='bbox 1746 3398 1962 3483; x_wconf 89' lang='lat' dir='ltr'><strong>praedicanda</strong></span> <span class='ocrx_word' id='word_1_504' title='bbox 1989 3414 2152 3466; x_wconf 88' lang='lat' dir='ltr'><strong>exerceat.</strong></span> 
     </span>
     <span class='ocr_line' id='line_1_38' title="bbox 161 3482 2153 3570; baseline 0.002 -21"><span class='ocrx_word' id='word_1_505' title='bbox 161 3486 254 3551; x_wconf 90' lang='lat' dir='ltr'><strong>Deus</strong></span> <span class='ocrx_word' id='word_1_506' title='bbox 276 3485 395 3568; x_wconf 90' lang='lat' dir='ltr'><strong>spiritu</strong></span> <span class='ocrx_word' id='word_1_507' title='bbox 417 3505 475 3548; x_wconf 89' lang='lat' dir='ltr'><strong>suu</strong></span> <span class='ocrx_word' id='word_1_508' title='bbox 498 3483 669 3548; x_wconf 87' lang='lat' dir='ltr'><strong>illuminet.</strong></span> <span class='ocrx_word' id='word_1_509' title='bbox 704 3482 758 3547; x_wconf 88' lang='lat' dir='ltr'><strong>Ad</strong></span> <span class='ocrx_word' id='word_1_510' title='bbox 773 3482 861 3559; x_wconf 85' lang='lat' dir='ltr'><strong>haec,</strong></span> <span class='ocrx_word' id='word_1_511' title='bbox 885 3502 940 3546; x_wconf 91' lang='lat' dir='ltr'><strong>cor</strong></span> <span class='ocrx_word' id='word_1_512' title='bbox 954 3503 1049 3546; x_wconf 91' lang='lat' dir='ltr'><strong>suum</strong></span> <span class='ocrx_word' id='word_1_513' title='bbox 1065 3483 1130 3547; x_wconf 85' lang='lat' dir='ltr'><strong>fur·</strong></span> <span class='ocrx_word' id='word_1_514' title='bbox 1181 3482 1267 3546; x_wconf 87' lang='lat' dir='ltr'><strong>Nem</strong></span> <span class='ocrx_word' id='word_1_515' title='bbox 1290 3482 1319 3546; x_wconf 91' lang='lat' dir='ltr'><strong>si</strong></span> <span class='ocrx_word' id='word_1_516' title='bbox 1341 3483 1403 3547; x_wconf 89' lang='lat' dir='ltr'><strong>Dei</strong></span> <span class='ocrx_word' id='word_1_517' title='bbox 1424 3503 1537 3548; x_wconf 79' lang='lat' dir='ltr'><strong>nomen</strong></span> <span class='ocrx_word' id='word_1_518' title='bbox 1558 3493 1727 3567; x_wconf 85' lang='lat' dir='ltr'><strong>tantopere</strong></span> <span class='ocrx_word' id='word_1_519' title='bbox 1749 3485 1869 3549; x_wconf 91' lang='lat' dir='ltr'><strong>extulit</strong></span> <span class='ocrx_word' id='word_1_520' title='bbox 1886 3482 1996 3550; x_wconf 84' lang='lat' dir='ltr'><strong>David</strong></span> <span class='ocrx_word' id='word_1_521' title='bbox 2017 3498 2153 3570; x_wconf 87' lang='lat' dir='ltr'><strong>propter</strong></span> 
     </span>
     <span class='ocr_line' id='line_1_39' title="bbox 162 3566 2156 3654; baseline 0.001 -19"><span class='ocrx_word' id='word_1_522' title='bbox 162 3570 247 3635; x_wconf 88' lang='lat' dir='ltr'><strong>mari</strong></span> <span class='ocrx_word' id='word_1_523' title='bbox 267 3571 303 3635; x_wconf 93' lang='lat' dir='ltr'><strong>in</strong></span> <span class='ocrx_word' id='word_1_524' title='bbox 320 3570 383 3636; x_wconf 92' lang='lat' dir='ltr'><strong>Dei</strong></span> <span class='ocrx_word' id='word_1_525' title='bbox 405 3569 605 3650; x_wconf 87' lang='lat' dir='ltr'><strong>obsequium,</strong></span> <span class='ocrx_word' id='word_1_526' title='bbox 628 3578 660 3633; x_wconf 89' lang='lat' dir='ltr'><strong>et</strong></span> <span class='ocrx_word' id='word_1_527' title='bbox 680 3570 713 3632; x_wconf 92' lang='lat' dir='ltr'><strong>in</strong></span> <span class='ocrx_word' id='word_1_528' title='bbox 732 3587 770 3632; x_wconf 89' lang='lat' dir='ltr'><strong>ec</strong></span> <span class='ocrx_word' id='word_1_529' title='bbox 788 3576 975 3633; x_wconf 88' lang='lat' dir='ltr'><strong>constanter</strong></span> <span class='ocrx_word' id='word_1_530' title='bbox 992 3567 1131 3632; x_wconf 88' lang='lat' dir='ltr'><strong>stabiliri</strong></span> <span class='ocrx_word' id='word_1_531' title='bbox 1181 3569 1284 3632; x_wconf 85' lang='lat' dir='ltr'><strong>vitam</strong></span> <span class='ocrx_word' id='word_1_532' title='bbox 1313 3566 1354 3632; x_wconf 93' lang='lat' dir='ltr'><strong>ad</strong></span> <span class='ocrx_word' id='word_1_533' title='bbox 1382 3567 1481 3632; x_wconf 86' lang='lat' dir='ltr'><strong>breve</strong></span> <span class='ocrx_word' id='word_1_534' title='bbox 1509 3579 1637 3651; x_wconf 89' lang='lat' dir='ltr'><strong>tempus</strong></span> <span class='ocrx_word' id='word_1_535' title='bbox 1665 3582 1885 3654; x_wconf 86' lang='lat' dir='ltr'><strong>prorogatam,</strong></span> <span class='ocrx_word' id='word_1_536' title='bbox 1922 3592 2003 3654; x_wconf 91' lang='lat' dir='ltr'><strong>quas</strong></span> <span class='ocrx_word' id='word_1_537' title='bbox 2042 3571 2156 3638; x_wconf 86' lang='lat' dir='ltr'><strong>laudes</strong></span> 
     </span>
     <span class='ocr_line' id='line_1_40' title="bbox 161 3652 2156 3739; baseline 0.001 -18"><span class='ocrx_word' id='word_1_538' title='bbox 161 3655 319 3739; x_wconf 86' lang='lat' dir='ltr'><strong>pustulat:</strong></span> <span class='ocrx_word' id='word_1_539' title='bbox 358 3656 435 3739; x_wconf 91' lang='lat' dir='ltr'><strong>quia</strong></span> <span class='ocrx_word' id='word_1_540' title='bbox 456 3654 551 3719; x_wconf 90' lang='lat' dir='ltr'><strong>sicuti</strong></span> <span class='ocrx_word' id='word_1_541' title='bbox 574 3674 667 3718; x_wconf 91' lang='lat' dir='ltr'><strong>mens</strong></span> <span class='ocrx_word' id='word_1_542' title='bbox 688 3661 801 3718; x_wconf 89' lang='lat' dir='ltr'><strong>nostra</strong></span> <span class='ocrx_word' id='word_1_543' title='bbox 822 3652 894 3719; x_wconf 89' lang='lat' dir='ltr'><strong>luce</strong></span> <span class='ocrx_word' id='word_1_544' title='bbox 916 3652 1057 3736; x_wconf 84' lang='lat' dir='ltr'><strong>indiget,</strong></span> <span class='ocrx_word' id='word_1_545' title='bbox 1084 3653 1131 3719; x_wconf 87' lang='lat' dir='ltr'><strong>siu</strong></span> <span class='ocrx_word' id='word_1_546' title='bbox 1182 3663 1325 3717; x_wconf 92' lang='lat' dir='ltr'><strong>meretur</strong></span> <span class='ocrx_word' id='word_1_547' title='bbox 1347 3653 1611 3736; x_wconf 89' lang='lat' dir='ltr'><strong>incomparabilis</strong></span> <span class='ocrx_word' id='word_1_548' title='bbox 1633 3657 1695 3719; x_wconf 89' lang='lat' dir='ltr'><strong>ista</strong></span> <span class='ocrx_word' id='word_1_549' title='bbox 1718 3655 1905 3739; x_wconf 92' lang='lat' dir='ltr'><strong>redemptio,</strong></span> <span class='ocrx_word' id='word_1_550' title='bbox 1928 3676 1992 3738; x_wconf 91' lang='lat' dir='ltr'><strong>qua</strong></span> <span class='ocrx_word' id='word_1_551' title='bbox 2010 3656 2156 3722; x_wconf 87' lang='lat' dir='ltr'><strong>traducti</strong></span> 
     </span>
     <span class='ocr_line' id='line_1_41' title="bbox 163 3737 2155 3824; baseline -0.001 -16"><span class='ocrx_word' id='word_1_552' title='bbox 163 3743 316 3809; x_wconf 83' lang='lat' dir='ltr'><strong>voluntas</strong></span> <span class='ocrx_word' id='word_1_553' title='bbox 348 3740 550 3806; x_wconf 89' lang='lat' dir='ltr'><strong>rectitudine.</strong></span> <span class='ocrx_word' id='word_1_554' title='bbox 603 3738 670 3803; x_wconf 88' lang='lat' dir='ltr'><strong>Alii</strong></span> <span class='ocrx_word' id='word_1_555' title='bbox 703 3747 852 3817; x_wconf 80' lang='lat' dir='ltr'><strong>vertunt,</strong></span> <span class='ocrx_word' id='word_1_556' title='bbox 886 3737 1046 3804; x_wconf 78' lang='lat' dir='ltr'><strong>Laetilius</strong></span> <span class='ocrx_word' id='word_1_557' title='bbox 1076 3758 1132 3803; x_wconf 89' lang='lat' dir='ltr'><strong>cor</strong></span> <span class='ocrx_word' id='word_1_558' title='bbox 1181 3758 1295 3804; x_wconf 90' lang='lat' dir='ltr'><strong>sumus</strong></span> <span class='ocrx_word' id='word_1_559' title='bbox 1316 3738 1357 3802; x_wconf 88' lang='lat' dir='ltr'><strong>ab</strong></span> <span class='ocrx_word' id='word_1_560' title='bbox 1378 3739 1490 3806; x_wconf 86' lang='lat' dir='ltr'><strong>inieris</strong></span> <span class='ocrx_word' id='word_1_561' title='bbox 1513 3739 1554 3805; x_wconf 86' lang='lat' dir='ltr'><strong>ed</strong></span> <span class='ocrx_word' id='word_1_562' title='bbox 1580 3740 1726 3806; x_wconf 84' lang='lat' dir='ltr'><strong>eoelum?</strong></span> <span class='ocrx_word' id='word_1_563' title='bbox 1771 3740 1866 3822; x_wconf 81' lang='lat' dir='ltr'><strong>Quod</strong></span> <span class='ocrx_word' id='word_1_564' title='bbox 1898 3744 2045 3824; x_wconf 91' lang='lat' dir='ltr'><strong>papistae</strong></span> <span class='ocrx_word' id='word_1_565' title='bbox 2075 3743 2155 3818; x_wconf 88' lang='lat' dir='ltr'><strong>hinc</strong></span> 
     </span>
     <span class='ocr_line' id='line_1_42' title="bbox 162 3823 2157 3908; baseline 0 -15"><span class='ocrx_word' id='word_1_566' title='bbox 162 3849 287 3893; x_wconf 88' lang='lat' dir='ltr'><strong>meum:</strong></span> <span class='ocrx_word' id='word_1_567' title='bbox 311 3847 349 3892; x_wconf 89' lang='lat' dir='ltr'><strong>au</strong></span> <span class='ocrx_word' id='word_1_568' title='bbox 370 3828 397 3892; x_wconf 94' lang='lat' dir='ltr'><strong>si</strong></span> <span class='ocrx_word' id='word_1_569' title='bbox 419 3824 556 3890; x_wconf 86' lang='lat' dir='ltr'><strong>verbum</strong></span> <span class='ocrx_word' id='word_1_570' title='bbox 578 3832 664 3889; x_wconf 89' lang='lat' dir='ltr'><strong>esset</strong></span> <span class='ocrx_word' id='word_1_571' title='bbox 686 3845 706 3888; x_wconf 91' lang='lat' dir='ltr'><strong>a</strong></span> <span class='ocrx_word' id='word_1_572' title='bbox 727 3824 835 3890; x_wconf 90' lang='lat' dir='ltr'><strong>radice</strong></span> <span class='ocrx_word' id='word_1_573' title='bbox 856 3837 952 3907; x_wconf 68' lang='lat' dir='ltr'><strong>mn.</strong></span> <span class='ocrx_word' id='word_1_574' title='bbox 986 3823 1053 3890; x_wconf 86' lang='lat' dir='ltr'><strong>Sed</strong></span> <span class='ocrx_word' id='word_1_575' title='bbox 1074 3844 1131 3907; x_wconf 85' lang='lat' dir='ltr'><strong>pu·</strong></span> <span class='ocrx_word' id='word_1_576' title='bbox 1181 3824 1407 3908; x_wconf 87' lang='lat' dir='ltr'><strong>purgatorium</strong></span> <span class='ocrx_word' id='word_1_577' title='bbox 1429 3846 1525 3891; x_wconf 90' lang='lat' dir='ltr'><strong>sunm</strong></span> <span class='ocrx_word' id='word_1_578' title='bbox 1554 3827 1669 3892; x_wconf 89' lang='lat' dir='ltr'><strong>elicere</strong></span> <span class='ocrx_word' id='word_1_579' title='bbox 1698 3826 1915 3904; x_wconf 86' lang='lat' dir='ltr'><strong>contendunt,</strong></span> <span class='ocrx_word' id='word_1_580' title='bbox 1943 3847 1981 3890; x_wconf 91' lang='lat' dir='ltr'><strong>au</strong></span> <span class='ocrx_word' id='word_1_581' title='bbox 2009 3827 2038 3892; x_wconf 93' lang='lat' dir='ltr'><strong>si</strong></span> <span class='ocrx_word' id='word_1_582' title='bbox 2068 3836 2157 3893; x_wconf 89' lang='lat' dir='ltr'><strong>essct</strong></span> 
     </span>
     <span class='ocr_line' id='line_1_43' title="bbox 165 3908 2157 3996; baseline 0.002 -20"><span class='ocrx_word' id='word_1_583' title='bbox 165 3916 229 3978; x_wconf 87' lang='lat' dir='ltr'><strong>tius</strong></span> <span class='ocrx_word' id='word_1_584' title='bbox 261 3924 311 3978; x_wconf 91' lang='lat' dir='ltr'><strong>est</strong></span> <span class='ocrx_word' id='word_1_585' title='bbox 343 3932 361 3975; x_wconf 91' lang='lat' dir='ltr'><strong>a</strong></span> <span class='ocrx_word' id='word_1_586' title='bbox 390 3924 459 3993; x_wconf 68' lang='grc' dir='ltr'><strong>Ἱῃι</strong></span> <span class='ocrx_word' id='word_1_587' title='bbox 488 3909 573 3993; x_wconf 91' lang='lat' dir='ltr'><strong>quod</strong></span> <span class='ocrx_word' id='word_1_588' title='bbox 603 3911 697 3975; x_wconf 90' lang='lat' dir='ltr'><strong>unire</strong></span> <span class='ocrx_word' id='word_1_589' title='bbox 724 3910 899 3996; x_wconf 84' lang='lat' dir='ltr'><strong>signifieat:</strong></span> <span class='ocrx_word' id='word_1_590' title='bbox 933 3911 988 3992; x_wconf 91' lang='lat' dir='ltr'><strong>qni</strong></span> <span class='ocrx_word' id='word_1_591' title='bbox 1015 3929 1131 3974; x_wconf 89' lang='lat' dir='ltr'><strong>sensus</strong></span> <span class='ocrx_word' id='word_1_592' title='bbox 1181 3908 1330 3973; x_wconf 85' lang='lat' dir='ltr'><strong>infernus</strong></span> <span class='ocrx_word' id='word_1_593' title='bbox 1351 3911 1517 3992; x_wconf 89' lang='lat' dir='ltr'><strong>superior:</strong></span> <span class='ocrx_word' id='word_1_594' title='bbox 1551 3913 1648 3975; x_wconf 93' lang='lat' dir='ltr'><strong>nimis</strong></span> <span class='ocrx_word' id='word_1_595' title='bbox 1670 3912 1820 3995; x_wconf 90' lang='lat' dir='ltr'><strong>putidum</strong></span> <span class='ocrx_word' id='word_1_596' title='bbox 1842 3923 1908 3994; x_wconf 88' lang='lat' dir='ltr'><strong>est,</strong></span> <span class='ocrx_word' id='word_1_597' title='bbox 1939 3933 1999 3978; x_wconf 92' lang='lat' dir='ltr'><strong>neu</strong></span> <span class='ocrx_word' id='word_1_598' title='bbox 2031 3914 2157 3979; x_wconf 86' lang='lat' dir='ltr'><strong>refuta·</strong></span> 
     </span>
     <span class='ocr_line' id='line_1_44' title="bbox 164 3993 1427 4080; baseline -0.003 -17"><span class='ocrx_word' id='word_1_599' title='bbox 164 3999 284 4080; x_wconf 89' lang='lat' dir='ltr'><strong>optime</strong></span> <span class='ocrx_word' id='word_1_600' title='bbox 306 3999 459 4063; x_wconf 84' lang='lat' dir='ltr'><strong>convenit</strong></span> <span class='ocrx_word' id='word_1_601' title='bbox 481 3997 644 4080; x_wconf 89' lang='lat' dir='ltr'><strong>praesenti</strong></span> <span class='ocrx_word' id='word_1_602' title='bbox 666 3995 745 4061; x_wconf 89' lang='lat' dir='ltr'><strong>loco.</strong></span> <span class='ocrx_word' id='word_1_603' title='bbox 789 3996 912 4060; x_wconf 81' lang='lat' dir='ltr'><strong>Subest</strong></span> <span class='ocrx_word' id='word_1_604' title='bbox 935 3996 1022 4061; x_wconf 91' lang='lat' dir='ltr'><strong>enim</strong></span> <span class='ocrx_word' id='word_1_605' title='bbox 1046 3996 1131 4059; x_wconf 88' lang='lat' dir='ltr'><strong>enti·</strong></span> <span class='ocrx_word' id='word_1_606' title='bbox 1182 3995 1270 4058; x_wconf 88' lang='lat' dir='ltr'><strong>tione</strong></span> <span class='ocrx_word' id='word_1_607' title='bbox 1292 3993 1360 4058; x_wconf 92' lang='lat' dir='ltr'><strong>indi</strong></span> <span class='ocrx_word' id='word_1_608' title='bbox 1385 4004 1427 4059; x_wconf 88' lang='lat' dir='ltr'><strong>et.</strong></span> 
     </span>
    </p>

    <p class='ocr_par' dir='ltr' id='par_1_11' title="bbox 163 4077 2159 4250">
     <span class='ocr_line' id='line_1_45' title="bbox 164 4077 2158 4166; baseline 0.002 -20"><span class='ocrx_word' id='word_1_609' title='bbox 164 4084 284 4158; x_wconf 87' lang='lat' dir='ltr'><strong>thesis,</strong></span> <span class='ocrx_word' id='word_1_610' title='bbox 307 4104 390 4164; x_wconf 90' lang='lat' dir='ltr'><strong>quae</strong></span> <span class='ocrx_word' id='word_1_611' title='bbox 413 4103 478 4147; x_wconf 91' lang='lat' dir='ltr'><strong>nou</strong></span> <span class='ocrx_word' id='word_1_612' title='bbox 501 4082 582 4146; x_wconf 88' lang='lat' dir='ltr'><strong>satis</strong></span> <span class='ocrx_word' id='word_1_613' title='bbox 604 4081 677 4158; x_wconf 86' lang='lat' dir='ltr'><strong>luit,</strong></span> <span class='ocrx_word' id='word_1_614' title='bbox 698 4087 737 4144; x_wconf 91' lang='lat' dir='ltr'><strong>ut</strong></span> <span class='ocrx_word' id='word_1_615' title='bbox 758 4101 818 4163; x_wconf 88' lang='lat' dir='ltr'><strong>par</strong></span> <span class='ocrx_word' id='word_1_616' title='bbox 839 4092 926 4159; x_wconf 89' lang='lat' dir='ltr'><strong>erat,</strong></span> <span class='ocrx_word' id='word_1_617' title='bbox 948 4080 1129 4160; x_wconf 88' lang='lat' dir='ltr'><strong>observata,</strong></span> <span class='ocrx_word' id='word_1_618' title='bbox 1272 4081 1318 4145; x_wconf 89' lang='lat'><strong>14.</strong></span> <span class='ocrx_word' id='word_1_619' title='bbox 1349 4077 1362 4164; x_wconf 90' lang='lat'>(</span> <span class='ocrx_word' id='word_1_620' title='bbox 1397 4099 1467 4155; x_wconf 81' lang='lat' dir='ltr'><strong>eus,</strong></span> <span class='ocrx_word' id='word_1_621' title='bbox 1495 4079 1643 4165; x_wconf 68' lang='lat' dir='ltr'><strong>opert.)</strong></span> <span class='ocrx_word' id='word_1_622' title='bbox 1692 4082 1826 4166; x_wconf 81' lang='lat' dir='ltr'><strong>Legunt</strong></span> <span class='ocrx_word' id='word_1_623' title='bbox 1854 4082 1908 4147; x_wconf 91' lang='lat' dir='ltr'><strong>alii</strong></span> <span class='ocrx_word' id='word_1_624' title='bbox 1938 4094 2037 4166; x_wconf 47' lang='lat'><strong>0³21,</strong></span> <span class='ocrx_word' id='word_1_625' title='bbox 2069 4083 2158 4165; x_wconf 91' lang='lat' dir='ltr'><strong>quud</strong></span> 
     </span>
     <span class='ocr_line' id='line_1_46' title="bbox 163 4165 2159 4250; baseline 0.001 -17"><span class='ocrx_word' id='word_1_626' title='bbox 163 4170 250 4233; x_wconf 90' lang='lat' dir='ltr'><strong>inter</strong></span> <span class='ocrx_word' id='word_1_627' title='bbox 272 4169 402 4231; x_wconf 91' lang='lat' dir='ltr'><strong>firmum</strong></span> <span class='ocrx_word' id='word_1_628' title='bbox 425 4167 634 4250; x_wconf 89' lang='lat' dir='ltr'><strong>propositum,</strong></span> <span class='ocrx_word' id='word_1_629' title='bbox 657 4187 721 4249; x_wconf 92' lang='lat' dir='ltr'><strong>quo</strong></span> <span class='ocrx_word' id='word_1_630' title='bbox 745 4165 900 4230; x_wconf 88' lang='lat' dir='ltr'><strong>adhaeret</strong></span> <span class='ocrx_word' id='word_1_631' title='bbox 916 4187 971 4231; x_wconf 90' lang='lat' dir='ltr'><strong>eor</strong></span> <span class='ocrx_word' id='word_1_632' title='bbox 990 4165 1131 4231; x_wconf 90' lang='lat' dir='ltr'><strong>hominis</strong></span> <span class='ocrx_word' id='word_1_633' title='bbox 1182 4165 1306 4230; x_wconf 91' lang='lat' dir='ltr'><strong>alienus</strong></span> <span class='ocrx_word' id='word_1_634' title='bbox 1328 4165 1501 4247; x_wconf 85' lang='lat' dir='ltr'><strong>significat.</strong></span> <span class='ocrx_word' id='word_1_635' title='bbox 1545 4165 1591 4229; x_wconf 80' lang='lat' dir='ltr'><strong>Et</strong></span> <span class='ocrx_word' id='word_1_636' title='bbox 1612 4178 1699 4231; x_wconf 91' lang='lat' dir='ltr'><strong>certe</strong></span> <span class='ocrx_word' id='word_1_637' title='bbox 1722 4167 1783 4231; x_wconf 93' lang='lat' dir='ltr'><strong>hau</strong></span> <span class='ocrx_word' id='word_1_638' title='bbox 1805 4188 1884 4233; x_wconf 83' lang='lat' dir='ltr'><strong>voce</strong></span> <span class='ocrx_word' id='word_1_639' title='bbox 1907 4169 2071 4250; x_wconf 89' lang='lat' dir='ltr'><strong>scriptura</strong></span> <span class='ocrx_word' id='word_1_640' title='bbox 2091 4169 2159 4234; x_wconf 90' lang='lat' dir='ltr'><strong>im·</strong></span> 
     </span>
    </p>
   </div>
   <div class='ocr_carea' id='block_1_4' title="bbox 43 4248 2159 4335">
    <p class='ocr_par' dir='ltr' id='par_1_12' title="bbox 43 4248 2159 4335">
     <span class='ocr_line' id='line_1_47' title="bbox 43 4248 2159 4335; baseline 0.002 -18"><span class='ocrx_word' id='word_1_641' title='bbox 43 4278 44 4283; x_wconf 47' lang='lat'>¹</span> <span class='ocrx_word' id='word_1_642' title='bbox 165 4253 237 4317; x_wconf 90' lang='lat' dir='ltr'><strong>Deo</strong></span> <span class='ocrx_word' id='word_1_643' title='bbox 266 4252 320 4317; x_wconf 91' lang='lat' dir='ltr'><strong>nbi</strong></span> <span class='ocrx_word' id='word_1_644' title='bbox 348 4272 368 4316; x_wconf 88' lang='lat' dir='ltr'><strong>a</strong></span> <span class='ocrx_word' id='word_1_645' title='bbox 395 4253 513 4333; x_wconf 88' lang='lat' dir='ltr'><strong>spiritu</strong></span> <span class='ocrx_word' id='word_1_646' title='bbox 543 4253 684 4334; x_wconf 87' lang='lat' dir='ltr'><strong>regitur:</strong></span> <span class='ocrx_word' id='word_1_647' title='bbox 717 4263 751 4316; x_wconf 93' lang='lat' dir='ltr'><strong>et</strong></span> <span class='ocrx_word' id='word_1_648' title='bbox 779 4251 1037 4335; x_wconf 88' lang='lat' dir='ltr'><strong>inquietudinem</strong></span> <span class='ocrx_word' id='word_1_649' title='bbox 1067 4272 1131 4335; x_wconf 90' lang='lat' dir='ltr'><strong>qua</strong></span> <span class='ocrx_word' id='word_1_650' title='bbox 1183 4271 1311 4315; x_wconf 90' lang='lat' dir='ltr'><strong>manem</strong></span> <span class='ocrx_word' id='word_1_651' title='bbox 1334 4271 1431 4332; x_wconf 87' lang='lat' dir='ltr'><strong>saepe</strong></span> <span class='ocrx_word' id='word_1_652' title='bbox 1461 4248 1641 4314; x_wconf 88' lang='lat' dir='ltr'><strong>barbariem</strong></span> <span class='ocrx_word' id='word_1_653' title='bbox 1670 4260 1779 4327; x_wconf 86' lang='lat' dir='ltr'><strong>nutat,</strong></span> <span class='ocrx_word' id='word_1_654' title='bbox 1806 4272 1844 4318; x_wconf 82' lang='lat' dir='ltr'><strong>ac</strong></span> <span class='ocrx_word' id='word_1_655' title='bbox 1873 4253 1901 4317; x_wconf 91' lang='lat' dir='ltr'><strong>si</strong></span> <span class='ocrx_word' id='word_1_656' title='bbox 1931 4253 2052 4318; x_wconf 89' lang='lat' dir='ltr'><strong>diceret</strong></span> <span class='ocrx_word' id='word_1_657' title='bbox 2081 4276 2159 4321; x_wconf 90' lang='lat' dir='ltr'><strong>cru·</strong></span> 
     </span>
    </p>
   </div>
   <div class='ocr_carea' id='block_1_5' title="bbox 164 4335 2160 5275">
    <p class='ocr_par' dir='ltr' id='par_1_13' title="bbox 164 4335 2160 5188">
     <span class='ocr_line' id='line_1_48' title="bbox 164 4335 2158 4421; baseline 0.002 -19"><span class='ocrx_word' id='word_1_658' title='bbox 164 4347 306 4416; x_wconf 88' lang='lat' dir='ltr'><strong>aestuat,</strong></span> <span class='ocrx_word' id='word_1_659' title='bbox 335 4335 463 4416; x_wconf 88' lang='lat' dir='ltr'><strong>hucque</strong></span> <span class='ocrx_word' id='word_1_660' title='bbox 484 4349 516 4401; x_wconf 91' lang='lat' dir='ltr'><strong>et</strong></span> <span class='ocrx_word' id='word_1_661' title='bbox 538 4337 615 4404; x_wconf 91' lang='lat' dir='ltr'><strong>illuc</strong></span> <span class='ocrx_word' id='word_1_662' title='bbox 637 4338 779 4420; x_wconf 87' lang='lat' dir='ltr'><strong>rapitur,</strong></span> <span class='ocrx_word' id='word_1_663' title='bbox 807 4336 963 4419; x_wconf 88' lang='lat' dir='ltr'><strong>quamdiu</strong></span> <span class='ocrx_word' id='word_1_664' title='bbox 992 4337 1130 4401; x_wconf 89' lang='lat' dir='ltr'><strong>fluctuat</strong></span> <span class='ocrx_word' id='word_1_665' title='bbox 1183 4335 1280 4400; x_wconf 91' lang='lat' dir='ltr'><strong>deles.</strong></span> <span class='ocrx_word' id='word_1_666' title='bbox 1316 4337 1387 4419; x_wconf 75' lang='lat' dir='ltr'><strong>ligo</strong></span> <span class='ocrx_word' id='word_1_667' title='bbox 1410 4348 1519 4399; x_wconf 91' lang='lat' dir='ltr'><strong>tamen</strong></span> <span class='ocrx_word' id='word_1_668' title='bbox 1541 4335 1626 4417; x_wconf 93' lang='lat' dir='ltr'><strong>quud</strong></span> <span class='ocrx_word' id='word_1_669' title='bbox 1649 4338 1810 4418; x_wconf 89' lang='lat' dir='ltr'><strong>receptius</strong></span> <span class='ocrx_word' id='word_1_670' title='bbox 1831 4347 1902 4402; x_wconf 89' lang='lat' dir='ltr'><strong>erat</strong></span> <span class='ocrx_word' id='word_1_671' title='bbox 1923 4338 2017 4421; x_wconf 90' lang='lat' dir='ltr'><strong>sequi</strong></span> <span class='ocrx_word' id='word_1_672' title='bbox 2039 4339 2158 4407; x_wconf 88' lang='lat' dir='ltr'><strong>malni.</strong></span> 
     </span>
     <span class='ocr_line' id='line_1_49' title="bbox 165 4420 2159 4507; baseline 0.001 -18"><span class='ocrx_word' id='word_1_673' title='bbox 165 4426 252 4489; x_wconf 88' lang='lat' dir='ltr'><strong>inter</strong></span> <span class='ocrx_word' id='word_1_674' title='bbox 273 4442 350 4488; x_wconf 89' lang='lat' dir='ltr'><strong>suos</strong></span> <span class='ocrx_word' id='word_1_675' title='bbox 370 4421 515 4486; x_wconf 88' lang='lat' dir='ltr'><strong>affectus.</strong></span> <span class='ocrx_word' id='word_1_676' title='bbox 548 4422 726 4507; x_wconf 87' lang='lat' dir='ltr'><strong>Postquam</strong></span> <span class='ocrx_word' id='word_1_677' title='bbox 749 4442 826 4506; x_wconf 89' lang='lat' dir='ltr'><strong>ergo</strong></span> <span class='ocrx_word' id='word_1_678' title='bbox 847 4420 925 4504; x_wconf 92' lang='lat' dir='ltr'><strong>quid</strong></span> <span class='ocrx_word' id='word_1_679' title='bbox 945 4432 1069 4487; x_wconf 92' lang='lat' dir='ltr'><strong>rectum</strong></span> <span class='ocrx_word' id='word_1_680' title='bbox 1088 4423 1131 4485; x_wconf 89' lang='lat' dir='ltr'><strong>sit</strong></span> <span class='ocrx_word' id='word_1_681' title='bbox 1182 4421 1267 4485; x_wconf 91' lang='lat' dir='ltr'><strong>Nam</strong></span> <span class='ocrx_word' id='word_1_682' title='bbox 1288 4441 1389 4504; x_wconf 90' lang='lat' dir='ltr'><strong>quum</strong></span> <span class='ocrx_word' id='word_1_683' title='bbox 1413 4429 1494 4503; x_wconf 65' lang='lat' dir='ltr'><strong>mr</strong></span> <span class='ocrx_word' id='word_1_684' title='bbox 1517 4421 1660 4486; x_wconf 87' lang='lat' dir='ltr'><strong>Hebraei</strong></span> <span class='ocrx_word' id='word_1_685' title='bbox 1678 4422 1832 4504; x_wconf 89' lang='lat' dir='ltr'><strong>superbus</strong></span> <span class='ocrx_word' id='word_1_686' title='bbox 1850 4433 1975 4497; x_wconf 88' lang='lat' dir='ltr'><strong>vocent,</strong></span> <span class='ocrx_word' id='word_1_687' title='bbox 1998 4423 2159 4491; x_wconf 86' lang='lat' dir='ltr'><strong>credibile</strong></span> 
     </span>
     <span class='ocr_line' id='line_1_50' title="bbox 166 4505 2156 4590; baseline 0.001 -16"><span class='ocrx_word' id='word_1_688' title='bbox 166 4508 338 4574; x_wconf 90' lang='lat' dir='ltr'><strong>didicerint</strong></span> <span class='ocrx_word' id='word_1_689' title='bbox 358 4506 484 4587; x_wconf 88' lang='lat' dir='ltr'><strong>fideles,</strong></span> <span class='ocrx_word' id='word_1_690' title='bbox 515 4506 645 4571; x_wconf 86' lang='lat' dir='ltr'><strong>accedat</strong></span> <span class='ocrx_word' id='word_1_691' title='bbox 666 4510 781 4573; x_wconf 91' lang='lat' dir='ltr'><strong>firmus</strong></span> <span class='ocrx_word' id='word_1_692' title='bbox 802 4527 978 4573; x_wconf 85' lang='lat' dir='ltr'><strong>consensus</strong></span> <span class='ocrx_word' id='word_1_693' title='bbox 998 4527 1130 4572; x_wconf 90' lang='lat' dir='ltr'><strong>necesse</strong></span> <span class='ocrx_word' id='word_1_694' title='bbox 1181 4522 1239 4586; x_wconf 85' lang='lat' dir='ltr'><strong>est,</strong></span> <span class='ocrx_word' id='word_1_695' title='bbox 1261 4514 1395 4590; x_wconf 89' lang='lat' dir='ltr'><strong>propter</strong></span> <span class='ocrx_word' id='word_1_696' title='bbox 1417 4505 1672 4581; x_wconf 85' lang='lat' dir='ltr'><strong>similitudinem,</strong></span> <span class='ocrx_word' id='word_1_697' title='bbox 1695 4522 1724 4589; x_wconf 72' lang='lat' dir='ltr'><strong>&#39;p</strong></span> <span class='ocrx_word' id='word_1_698' title='bbox 1746 4513 1907 4572; x_wconf 88' lang='lat' dir='ltr'><strong>mutatum</strong></span> <span class='ocrx_word' id='word_1_699' title='bbox 1929 4508 2029 4574; x_wconf 83' lang='lat' dir='ltr'><strong>luisse</strong></span> <span class='ocrx_word' id='word_1_700' title='bbox 2051 4510 2087 4573; x_wconf 93' lang='lat' dir='ltr'><strong>in</strong></span> <span class='ocrx_word' id='word_1_701' title='bbox 2108 4525 2156 4588; x_wconf 63' lang='grc' dir='ltr'><strong>ηε</strong></span> 
     </span>
     <span class='ocr_line' id='line_1_51' title="bbox 165 4589 2160 4676; baseline 0 -16"><span class='ocrx_word' id='word_1_702' title='bbox 165 4603 229 4675; x_wconf 87' lang='grc' dir='ltr'>εει,</span> <span class='ocrx_word' id='word_1_703' title='bbox 252 4616 293 4660; x_wconf 91' lang='lat' dir='ltr'><strong>ne</strong></span> <span class='ocrx_word' id='word_1_704' title='bbox 314 4593 350 4658; x_wconf 93' lang='lat' dir='ltr'><strong>in</strong></span> <span class='ocrx_word' id='word_1_705' title='bbox 367 4612 487 4676; x_wconf 81' lang='lat' dir='ltr'><strong>pravus</strong></span> <span class='ocrx_word' id='word_1_706' title='bbox 508 4591 701 4675; x_wconf 87' lang='lat' dir='ltr'><strong>cupiditates</strong></span> <span class='ocrx_word' id='word_1_707' title='bbox 723 4613 778 4658; x_wconf 90' lang='lat' dir='ltr'><strong>cor</strong></span> <span class='ocrx_word' id='word_1_708' title='bbox 798 4592 943 4658; x_wconf 89' lang='lat' dir='ltr'><strong>ebulliat.</strong></span> <span class='ocrx_word' id='word_1_709' title='bbox 986 4591 1130 4675; x_wconf 88' lang='lat' dir='ltr'><strong>Ideoque</strong></span> <span class='ocrx_word' id='word_1_710' title='bbox 1180 4601 1213 4656; x_wconf 90' lang='lat' dir='ltr'><strong>et</strong></span> <span class='ocrx_word' id='word_1_711' title='bbox 1241 4593 1357 4656; x_wconf 90' lang='lat' dir='ltr'><strong>melius</strong></span> <span class='ocrx_word' id='word_1_712' title='bbox 1384 4590 1445 4655; x_wconf 91' lang='lat' dir='ltr'><strong>huo</strong></span> <span class='ocrx_word' id='word_1_713' title='bbox 1474 4589 1567 4656; x_wconf 93' lang='lat' dir='ltr'><strong>modo</strong></span> <span class='ocrx_word' id='word_1_714' title='bbox 1592 4593 1674 4656; x_wconf 92' lang='lat' dir='ltr'><strong>fluet</strong></span> <span class='ocrx_word' id='word_1_715' title='bbox 1702 4601 1889 4670; x_wconf 87' lang='lat' dir='ltr'><strong>contextus,</strong></span> <span class='ocrx_word' id='word_1_716' title='bbox 1926 4595 2002 4676; x_wconf 90' lang='lat' dir='ltr'><strong>quia</strong></span> <span class='ocrx_word' id='word_1_717' title='bbox 2029 4592 2160 4669; x_wconf 73' lang='lat' dir='ltr'><strong>eodem.</strong></span> 
     </span>
     <span class='ocr_line' id='line_1_52' title="bbox 166 4676 2151 4764; baseline 0.001 -19"><span class='ocrx_word' id='word_1_718' title='bbox 166 4680 334 4764; x_wconf 89' lang='lat' dir='ltr'><strong>aptissima</strong></span> <span class='ocrx_word' id='word_1_719' title='bbox 356 4679 462 4744; x_wconf 89' lang='lat' dir='ltr'><strong>estin</strong></span> <span class='ocrx_word' id='word_1_720' title='bbox 484 4678 586 4743; x_wconf 85' lang='lat' dir='ltr'><strong>verbu</strong></span> <span class='ocrx_word' id='word_1_721' title='bbox 607 4679 737 4743; x_wconf 65' lang='lat' dir='ltr'><strong>unimodi</strong></span> <span class='ocrx_word' id='word_1_722' title='bbox 765 4678 968 4760; x_wconf 86' lang='lat' dir='ltr'><strong>metaphora,</strong></span> <span class='ocrx_word' id='word_1_723' title='bbox 996 4698 1038 4742; x_wconf 87' lang='lat' dir='ltr'><strong>ex</strong></span> <span class='ocrx_word' id='word_1_724' title='bbox 1067 4697 1130 4759; x_wconf 88' lang='lat' dir='ltr'><strong>qna</strong></span> <span class='ocrx_word' id='word_1_725' title='bbox 1179 4698 1278 4742; x_wconf 88' lang='lat' dir='ltr'><strong>sensu</strong></span> <span class='ocrx_word' id='word_1_726' title='bbox 1306 4677 1458 4742; x_wconf 89' lang='lat' dir='ltr'><strong>continuo</strong></span> <span class='ocrx_word' id='word_1_727' title='bbox 1478 4684 1550 4758; x_wconf 91' lang='lat' dir='ltr'><strong>post</strong></span> <span class='ocrx_word' id='word_1_728' title='bbox 1570 4676 1712 4760; x_wconf 91' lang='lat' dir='ltr'><strong>appellat</strong></span> <span class='ocrx_word' id='word_1_729' title='bbox 1731 4679 1883 4757; x_wconf 63' lang='lat' dir='ltr'><strong>rubratus,</strong></span> <span class='ocrx_word' id='word_1_730' title='bbox 1913 4679 1969 4761; x_wconf 92' lang='lat' dir='ltr'><strong>qui</strong></span> <span class='ocrx_word' id='word_1_731' title='bbox 1998 4679 2151 4747; x_wconf 80' lang='lat' dir='ltr'><strong>violento</strong></span> 
     </span>
     <span class='ocr_line' id='line_1_53' title="bbox 165 4760 2152 4849; baseline 0 -18"><span class='ocrx_word' id='word_1_732' title='bbox 165 4765 348 4849; x_wconf 81' lang='lat' dir='ltr'><strong>colligimus</strong></span> <span class='ocrx_word' id='word_1_733' title='bbox 370 4764 592 4830; x_wconf 90' lang='lat' dir='ltr'><strong>turbulentum</strong></span> <span class='ocrx_word' id='word_1_734' title='bbox 614 4783 685 4827; x_wconf 87' lang='lat' dir='ltr'><strong>esse</strong></span> <span class='ocrx_word' id='word_1_735' title='bbox 711 4784 767 4828; x_wconf 90' lang='lat' dir='ltr'><strong>eor</strong></span> <span class='ocrx_word' id='word_1_736' title='bbox 795 4763 952 4841; x_wconf 90' lang='lat' dir='ltr'><strong>huminis,</strong></span> <span class='ocrx_word' id='word_1_737' title='bbox 981 4762 1128 4840; x_wconf 89' lang='lat' dir='ltr'><strong>distrahi,</strong></span> <span class='ocrx_word' id='word_1_738' title='bbox 1180 4765 1305 4845; x_wconf 91' lang='lat' dir='ltr'><strong>impetu</strong></span> <span class='ocrx_word' id='word_1_739' title='bbox 1337 4770 1371 4825; x_wconf 91' lang='grc' dir='ltr'><strong>ει</strong></span> <span class='ocrx_word' id='word_1_740' title='bbox 1402 4760 1521 4825; x_wconf 82' lang='lat' dir='ltr'><strong>ferocia</strong></span> <span class='ocrx_word' id='word_1_741' title='bbox 1554 4763 1691 4828; x_wconf 88' lang='lat' dir='ltr'><strong>ruebant</strong></span> <span class='ocrx_word' id='word_1_742' title='bbox 1722 4763 1763 4827; x_wconf 90' lang='lat' dir='ltr'><strong>ad</strong></span> <span class='ocrx_word' id='word_1_743' title='bbox 1796 4761 2014 4844; x_wconf 88' lang='lat' dir='ltr'><strong>perdendum:</strong></span> <span class='ocrx_word' id='word_1_744' title='bbox 2047 4766 2152 4832; x_wconf 88' lang='lat' dir='ltr'><strong>sicuti</strong></span> 
     </span>
     <span class='ocr_line' id='line_1_54' title="bbox 165 4843 2153 4933; baseline 0.002 -18"><span class='ocrx_word' id='word_1_745' title='bbox 165 4859 199 4916; x_wconf 90' lang='lat' dir='ltr'><strong>et</strong></span> <span class='ocrx_word' id='word_1_746' title='bbox 220 4851 313 4933; x_wconf 90' lang='lat' dir='ltr'><strong>quasi</strong></span> <span class='ocrx_word' id='word_1_747' title='bbox 337 4849 486 4932; x_wconf 89' lang='lat' dir='ltr'><strong>dissipari</strong></span> <span class='ocrx_word' id='word_1_748' title='bbox 508 4851 543 4913; x_wconf 90' lang='lat' dir='ltr'><strong>in</strong></span> <span class='ocrx_word' id='word_1_749' title='bbox 566 4849 675 4915; x_wconf 84' lang='lat' dir='ltr'><strong>varias</strong></span> <span class='ocrx_word' id='word_1_750' title='bbox 696 4860 821 4930; x_wconf 87' lang='lat' dir='ltr'><strong>partes,</strong></span> <span class='ocrx_word' id='word_1_751' title='bbox 851 4848 953 4914; x_wconf 87' lang='lat' dir='ltr'><strong>donec</strong></span> <span class='ocrx_word' id='word_1_752' title='bbox 975 4849 1067 4913; x_wconf 88' lang='lat' dir='ltr'><strong>Deus</strong></span> <span class='ocrx_word' id='word_1_753' title='bbox 1088 4846 1129 4913; x_wconf 88' lang='lat' dir='ltr'><strong>ad</strong></span> <span class='ocrx_word' id='word_1_754' title='bbox 1181 4848 1309 4924; x_wconf 88' lang='lat' dir='ltr'><strong>scimus,</strong></span> <span class='ocrx_word' id='word_1_755' title='bbox 1328 4843 1383 4910; x_wconf 91' lang='lat' dir='ltr'><strong>ubi</strong></span> <span class='ocrx_word' id='word_1_756' title='bbox 1403 4860 1518 4929; x_wconf 87' lang='lat' dir='ltr'><strong>regnat</strong></span> <span class='ocrx_word' id='word_1_757' title='bbox 1535 4846 1694 4930; x_wconf 90' lang='lat' dir='ltr'><strong>superbia,</strong></span> <span class='ocrx_word' id='word_1_758' title='bbox 1717 4847 1799 4913; x_wconf 94' lang='lat' dir='ltr'><strong>nihil</strong></span> <span class='ocrx_word' id='word_1_759' title='bbox 1818 4868 1890 4915; x_wconf 91' lang='lat' dir='ltr'><strong>esse</strong></span> <span class='ocrx_word' id='word_1_760' title='bbox 1906 4849 2153 4918; x_wconf 88' lang='lat' dir='ltr'><strong>moderationis.</strong></span> 
     </span>
     <span class='ocr_line' id='line_1_55' title="bbox 166 4932 2159 5018; baseline 0.001 -16"><span class='ocrx_word' id='word_1_761' title='bbox 166 4958 202 5003; x_wconf 88' lang='lat' dir='ltr'><strong>se</strong></span> <span class='ocrx_word' id='word_1_762' title='bbox 224 4934 395 5002; x_wconf 84' lang='lat' dir='ltr'><strong>collectum</strong></span> <span class='ocrx_word' id='word_1_763' title='bbox 421 4937 456 4999; x_wconf 92' lang='lat' dir='ltr'><strong>in</strong></span> <span class='ocrx_word' id='word_1_764' title='bbox 484 4936 578 5000; x_wconf 90' lang='lat' dir='ltr'><strong>lirmu</strong></span> <span class='ocrx_word' id='word_1_765' title='bbox 607 4946 640 4999; x_wconf 91' lang='grc' dir='ltr'><strong>ει</strong></span> <span class='ocrx_word' id='word_1_766' title='bbox 666 4933 826 5014; x_wconf 89' lang='lat' dir='ltr'><strong>aequabili</strong></span> <span class='ocrx_word' id='word_1_767' title='bbox 856 4934 1056 4999; x_wconf 85' lang='lat' dir='ltr'><strong>obedientiae</strong></span> <span class='ocrx_word' id='word_1_768' title='bbox 1085 4943 1130 4997; x_wconf 90' lang='lat' dir='ltr'><strong>te·</strong></span> <span class='ocrx_word' id='word_1_769' title='bbox 1184 4932 1352 5014; x_wconf 82' lang='lat' dir='ltr'><strong>Exprimit</strong></span> <span class='ocrx_word' id='word_1_770' title='bbox 1373 4940 1481 4996; x_wconf 91' lang='lat' dir='ltr'><strong>autem</strong></span> <span class='ocrx_word' id='word_1_771' title='bbox 1504 4932 1625 5014; x_wconf 89' lang='lat' dir='ltr'><strong>absque</strong></span> <span class='ocrx_word' id='word_1_772' title='bbox 1647 4935 1752 5018; x_wconf 84' lang='lat' dir='ltr'><strong>ligura</strong></span> <span class='ocrx_word' id='word_1_773' title='bbox 1773 4932 1859 5018; x_wconf 90' lang='lat' dir='ltr'><strong>quod</strong></span> <span class='ocrx_word' id='word_1_774' title='bbox 1879 4953 1986 5017; x_wconf 88' lang='lat' dir='ltr'><strong>nuper</strong></span> <span class='ocrx_word' id='word_1_775' title='bbox 2007 4933 2094 5000; x_wconf 87' lang='lat' dir='ltr'><strong>dixit</strong></span> <span class='ocrx_word' id='word_1_776' title='bbox 2115 4936 2159 5004; x_wconf 91' lang='lat' dir='ltr'><strong>de</strong></span> 
     </span>
     <span class='ocr_line' id='line_1_56' title="bbox 166 5017 2160 5104; baseline 0.002 -18"><span class='ocrx_word' id='word_1_777' title='bbox 166 5042 244 5087; x_wconf 89' lang='lat' dir='ltr'><strong>nure</strong></span> <span class='ocrx_word' id='word_1_778' title='bbox 267 5022 414 5086; x_wconf 88' lang='lat' dir='ltr'><strong>retineat.</strong></span> <span class='ocrx_word' id='word_1_779' title='bbox 456 5020 544 5086; x_wconf 89' lang='lat' dir='ltr'><strong>Hinc</strong></span> <span class='ocrx_word' id='word_1_780' title='bbox 565 5020 662 5086; x_wconf 90' lang='lat' dir='ltr'><strong>etiam</strong></span> <span class='ocrx_word' id='word_1_781' title='bbox 686 5027 775 5102; x_wconf 85' lang='lat' dir='ltr'><strong>patet</strong></span> <span class='ocrx_word' id='word_1_782' title='bbox 795 5017 871 5102; x_wconf 92' lang='lat' dir='ltr'><strong>qnid</strong></span> <span class='ocrx_word' id='word_1_783' title='bbox 901 5040 959 5102; x_wconf 92' lang='lat' dir='ltr'><strong>per</strong></span> <span class='ocrx_word' id='word_1_784' title='bbox 987 5040 1022 5084; x_wconf 93' lang='lat' dir='ltr'><strong>se</strong></span> <span class='ocrx_word' id='word_1_785' title='bbox 1052 5017 1130 5083; x_wconf 93' lang='lat' dir='ltr'><strong>libe·</strong></span> <span class='ocrx_word' id='word_1_786' title='bbox 1186 5017 1350 5100; x_wconf 89' lang='lat' dir='ltr'><strong>sepuluro:</strong></span> <span class='ocrx_word' id='word_1_787' title='bbox 1373 5018 1450 5098; x_wconf 91' lang='lat' dir='ltr'><strong>quia</strong></span> <span class='ocrx_word' id='word_1_788' title='bbox 1471 5037 1568 5099; x_wconf 93' lang='lat' dir='ltr'><strong>quum</strong></span> <span class='ocrx_word' id='word_1_789' title='bbox 1591 5037 1696 5101; x_wconf 87' lang='lat' dir='ltr'><strong>agnus</strong></span> <span class='ocrx_word' id='word_1_790' title='bbox 1715 5028 1801 5085; x_wconf 87' lang='lat' dir='ltr'><strong>esset</strong></span> <span class='ocrx_word' id='word_1_791' title='bbox 1819 5021 1853 5084; x_wconf 92' lang='lat' dir='ltr'><strong>in</strong></span> <span class='ocrx_word' id='word_1_792' title='bbox 1873 5018 1981 5085; x_wconf 90' lang='lat' dir='ltr'><strong>medio</strong></span> <span class='ocrx_word' id='word_1_793' title='bbox 1999 5019 2160 5104; x_wconf 87' lang='lat' dir='ltr'><strong>luporum</strong></span> 
     </span>
     <span class='ocr_line' id='line_1_57' title="bbox 167 5104 1131 5188; baseline -0.002 -18"><span class='ocrx_word' id='word_1_794' title='bbox 167 5128 240 5171; x_wconf 89' lang='lat' dir='ltr'><strong>rum</strong></span> <span class='ocrx_word' id='word_1_795' title='bbox 263 5104 433 5171; x_wconf 88' lang='lat' dir='ltr'><strong>arbitrium</strong></span> <span class='ocrx_word' id='word_1_796' title='bbox 456 5106 571 5171; x_wconf 85' lang='lat' dir='ltr'><strong>valeat.</strong></span> <span class='ocrx_word' id='word_1_797' title='bbox 615 5106 698 5170; x_wconf 87' lang='lat' dir='ltr'><strong>Nam</strong></span> <span class='ocrx_word' id='word_1_798' title='bbox 727 5125 827 5188; x_wconf 88' lang='lat' dir='ltr'><strong>quum</strong></span> <span class='ocrx_word' id='word_1_799' title='bbox 854 5105 919 5169; x_wconf 88' lang='lat' dir='ltr'><strong>sint</strong></span> <span class='ocrx_word' id='word_1_800' title='bbox 949 5104 1032 5169; x_wconf 89' lang='lat' dir='ltr'><strong>duae</strong></span> <span class='ocrx_word' id='word_1_801' title='bbox 1061 5104 1131 5168; x_wconf 87' lang='lat' dir='ltr'><strong>eius</strong></span> 
     </span>
    </p>

    <p class='ocr_par' dir='ltr' id='par_1_14' title="bbox 168 5188 1958 5275">
     <span class='ocr_line' id='line_1_58' title="bbox 168 5188 1958 5275; baseline 0.004 -20"><span class='ocrx_word' id='word_1_802' title='bbox 168 5190 344 5272; x_wconf 77' lang='lat' dir='ltr'><strong>facultates,</strong></span> <span class='ocrx_word' id='word_1_803' title='bbox 367 5201 502 5275; x_wconf 90' lang='lat' dir='ltr'><strong>utraque</strong></span> <span class='ocrx_word' id='word_1_804' title='bbox 524 5212 558 5257; x_wconf 89' lang='lat' dir='ltr'><strong>se</strong></span> <span class='ocrx_word' id='word_1_805' title='bbox 581 5191 711 5256; x_wconf 88' lang='lat' dir='ltr'><strong>destitui</strong></span> <span class='ocrx_word' id='word_1_806' title='bbox 733 5193 853 5256; x_wconf 86' lang='lat' dir='ltr'><strong>latetur</strong></span> <span class='ocrx_word' id='word_1_807' title='bbox 874 5189 996 5266; x_wconf 83' lang='lat' dir='ltr'><strong>David,</strong></span> <span class='ocrx_word' id='word_1_808' title='bbox 1020 5188 1131 5254; x_wconf 89' lang='lat' dir='ltr'><strong>lumen</strong></span> <span class='ocrx_word' id='word_1_809' title='bbox 1268 5202 1296 5271; x_wconf 85' lang='grc'><strong>·)</strong></span> <span class='ocrx_word' id='word_1_810' title='bbox 1313 5208 1344 5256; x_wconf 85' lang='grc' dir='ltr'><strong>ιιι</strong></span> <span class='ocrx_word' id='word_1_811' title='bbox 1362 5203 1427 5258; x_wconf 81' lang='lat' dir='ltr'><strong>m&#39;as</strong></span> <span class='ocrx_word' id='word_1_812' title='bbox 1446 5203 1562 5270; x_wconf 75' lang='lat' dir='ltr'><strong>consule,</strong></span> <span class='ocrx_word' id='word_1_813' title='bbox 1581 5220 1617 5258; x_wconf 78' lang='lat' dir='ltr'><strong>ea</strong></span> <span class='ocrx_word' id='word_1_814' title='bbox 1628 5218 1735 5275; x_wconf 71' lang='lat' dir='ltr'><strong>maroe·</strong></span> <span class='ocrx_word' id='word_1_815' title='bbox 1752 5222 1787 5261; x_wconf 86' lang='lat' dir='ltr'><strong>uu</strong></span> <span class='ocrx_word' id='word_1_816' title='bbox 1804 5206 1868 5261; x_wconf 82' lang='lat' dir='ltr'><strong>m&#39;as</strong></span> <span class='ocrx_word' id='word_1_817' title='bbox 1886 5207 1958 5264; x_wconf 71' lang='lat' dir='ltr'><strong>nde.</strong></span> 
     </span>
    </p>
   </div>
   <div class='ocr_carea' id='block_1_6' title="bbox 0 0 2335 5856">
    <p class='ocr_par' dir='ltr' id='par_1_15' title="bbox 0 0 2335 5856">
     <span class='ocr_line' id='line_1_59' title="bbox 0 0 2335 5856; baseline 0 0"><span class='ocrx_word' id='word_1_818' title='bbox 0 0 2335 5856; x_wconf 95' lang='lat' dir='ltr'><strong> </strong></span> 
     </span>
    </p>
   </div>
  </div>
 </body>
</html>
