<?xml version="1.0" encoding="UTF-8"?>
<!DOCTYPE html PUBLIC "-//W3C//DTD XHTML 1.0 Transitional//EN"
    "http://www.w3.org/TR/xhtml1/DTD/xhtml1-transitional.dtd">
<html xmlns="http://www.w3.org/1999/xhtml" xml:lang="en" lang="en">
 <head>
  <title>
</title>
<meta http-equiv="Content-Type" content="text/html;charset=utf-8" />
  <meta name='ocr-system' content='tesseract 3.04.00' />
  <meta name='ocr-capabilities' content='ocr_page ocr_carea ocr_par ocr_line ocrx_word'/>
</head>
<body>
  <div class='ocr_page' id='page_1' title='image "./corpusreformato05melagoog_0174.png"; bbox 0 0 4658 5856; ppageno 0'>
   <div class='ocr_carea' id='block_1_1' title="bbox 160 326 2157 429">
    <p class='ocr_par' dir='ltr' id='par_1_1' title="bbox 160 326 2157 429">
     <span class='ocr_line' id='line_1_1' title="bbox 160 326 2157 429; baseline 0.003 -36"><span class='ocrx_word' id='word_1_1' title='bbox 160 326 224 393; x_wconf 75' lang='grc'><strong><em>349</em></strong></span> <span class='ocrx_word' id='word_1_2' title='bbox 458 410 463 418; x_wconf 30' lang='lat'><strong>·</strong></span> <span class='ocrx_word' id='word_1_3' title='bbox 749 401 752 408; x_wconf 58' lang='grc'><strong>,</strong></span> <span class='ocrx_word' id='word_1_4' title='bbox 968 328 1185 397; x_wconf 80' lang='lat' dir='ltr'>PSALMUS</span> <span class='ocrx_word' id='word_1_5' title='bbox 1208 329 1356 395; x_wconf 85' lang='lat' dir='ltr'><strong>XXXV.</strong></span> <span class='ocrx_word' id='word_1_6' title='bbox 1759 414 1767 429; x_wconf 29' lang='lat'><strong><em>⁹</em></strong></span> <span class='ocrx_word' id='word_1_7' title='bbox 2089 332 2157 400; x_wconf 82' lang='lat'><strong><em>350</em></strong></span> 
     </span>
    </p>
   </div>
   <div class='ocr_carea' id='block_1_2' title="bbox 159 514 2157 5321">
    <p class='ocr_par' dir='ltr' id='par_1_2' title="bbox 159 514 2157 1116">
     <span class='ocr_line' id='line_1_2' title="bbox 247 514 2157 645; baseline 0.005 -65"><span class='ocrx_word' id='word_1_8' title='bbox 247 515 279 581; x_wconf 89' lang='lat'><strong><em>8.</em></strong></span> <span class='ocrx_word' id='word_1_9' title='bbox 308 514 466 582; x_wconf 82' lang='lat' dir='ltr'><strong><em>Vmiatei</em></strong></span> <span class='ocrx_word' id='word_1_10' title='bbox 486 518 638 584; x_wconf 81' lang='lat' dir='ltr'><strong><em>tumultus</em></strong></span> <span class='ocrx_word' id='word_1_11' title='bbox 659 539 749 601; x_wconf 79' lang='lat' dir='ltr'><strong><em>quem</em></strong></span> <span class='ocrx_word' id='word_1_12' title='bbox 771 520 905 607; x_wconf 77' lang='lat' dir='ltr'><strong><em>iquorat,</em></strong></span> <span class='ocrx_word' id='word_1_13' title='bbox 935 523 962 583; x_wconf 91' lang='lat' dir='ltr'><strong><em>et</em></strong></span> <span class='ocrx_word' id='word_1_14' title='bbox 982 523 1044 583; x_wconf 88' lang='lat' dir='ltr'><strong><em>rete</em></strong></span> <span class='ocrx_word' id='word_1_15' title='bbox 1064 521 1134 584; x_wconf 84' lang='lat' dir='ltr'><strong><em>ciue</em></strong></span> <span class='ocrx_word' id='word_1_16' title='bbox 1157 531 1162 645; x_wconf 49' lang='grc' dir='ltr'>Ι</span> <span class='ocrx_word' id='word_1_17' title='bbox 1187 518 1258 584; x_wconf 87' lang='lat' dir='ltr'><strong><em>sinc</em></strong></span> <span class='ocrx_word' id='word_1_18' title='bbox 1279 519 1410 585; x_wconf 86' lang='lat' dir='ltr'><strong><em>fictione</em></strong></span> <span class='ocrx_word' id='word_1_19' title='bbox 1440 519 1645 583; x_wconf 87' lang='lat' dir='ltr'><strong><em>demonstret</em></strong></span> <span class='ocrx_word' id='word_1_20' title='bbox 1672 539 1711 585; x_wconf 90' lang='lat' dir='ltr'><strong><em>eo</em></strong></span> <span class='ocrx_word' id='word_1_21' title='bbox 1743 520 1843 585; x_wconf 88' lang='lat' dir='ltr'><strong><em>studii</em></strong></span> <span class='ocrx_word' id='word_1_22' title='bbox 1872 520 2001 586; x_wconf 84' lang='lat' dir='ltr'><strong><em>fervore</em></strong></span> <span class='ocrx_word' id='word_1_23' title='bbox 2030 541 2064 587; x_wconf 86' lang='lat' dir='ltr'><strong><em>se</em></strong></span> <span class='ocrx_word' id='word_1_24' title='bbox 2086 542 2157 589; x_wconf 87' lang='lat' dir='ltr'><strong><em>esse</em></strong></span> 
     </span>
     <span class='ocr_line' id='line_1_3' title="bbox 159 600 2157 691; baseline 0.003 -23"><span class='ocrx_word' id='word_1_25' title='bbox 159 601 242 684; x_wconf 83' lang='lat' dir='ltr'><strong><em>quod</em></strong></span> <span class='ocrx_word' id='word_1_26' title='bbox 263 600 440 668; x_wconf 76' lang='lat' dir='ltr'><strong><em>abscondit:</em></strong></span> <span class='ocrx_word' id='word_1_27' title='bbox 461 603 672 686; x_wconf 68' lang='lat' dir='ltr'><strong><em>apprehendat</em></strong></span> <span class='ocrx_word' id='word_1_28' title='bbox 692 625 771 681; x_wconf 75' lang='lat' dir='ltr'><strong><em>eum</em></strong></span> <span class='ocrx_word' id='word_1_29' title='bbox 793 625 864 671; x_wconf 87' lang='lat' dir='ltr'><strong><em>cum</em></strong></span> <span class='ocrx_word' id='word_1_30' title='bbox 886 605 1020 670; x_wconf 77' lang='lat' dir='ltr'><strong><em>tumultu</em></strong></span> <span class='ocrx_word' id='word_1_31' title='bbox 1042 607 1135 670; x_wconf 87' lang='lat' dir='ltr'><strong><em>cadat</em></strong></span> <span class='ocrx_word' id='word_1_32' title='bbox 1185 602 1380 688; x_wconf 90' lang='lat' dir='ltr'><strong><em>praeditum,</em></strong></span> <span class='ocrx_word' id='word_1_33' title='bbox 1403 613 1441 669; x_wconf 94' lang='lat' dir='ltr'><strong><em>ut</em></strong></span> <span class='ocrx_word' id='word_1_34' title='bbox 1463 625 1584 670; x_wconf 89' lang='lat' dir='ltr'><strong><em>nervos</em></strong></span> <span class='ocrx_word' id='word_1_35' title='bbox 1612 614 1646 670; x_wconf 88' lang='lat' dir='ltr'><strong><em>et</em></strong></span> <span class='ocrx_word' id='word_1_36' title='bbox 1674 626 1749 672; x_wconf 89' lang='lat' dir='ltr'><strong><em>osse</em></strong></span> <span class='ocrx_word' id='word_1_37' title='bbox 1777 605 1966 689; x_wconf 89' lang='lat' dir='ltr'><strong><em>impendere</em></strong></span> <span class='ocrx_word' id='word_1_38' title='bbox 1985 608 2095 691; x_wconf 88' lang='lat' dir='ltr'><strong><em>cupiat</em></strong></span> <span class='ocrx_word' id='word_1_39' title='bbox 2116 608 2157 675; x_wconf 94' lang='lat' dir='ltr'><strong><em>ed</em></strong></span> 
     </span>
     <span class='ocr_line' id='line_1_4' title="bbox 160 662 1560 773; baseline 0.001 -19"><span class='ocrx_word' id='word_1_40' title='bbox 160 691 197 754; x_wconf 81' lang='lat' dir='ltr'><strong><em>in</em></strong></span> <span class='ocrx_word' id='word_1_41' title='bbox 228 687 321 754; x_wconf 90' lang='lat' dir='ltr'><strong><em>illud.</em></strong></span> <span class='ocrx_word' id='word_1_42' title='bbox 365 687 397 752; x_wconf 82' lang='grc'><strong><em>9.</em></strong></span> <span class='ocrx_word' id='word_1_43' title='bbox 430 688 475 754; x_wconf 80' lang='lat' dir='ltr'><strong><em>Et</em></strong></span> <span class='ocrx_word' id='word_1_44' title='bbox 507 691 617 755; x_wconf 68' lang='lat' dir='ltr'><strong><em>arama</em></strong></span> <span class='ocrx_word' id='word_1_45' title='bbox 646 711 717 756; x_wconf 91' lang='lat' dir='ltr'><strong><em>mea</em></strong></span> <span class='ocrx_word' id='word_1_46' title='bbox 749 689 914 755; x_wconf 75' lang='lat' dir='ltr'><strong><em>exsultabit</em></strong></span> <span class='ocrx_word' id='word_1_47' title='bbox 940 693 977 755; x_wconf 90' lang='lat' dir='ltr'><strong><em>iu</em></strong></span> <span class='ocrx_word' id='word_1_48' title='bbox 1007 690 1133 770; x_wconf 86' lang='lat' dir='ltr'><strong><em>Iebooc,</em></strong></span> <span class='ocrx_word' id='word_1_49' title='bbox 1158 662 1162 745; x_wconf 84' lang='lat' dir='ltr'><strong><em>l</em></strong></span> <span class='ocrx_word' id='word_1_50' title='bbox 1185 691 1368 755; x_wconf 78' lang='lat' dir='ltr'><strong><em>testandam</em></strong></span> <span class='ocrx_word' id='word_1_51' title='bbox 1394 691 1560 773; x_wconf 87' lang='lat' dir='ltr'><strong><em>pietatem.</em></strong></span> 
     </span>
     <span class='ocr_line' id='line_1_5' title="bbox 160 774 2157 863; baseline 0.002 -23"><span class='ocrx_word' id='word_1_52' title='bbox 160 774 328 840; x_wconf 85' lang='lat' dir='ltr'><strong><em>laetabitur</em></strong></span> <span class='ocrx_word' id='word_1_53' title='bbox 347 774 384 837; x_wconf 87' lang='lat' dir='ltr'><strong><em>iu</em></strong></span> <span class='ocrx_word' id='word_1_54' title='bbox 401 775 501 844; x_wconf 75' lang='lat' dir='ltr'><strong><em>aalide</em></strong></span> <span class='ocrx_word' id='word_1_55' title='bbox 523 777 600 841; x_wconf 83' lang='lat' dir='ltr'><strong><em>eiua</em></strong></span> <span class='ocrx_word' id='word_1_56' title='bbox 636 776 686 842; x_wconf 89' lang='grc'><strong><em>10.</em></strong></span> <span class='ocrx_word' id='word_1_57' title='bbox 713 775 828 841; x_wconf 74' lang='lat' dir='ltr'><strong><em>canta</em></strong></span> <span class='ocrx_word' id='word_1_58' title='bbox 845 797 918 842; x_wconf 85' lang='lat' dir='ltr'><strong><em>oceo</em></strong></span> <span class='ocrx_word' id='word_1_59' title='bbox 935 796 1005 841; x_wconf 77' lang='lat' dir='ltr'><strong><em>usca</em></strong></span> <span class='ocrx_word' id='word_1_60' title='bbox 1022 776 1133 859; x_wconf 72' lang='lat' dir='ltr'><strong><em>climat,</em></strong></span> <span class='ocrx_word' id='word_1_61' title='bbox 1272 776 1323 841; x_wconf 89' lang='grc'><strong><em>10.</em></strong></span> <span class='ocrx_word' id='word_1_62' title='bbox 1346 774 1489 861; x_wconf 88' lang='lat' dir='ltr'><strong><em>(Ieloca,</em></strong></span> <span class='ocrx_word' id='word_1_63' title='bbox 1511 777 1583 856; x_wconf 86' lang='lat' dir='ltr'><strong><em>quic</em></strong></span> <span class='ocrx_word' id='word_1_64' title='bbox 1611 776 1731 843; x_wconf 84' lang='lat' dir='ltr'><strong><em>similia</em></strong></span> <span class='ocrx_word' id='word_1_65' title='bbox 1758 775 1839 863; x_wconf 84' lang='lat' dir='ltr'><strong><em>tibi.)</em></strong></span> <span class='ocrx_word' id='word_1_66' title='bbox 1864 777 2014 854; x_wconf 45' lang='lat' dir='ltr'><strong><em>,Clarius</em></strong></span> <span class='ocrx_word' id='word_1_67' title='bbox 2044 776 2157 843; x_wconf 90' lang='lat' dir='ltr'><strong><em>definit</em></strong></span> 
     </span>
     <span class='ocr_line' id='line_1_6' title="bbox 164 858 2157 946; baseline 0.003 -22"><span class='ocrx_word' id='word_1_68' title='bbox 164 858 287 938; x_wconf 84' lang='lat' dir='ltr'><strong><em>Ielrooa,</em></strong></span> <span class='ocrx_word' id='word_1_69' title='bbox 307 859 381 940; x_wconf 81' lang='lat' dir='ltr'><strong><em>quie</em></strong></span> <span class='ocrx_word' id='word_1_70' title='bbox 395 858 513 924; x_wconf 82' lang='lat' dir='ltr'><strong><em>similia</em></strong></span> <span class='ocrx_word' id='word_1_71' title='bbox 533 861 600 939; x_wconf 87' lang='lat' dir='ltr'><strong><em>tibi,</em></strong></span> <span class='ocrx_word' id='word_1_72' title='bbox 622 863 758 942; x_wconf 75' lang='lat' dir='ltr'><strong><em>eripietur</em></strong></span> <span class='ocrx_word' id='word_1_73' title='bbox 774 881 948 945; x_wconf 78' lang='lat' dir='ltr'><strong><em>pauperem</em></strong></span> <span class='ocrx_word' id='word_1_74' title='bbox 969 861 1007 927; x_wconf 90' lang='lat' dir='ltr'><strong><em>ab</em></strong></span> <span class='ocrx_word' id='word_1_75' title='bbox 1028 882 1062 928; x_wconf 91' lang='lat' dir='ltr'><strong><em>cc</em></strong></span> <span class='ocrx_word' id='word_1_76' title='bbox 1079 863 1135 944; x_wconf 85' lang='lat' dir='ltr'><strong><em>qui</em></strong></span> <span class='ocrx_word' id='word_1_77' title='bbox 1185 882 1281 926; x_wconf 92' lang='lat' dir='ltr'><strong><em>suum</em></strong></span> <span class='ocrx_word' id='word_1_78' title='bbox 1303 861 1386 926; x_wconf 90' lang='lat' dir='ltr'><strong><em>illud</em></strong></span> <span class='ocrx_word' id='word_1_79' title='bbox 1409 863 1441 925; x_wconf 91' lang='lat' dir='ltr'><strong><em>in</em></strong></span> <span class='ocrx_word' id='word_1_80' title='bbox 1460 861 1565 927; x_wconf 90' lang='lat' dir='ltr'><strong><em>salute</em></strong></span> <span class='ocrx_word' id='word_1_81' title='bbox 1575 861 1641 926; x_wconf 90' lang='lat' dir='ltr'><strong><em>Dei</em></strong></span> <span class='ocrx_word' id='word_1_82' title='bbox 1661 862 1830 946; x_wconf 81' lang='lat' dir='ltr'><strong><em>gaudium,</em></strong></span> <span class='ocrx_word' id='word_1_83' title='bbox 1853 884 1970 946; x_wconf 80' lang='lat' dir='ltr'>nempe</span> <span class='ocrx_word' id='word_1_84' title='bbox 1992 863 2075 946; x_wconf 89' lang='lat' dir='ltr'><strong><em>quod</em></strong></span> <span class='ocrx_word' id='word_1_85' title='bbox 2099 865 2157 929; x_wconf 91' lang='lat' dir='ltr'><strong><em>uui</em></strong></span> 
     </span>
     <span class='ocr_line' id='line_1_7' title="bbox 160 945 2155 1034; baseline 0.002 -24"><span class='ocrx_word' id='word_1_86' title='bbox 160 945 306 1010; x_wconf 75' lang='lat' dir='ltr'><strong><em>robusta</em></strong></span> <span class='ocrx_word' id='word_1_87' title='bbox 323 949 368 1009; x_wconf 84' lang='lat' dir='ltr'><strong><em>eet</em></strong></span> <span class='ocrx_word' id='word_1_88' title='bbox 382 965 465 1026; x_wconf 85' lang='lat' dir='ltr'><strong><em>prae</em></strong></span> <span class='ocrx_word' id='word_1_89' title='bbox 485 947 563 1028; x_wconf 81' lang='lat' dir='ltr'><strong><em>ipso,</em></strong></span> <span class='ocrx_word' id='word_1_90' title='bbox 583 967 756 1030; x_wconf 78' lang='lat' dir='ltr'><strong><em>pauperem</em></strong></span> <span class='ocrx_word' id='word_1_91' title='bbox 776 953 803 1012; x_wconf 92' lang='lat' dir='ltr'><strong><em>et</em></strong></span> <span class='ocrx_word' id='word_1_92' title='bbox 820 949 969 1014; x_wconf 66' lang='lat' dir='ltr'><strong><em>maecum</em></strong></span> <span class='ocrx_word' id='word_1_93' title='bbox 991 948 1135 1030; x_wconf 88' lang='lat' dir='ltr'><strong><em>adirep-</em></strong></span> <span class='ocrx_word' id='word_1_94' title='bbox 1185 947 1258 1012; x_wconf 89' lang='lat' dir='ltr'><strong><em>Dec</em></strong></span> <span class='ocrx_word' id='word_1_95' title='bbox 1273 947 1307 1012; x_wconf 91' lang='lat' dir='ltr'><strong><em>in</em></strong></span> <span class='ocrx_word' id='word_1_96' title='bbox 1324 947 1465 1012; x_wconf 89' lang='lat' dir='ltr'><strong><em>solidum</em></strong></span> <span class='ocrx_word' id='word_1_97' title='bbox 1483 946 1645 1012; x_wconf 88' lang='lat' dir='ltr'><strong><em>adscribet</em></strong></span> <span class='ocrx_word' id='word_1_98' title='bbox 1666 970 1764 1030; x_wconf 92' lang='lat' dir='ltr'><strong><em>quem</em></strong></span> <span class='ocrx_word' id='word_1_99' title='bbox 1782 949 1921 1034; x_wconf 87' lang='lat' dir='ltr'><strong><em>adeptas</em></strong></span> <span class='ocrx_word' id='word_1_100' title='bbox 1939 957 1990 1016; x_wconf 90' lang='lat' dir='ltr'><strong><em>est</em></strong></span> <span class='ocrx_word' id='word_1_101' title='bbox 2006 947 2155 1015; x_wconf 87' lang='lat' dir='ltr'><strong><em>salutem.</em></strong></span> 
     </span>
     <span class='ocr_line' id='line_1_8' title="bbox 162 1029 2156 1116; baseline 0.002 -20"><span class='ocrx_word' id='word_1_102' title='bbox 162 1035 226 1096; x_wconf 87' lang='lat' dir='ltr'><strong><em>tore</em></strong></span> <span class='ocrx_word' id='word_1_103' title='bbox 247 1029 343 1096; x_wconf 80' lang='lat' dir='ltr'><strong><em>eiua?</em></strong></span> <span class='ocrx_word' id='word_1_104' title='bbox 1188 1030 1243 1099; x_wconf 84' lang='lat' dir='ltr'><strong><em>sic</em></strong></span> <span class='ocrx_word' id='word_1_105' title='bbox 1262 1035 1348 1097; x_wconf 90' lang='lat' dir='ltr'><strong><em>enim</em></strong></span> <span class='ocrx_word' id='word_1_106' title='bbox 1368 1032 1468 1116; x_wconf 78' lang='lat' dir='ltr'><strong><em>vulgo</em></strong></span> <span class='ocrx_word' id='word_1_107' title='bbox 1486 1033 1742 1099; x_wconf 88' lang='lat' dir='ltr'><strong><em>laudeturDeus</em></strong></span> <span class='ocrx_word' id='word_1_108' title='bbox 1759 1035 1846 1100; x_wconf 88' lang='lat' dir='ltr'><strong><em>inter</em></strong></span> <span class='ocrx_word' id='word_1_109' title='bbox 1861 1035 2019 1110; x_wconf 88' lang='lat' dir='ltr'><strong><em>homines,</em></strong></span> <span class='ocrx_word' id='word_1_110' title='bbox 2041 1046 2079 1099; x_wconf 91' lang='lat' dir='ltr'><strong><em>ut</em></strong></span> <span class='ocrx_word' id='word_1_111' title='bbox 2098 1035 2156 1100; x_wconf 86' lang='lat' dir='ltr'><strong><em>vix</em></strong></span> 
     </span>
    </p>

    <p class='ocr_par' dir='ltr' id='par_1_3' title="bbox 1187 1118 2155 1202">
     <span class='ocr_line' id='line_1_9' title="bbox 1187 1118 2155 1202; baseline 0.003 -20"><span class='ocrx_word' id='word_1_112' title='bbox 1187 1118 1346 1184; x_wconf 76' lang='lat' dir='ltr'><strong><em>decimam</em></strong></span> <span class='ocrx_word' id='word_1_113' title='bbox 1375 1119 1457 1183; x_wconf 89' lang='lat' dir='ltr'><strong><em>iuris</em></strong></span> <span class='ocrx_word' id='word_1_114' title='bbox 1484 1119 1537 1183; x_wconf 87' lang='lat' dir='ltr'><strong><em>eui</em></strong></span> <span class='ocrx_word' id='word_1_115' title='bbox 1566 1128 1693 1202; x_wconf 90' lang='lat' dir='ltr'><strong><em>partem</em></strong></span> <span class='ocrx_word' id='word_1_116' title='bbox 1716 1119 1872 1186; x_wconf 90' lang='lat' dir='ltr'><strong><em>obtineat.</em></strong></span> <span class='ocrx_word' id='word_1_117' title='bbox 1915 1120 2024 1184; x_wconf 86' lang='lat' dir='ltr'><strong><em>David</em></strong></span> <span class='ocrx_word' id='word_1_118' title='bbox 2047 1132 2155 1185; x_wconf 91' lang='lat' dir='ltr'><strong><em>eutem</em></strong></span> 
     </span>
    </p>

    <p class='ocr_par' dir='ltr' id='par_1_4' title="bbox 161 1198 2157 3518">
     <span class='ocr_line' id='line_1_10' title="bbox 248 1198 2157 1290; baseline 0.003 -25"><span class='ocrx_word' id='word_1_119' title='bbox 248 1200 279 1266; x_wconf 92' lang='lat'><strong><em>8.</em></strong></span> <span class='ocrx_word' id='word_1_120' title='bbox 300 1198 435 1286; x_wconf 76' lang='lat' dir='ltr'><strong><em>(Veniat</em></strong></span> <span class='ocrx_word' id='word_1_121' title='bbox 462 1200 492 1265; x_wconf 87' lang='lat' dir='ltr'><strong><em>ei</em></strong></span> <span class='ocrx_word' id='word_1_122' title='bbox 521 1202 696 1289; x_wconf 80' lang='lat' dir='ltr'><strong><em>tumultur.)</em></strong></span> <span class='ocrx_word' id='word_1_123' title='bbox 752 1203 877 1269; x_wconf 92' lang='lat' dir='ltr'><strong><em>Iterum</em></strong></span> <span class='ocrx_word' id='word_1_124' title='bbox 912 1211 1065 1288; x_wconf 87' lang='lat' dir='ltr'><strong><em>precatur</em></strong></span> <span class='ocrx_word' id='word_1_125' title='bbox 1093 1212 1134 1278; x_wconf 60' lang='lat' dir='ltr'><strong><em>‚ut</em></strong></span> <span class='ocrx_word' id='word_1_126' title='bbox 1187 1204 1227 1268; x_wconf 92' lang='lat' dir='ltr'><strong><em>eb</em></strong></span> <span class='ocrx_word' id='word_1_127' title='bbox 1249 1203 1322 1269; x_wconf 89' lang='lat' dir='ltr'><strong><em>eliis</em></strong></span> <span class='ocrx_word' id='word_1_128' title='bbox 1340 1203 1493 1269; x_wconf 90' lang='lat' dir='ltr'><strong><em>omnibus</em></strong></span> <span class='ocrx_word' id='word_1_129' title='bbox 1511 1225 1585 1269; x_wconf 91' lang='lat' dir='ltr'><strong><em>eum</em></strong></span> <span class='ocrx_word' id='word_1_130' title='bbox 1604 1223 1771 1287; x_wconf 86' lang='lat' dir='ltr'><strong><em>separans,</em></strong></span> <span class='ocrx_word' id='word_1_131' title='bbox 1793 1206 1946 1272; x_wconf 89' lang='lat' dir='ltr'><strong><em>distincto</em></strong></span> <span class='ocrx_word' id='word_1_132' title='bbox 1964 1207 2157 1290; x_wconf 82' lang='lat' dir='ltr'><strong><em>pronuntiat</em></strong></span> 
     </span>
     <span class='ocr_line' id='line_1_11' title="bbox 162 1285 2154 1374; baseline 0.003 -22"><span class='ocrx_word' id='word_1_133' title='bbox 162 1287 256 1353; x_wconf 82' lang='lat' dir='ltr'><strong><em>Deus</em></strong></span> <span class='ocrx_word' id='word_1_134' title='bbox 287 1287 323 1350; x_wconf 92' lang='lat' dir='ltr'><strong><em>in</em></strong></span> <span class='ocrx_word' id='word_1_135' title='bbox 351 1285 496 1352; x_wconf 88' lang='lat' dir='ltr'><strong><em>hostium</em></strong></span> <span class='ocrx_word' id='word_1_136' title='bbox 526 1290 635 1372; x_wconf 79' lang='lat' dir='ltr'><strong><em>nepita</em></strong></span> <span class='ocrx_word' id='word_1_137' title='bbox 661 1297 849 1373; x_wconf 82' lang='lat' dir='ltr'><strong><em>retorqueat</em></strong></span> <span class='ocrx_word' id='word_1_138' title='bbox 879 1311 978 1374; x_wconf 90' lang='lat' dir='ltr'><strong><em>quem</em></strong></span> <span class='ocrx_word' id='word_1_139' title='bbox 1009 1290 1134 1355; x_wconf 92' lang='lat' dir='ltr'><strong><em>homini</em></strong></span> <span class='ocrx_word' id='word_1_140' title='bbox 1187 1298 1290 1355; x_wconf 88' lang='lat' dir='ltr'><strong><em>totam</em></strong></span> <span class='ocrx_word' id='word_1_141' title='bbox 1308 1289 1511 1355; x_wconf 83' lang='lat' dir='ltr'><strong><em>liberationis</em></strong></span> <span class='ocrx_word' id='word_1_142' title='bbox 1530 1290 1667 1374; x_wconf 82' lang='lat' dir='ltr'><strong><em>gloriam</em></strong></span> <span class='ocrx_word' id='word_1_143' title='bbox 1687 1292 1721 1354; x_wconf 92' lang='lat' dir='ltr'><strong><em>in</em></strong></span> <span class='ocrx_word' id='word_1_144' title='bbox 1740 1312 1816 1356; x_wconf 92' lang='lat' dir='ltr'><strong><em>eum</em></strong></span> <span class='ocrx_word' id='word_1_145' title='bbox 1834 1291 1941 1357; x_wconf 90' lang='lat' dir='ltr'><strong><em>solum</em></strong></span> <span class='ocrx_word' id='word_1_146' title='bbox 1960 1301 2154 1374; x_wconf 87' lang='lat' dir='ltr'><strong><em>competere.</em></strong></span> 
     </span>
     <span class='ocr_line' id='line_1_12' title="bbox 161 1372 2155 1461; baseline 0.003 -24"><span class='ocrx_word' id='word_1_147' title='bbox 161 1374 248 1437; x_wconf 87' lang='lat' dir='ltr'><strong><em>iusto</em></strong></span> <span class='ocrx_word' id='word_1_148' title='bbox 266 1381 305 1437; x_wconf 86' lang='lat' dir='ltr'><strong><em>et·</em></strong></span> <span class='ocrx_word' id='word_1_149' title='bbox 317 1372 453 1437; x_wconf 89' lang='lat' dir='ltr'><strong><em>innoxio</em></strong></span> <span class='ocrx_word' id='word_1_150' title='bbox 471 1375 649 1441; x_wconf 90' lang='lat' dir='ltr'><strong><em>machinati</em></strong></span> <span class='ocrx_word' id='word_1_151' title='bbox 669 1387 764 1442; x_wconf 88' lang='lat' dir='ltr'><strong><em>erant</em></strong></span> <span class='ocrx_word' id='word_1_152' title='bbox 782 1377 970 1461; x_wconf 89' lang='lat' dir='ltr'><strong><em>perniciem.</em></strong></span> <span class='ocrx_word' id='word_1_153' title='bbox 993 1377 1134 1442; x_wconf 83' lang='lat' dir='ltr'><strong><em>Mutatio</em></strong></span> <span class='ocrx_word' id='word_1_154' title='bbox 1187 1376 1233 1440; x_wconf 83' lang='lat' dir='ltr'><strong><em>Et</em></strong></span> <span class='ocrx_word' id='word_1_155' title='bbox 1243 1385 1332 1443; x_wconf 87' lang='lat' dir='ltr'><strong><em>certe</em></strong></span> <span class='ocrx_word' id='word_1_156' title='bbox 1350 1376 1397 1441; x_wconf 90' lang='lat' dir='ltr'><strong><em>ite</em></strong></span> <span class='ocrx_word' id='word_1_157' title='bbox 1407 1374 1480 1441; x_wconf 91' lang='lat' dir='ltr'><strong><em>Deo</em></strong></span> <span class='ocrx_word' id='word_1_158' title='bbox 1499 1375 1583 1458; x_wconf 91' lang='lat' dir='ltr'><strong><em>qnod</em></strong></span> <span class='ocrx_word' id='word_1_159' title='bbox 1602 1396 1698 1440; x_wconf 89' lang='lat' dir='ltr'><strong><em>suum</em></strong></span> <span class='ocrx_word' id='word_1_160' title='bbox 1718 1386 1768 1442; x_wconf 89' lang='lat' dir='ltr'><strong><em>aet</em></strong></span> <span class='ocrx_word' id='word_1_161' title='bbox 1790 1379 1957 1455; x_wconf 89' lang='lat' dir='ltr'><strong><em>asseritur,</em></strong></span> <span class='ocrx_word' id='word_1_162' title='bbox 1981 1397 2081 1460; x_wconf 89' lang='lat' dir='ltr'><strong><em>quum</em></strong></span> <span class='ocrx_word' id='word_1_163' title='bbox 2103 1399 2155 1442; x_wconf 88' lang='lat' dir='ltr'><strong><em>cr-</em></strong></span> 
     </span>
     <span class='ocr_line' id='line_1_13' title="bbox 162 1458 2156 1545; baseline 0.003 -22"><span class='ocrx_word' id='word_1_164' title='bbox 162 1458 293 1524; x_wconf 89' lang='lat' dir='ltr'><strong><em>numeri</em></strong></span> <span class='ocrx_word' id='word_1_165' title='bbox 320 1477 418 1540; x_wconf 90' lang='lat' dir='ltr'><strong><em>quem</em></strong></span> <span class='ocrx_word' id='word_1_166' title='bbox 447 1460 527 1525; x_wconf 88' lang='lat' dir='ltr'><strong><em>trite</em></strong></span> <span class='ocrx_word' id='word_1_167' title='bbox 554 1461 598 1526; x_wconf 91' lang='lat' dir='ltr'><strong><em>sit</em></strong></span> <span class='ocrx_word' id='word_1_168' title='bbox 619 1461 791 1541; x_wconf 80' lang='lat' dir='ltr'><strong><em>Hebraeis,</em></strong></span> <span class='ocrx_word' id='word_1_169' title='bbox 821 1463 901 1527; x_wconf 86' lang='lat' dir='ltr'><strong><em>setis</em></strong></span> <span class='ocrx_word' id='word_1_170' title='bbox 930 1471 1045 1527; x_wconf 90' lang='lat' dir='ltr'><strong><em>notum</em></strong></span> <span class='ocrx_word' id='word_1_171' title='bbox 1074 1472 1133 1528; x_wconf 91' lang='lat' dir='ltr'><strong><em>est.</em></strong></span> <span class='ocrx_word' id='word_1_172' title='bbox 1187 1471 1284 1526; x_wconf 89' lang='lat' dir='ltr'><strong><em>natus</em></strong></span> <span class='ocrx_word' id='word_1_173' title='bbox 1305 1482 1366 1527; x_wconf 88' lang='lat' dir='ltr'><strong><em>sne</em></strong></span> <span class='ocrx_word' id='word_1_174' title='bbox 1387 1462 1516 1540; x_wconf 87' lang='lat' dir='ltr'><strong><em>virtute,</em></strong></span> <span class='ocrx_word' id='word_1_175' title='bbox 1536 1482 1618 1545; x_wconf 88' lang='lat' dir='ltr'><strong><em>spes</em></strong></span> <span class='ocrx_word' id='word_1_176' title='bbox 1639 1482 1753 1526; x_wconf 89' lang='lat' dir='ltr'><strong><em>omnes</em></strong></span> <span class='ocrx_word' id='word_1_177' title='bbox 1775 1471 1904 1529; x_wconf 89' lang='lat' dir='ltr'><strong><em>nostres</em></strong></span> <span class='ocrx_word' id='word_1_178' title='bbox 1925 1463 1987 1528; x_wconf 89' lang='lat' dir='ltr'><strong><em>sibi</em></strong></span> <span class='ocrx_word' id='word_1_179' title='bbox 2010 1462 2156 1529; x_wconf 86' lang='lat' dir='ltr'><strong><em>addictas</em></strong></span> 
     </span>
     <span class='ocr_line' id='line_1_14' title="bbox 162 1543 2155 1629; baseline 0.003 -21"><span class='ocrx_word' id='word_1_180' title='bbox 162 1543 282 1626; x_wconf 85' lang='lat' dir='ltr'><strong><em>Itaque</em></strong></span> <span class='ocrx_word' id='word_1_181' title='bbox 313 1543 399 1626; x_wconf 93' lang='lat' dir='ltr'><strong><em>quod</em></strong></span> <span class='ocrx_word' id='word_1_182' title='bbox 428 1544 482 1610; x_wconf 87' lang='lat' dir='ltr'><strong><em>hic</em></strong></span> <span class='ocrx_word' id='word_1_183' title='bbox 512 1554 667 1629; x_wconf 87' lang='lat' dir='ltr'><strong><em>tanquam</em></strong></span> <span class='ocrx_word' id='word_1_184' title='bbox 697 1546 737 1612; x_wconf 91' lang='lat' dir='ltr'><strong><em>de</em></strong></span> <span class='ocrx_word' id='word_1_185' title='bbox 763 1570 829 1612; x_wconf 92' lang='lat' dir='ltr'><strong><em>uno</em></strong></span> <span class='ocrx_word' id='word_1_186' title='bbox 850 1548 983 1613; x_wconf 90' lang='lat' dir='ltr'><strong><em>homine</em></strong></span> <span class='ocrx_word' id='word_1_187' title='bbox 1005 1547 1133 1625; x_wconf 90' lang='lat' dir='ltr'><strong><em>dicitur,</em></strong></span> <span class='ocrx_word' id='word_1_188' title='bbox 1186 1556 1287 1612; x_wconf 89' lang='lat' dir='ltr'><strong><em>tenet.</em></strong></span> <span class='ocrx_word' id='word_1_189' title='bbox 1317 1545 1407 1628; x_wconf 80' lang='lat' dir='ltr'><strong><em>Quid</em></strong></span> <span class='ocrx_word' id='word_1_190' title='bbox 1429 1549 1517 1612; x_wconf 90' lang='lat' dir='ltr'><strong><em>enim</em></strong></span> <span class='ocrx_word' id='word_1_191' title='bbox 1539 1548 1659 1612; x_wconf 89' lang='lat' dir='ltr'><strong><em>attinet</em></strong></span> <span class='ocrx_word' id='word_1_192' title='bbox 1680 1567 1799 1613; x_wconf 91' lang='lat' dir='ltr'><strong><em>noman</em></strong></span> <span class='ocrx_word' id='word_1_193' title='bbox 1823 1547 1887 1613; x_wconf 90' lang='lat' dir='ltr'><strong><em>Dei</em></strong></span> <span class='ocrx_word' id='word_1_194' title='bbox 1906 1568 2023 1613; x_wconf 90' lang='lat' dir='ltr'><strong><em>sonere</em></strong></span> <span class='ocrx_word' id='word_1_195' title='bbox 2045 1549 2079 1611; x_wconf 91' lang='lat' dir='ltr'><strong><em>in</em></strong></span> <span class='ocrx_word' id='word_1_196' title='bbox 2100 1568 2155 1613; x_wconf 88' lang='lat' dir='ltr'><strong><em>ore</em></strong></span> 
     </span>
     <span class='ocr_line' id='line_1_15' title="bbox 162 1629 2155 1717; baseline 0.002 -23"><span class='ocrx_word' id='word_1_197' title='bbox 162 1629 204 1694; x_wconf 82' lang='lat' dir='ltr'><strong><em>ed</em></strong></span> <span class='ocrx_word' id='word_1_198' title='bbox 225 1650 340 1695; x_wconf 91' lang='lat' dir='ltr'><strong><em>omnes</em></strong></span> <span class='ocrx_word' id='word_1_199' title='bbox 361 1630 398 1694; x_wconf 90' lang='lat' dir='ltr'><strong><em>in</em></strong></span> <span class='ocrx_word' id='word_1_200' title='bbox 417 1649 540 1715; x_wconf 79' lang='lat' dir='ltr'><strong><em>genere</em></strong></span> <span class='ocrx_word' id='word_1_201' title='bbox 562 1634 719 1714; x_wconf 85' lang='lat' dir='ltr'><strong><em>pertinet:</em></strong></span> <span class='ocrx_word' id='word_1_202' title='bbox 742 1634 807 1698; x_wconf 88' lang='lat' dir='ltr'><strong><em>nisi</em></strong></span> <span class='ocrx_word' id='word_1_203' title='bbox 829 1633 914 1698; x_wconf 83' lang='lat' dir='ltr'><strong><em>forte</em></strong></span> <span class='ocrx_word' id='word_1_204' title='bbox 936 1636 1042 1717; x_wconf 80' lang='lat' dir='ltr'><strong><em>magis</em></strong></span> <span class='ocrx_word' id='word_1_205' title='bbox 1063 1634 1133 1717; x_wconf 91' lang='lat' dir='ltr'><strong><em>pla·</em></strong></span> <span class='ocrx_word' id='word_1_206' title='bbox 1186 1648 1310 1711; x_wconf 91' lang='lat' dir='ltr'><strong><em>nostro,</em></strong></span> <span class='ocrx_word' id='word_1_207' title='bbox 1339 1633 1367 1698; x_wconf 93' lang='lat' dir='ltr'><strong><em>si</em></strong></span> <span class='ocrx_word' id='word_1_208' title='bbox 1390 1633 1461 1698; x_wconf 89' lang='lat' dir='ltr'><strong><em>eius</em></strong></span> <span class='ocrx_word' id='word_1_209' title='bbox 1482 1632 1665 1715; x_wconf 87' lang='lat' dir='ltr'><strong><em>potentiam</em></strong></span> <span class='ocrx_word' id='word_1_210' title='bbox 1686 1642 1720 1698; x_wconf 89' lang='lat' dir='ltr'><strong><em>et</em></strong></span> <span class='ocrx_word' id='word_1_211' title='bbox 1741 1633 1918 1698; x_wconf 88' lang='lat' dir='ltr'><strong><em>bonitatem</em></strong></span> <span class='ocrx_word' id='word_1_212' title='bbox 1940 1654 1999 1716; x_wconf 90' lang='lat' dir='ltr'><strong><em>pro</em></strong></span> <span class='ocrx_word' id='word_1_213' title='bbox 2021 1633 2155 1698; x_wconf 90' lang='lat' dir='ltr'><strong><em>arbitrio</em></strong></span> 
     </span>
     <span class='ocr_line' id='line_1_16' title="bbox 162 1713 2154 1803; baseline 0 -21"><span class='ocrx_word' id='word_1_214' title='bbox 162 1723 245 1793; x_wconf 87' lang='lat' dir='ltr'><strong><em>caat,</em></strong></span> <span class='ocrx_word' id='word_1_215' title='bbox 278 1713 413 1781; x_wconf 82' lang='lat' dir='ltr'><strong><em>Saulem</em></strong></span> <span class='ocrx_word' id='word_1_216' title='bbox 444 1717 495 1782; x_wconf 89' lang='lat' dir='ltr'><strong><em>vel</em></strong></span> <span class='ocrx_word' id='word_1_217' title='bbox 525 1717 627 1783; x_wconf 87' lang='lat' dir='ltr'><strong><em>alium</em></strong></span> <span class='ocrx_word' id='word_1_218' title='bbox 655 1720 840 1803; x_wconf 88' lang='lat' dir='ltr'><strong><em>quempiam</em></strong></span> <span class='ocrx_word' id='word_1_219' title='bbox 873 1741 916 1785; x_wconf 88' lang='lat' dir='ltr'><strong><em>ex</em></strong></span> <span class='ocrx_word' id='word_1_220' title='bbox 945 1718 1133 1803; x_wconf 87' lang='lat' dir='ltr'><strong><em>proceribus</em></strong></span> <span class='ocrx_word' id='word_1_221' title='bbox 1185 1729 1297 1784; x_wconf 90' lang='lat' dir='ltr'><strong><em>nostro</em></strong></span> <span class='ocrx_word' id='word_1_222' title='bbox 1327 1718 1511 1801; x_wconf 86' lang='lat' dir='ltr'><strong><em>partimur?</em></strong></span> <span class='ocrx_word' id='word_1_223' title='bbox 1562 1719 1623 1784; x_wconf 89' lang='lat' dir='ltr'><strong><em>Pio</em></strong></span> <span class='ocrx_word' id='word_1_224' title='bbox 1653 1740 1731 1803; x_wconf 79' lang='lat' dir='ltr'><strong><em>ergo</em></strong></span> <span class='ocrx_word' id='word_1_225' title='bbox 1756 1719 1865 1784; x_wconf 88' lang='lat' dir='ltr'><strong><em>David</em></strong></span> <span class='ocrx_word' id='word_1_226' title='bbox 1895 1718 2154 1803; x_wconf 85' lang='lat' dir='ltr'><strong><em>magnitudinem</em></strong></span> 
     </span>
     <span class='ocr_line' id='line_1_17' title="bbox 163 1798 2155 1888; baseline 0.002 -22"><span class='ocrx_word' id='word_1_227' title='bbox 163 1800 281 1866; x_wconf 77' lang='lat' dir='ltr'><strong><em>notari</em></strong></span> <span class='ocrx_word' id='word_1_228' title='bbox 312 1798 379 1866; x_wconf 81' lang='lat' dir='ltr'><strong><em>Sed</em></strong></span> <span class='ocrx_word' id='word_1_229' title='bbox 398 1801 553 1884; x_wconf 88' lang='lat' dir='ltr'><strong><em>quiahoc</em></strong></span> <span class='ocrx_word' id='word_1_230' title='bbox 575 1814 687 1869; x_wconf 85' lang='lat' dir='ltr'><strong><em>votnm</em></strong></span> <span class='ocrx_word' id='word_1_231' title='bbox 706 1806 849 1888; x_wconf 83' lang='lat' dir='ltr'><strong><em>ecapita</em></strong></span> <span class='ocrx_word' id='word_1_232' title='bbox 872 1806 913 1871; x_wconf 89' lang='lat' dir='ltr'><strong><em>ad</em></strong></span> <span class='ocrx_word' id='word_1_233' title='bbox 936 1813 1039 1869; x_wconf 88' lang='lat' dir='ltr'><strong><em>totum</em></strong></span> <span class='ocrx_word' id='word_1_234' title='bbox 1062 1824 1133 1869; x_wconf 88' lang='lat' dir='ltr'><strong><em>cor·</em></strong></span> <span class='ocrx_word' id='word_1_235' title='bbox 1185 1802 1249 1869; x_wconf 92' lang='lat' dir='ltr'><strong><em>Dei</em></strong></span> <span class='ocrx_word' id='word_1_236' title='bbox 1277 1804 1339 1871; x_wconf 92' lang='lat' dir='ltr'><strong><em>hoc</em></strong></span> <span class='ocrx_word' id='word_1_237' title='bbox 1365 1804 1472 1887; x_wconf 78' lang='lat' dir='ltr'><strong><em>elogio</em></strong></span> <span class='ocrx_word' id='word_1_238' title='bbox 1500 1803 1716 1881; x_wconf 91' lang='lat' dir='ltr'><strong><em>commendet,</em></strong></span> <span class='ocrx_word' id='word_1_239' title='bbox 1747 1803 1832 1886; x_wconf 91' lang='lat' dir='ltr'><strong><em>quod</em></strong></span> <span class='ocrx_word' id='word_1_240' title='bbox 1862 1805 1988 1869; x_wconf 84' lang='lat' dir='ltr'><strong><em>vindex</em></strong></span> <span class='ocrx_word' id='word_1_241' title='bbox 2009 1805 2054 1870; x_wconf 90' lang='lat' dir='ltr'><strong><em>sit</em></strong></span> <span class='ocrx_word' id='word_1_242' title='bbox 2075 1825 2155 1886; x_wconf 89' lang='lat' dir='ltr'><strong><em>pau·</em></strong></span> 
     </span>
     <span class='ocr_line' id='line_1_18' title="bbox 162 1886 2155 1975; baseline 0.002 -23"><span class='ocrx_word' id='word_1_243' title='bbox 162 1907 225 1970; x_wconf 85' lang='lat' dir='ltr'><strong><em>pus</em></strong></span> <span class='ocrx_word' id='word_1_244' title='bbox 252 1886 386 1951; x_wconf 89' lang='lat' dir='ltr'><strong><em>extendi</em></strong></span> <span class='ocrx_word' id='word_1_245' title='bbox 413 1897 540 1953; x_wconf 89' lang='lat' dir='ltr'><strong><em>certum</em></strong></span> <span class='ocrx_word' id='word_1_246' title='bbox 569 1897 627 1969; x_wconf 90' lang='lat' dir='ltr'><strong><em>est,</em></strong></span> <span class='ocrx_word' id='word_1_247' title='bbox 659 1893 694 1955; x_wconf 93' lang='lat' dir='ltr'><strong><em>in</em></strong></span> <span class='ocrx_word' id='word_1_248' title='bbox 723 1911 761 1955; x_wconf 91' lang='lat' dir='ltr'><strong><em>ee</em></strong></span> <span class='ocrx_word' id='word_1_249' title='bbox 790 1913 825 1956; x_wconf 87' lang='lat' dir='ltr'><strong><em>re</em></strong></span> <span class='ocrx_word' id='word_1_250' title='bbox 847 1912 963 1975; x_wconf 89' lang='lat' dir='ltr'><strong><em>perum</em></strong></span> <span class='ocrx_word' id='word_1_251' title='bbox 992 1900 1043 1956; x_wconf 88' lang='lat' dir='ltr'><strong><em>est</em></strong></span> <span class='ocrx_word' id='word_1_252' title='bbox 1063 1911 1134 1955; x_wconf 91' lang='lat' dir='ltr'><strong><em>mo·</em></strong></span> <span class='ocrx_word' id='word_1_253' title='bbox 1184 1910 1312 1973; x_wconf 78' lang='lat' dir='ltr'><strong><em>perum,</em></strong></span> <span class='ocrx_word' id='word_1_254' title='bbox 1340 1890 1426 1973; x_wconf 90' lang='lat' dir='ltr'><strong><em>quod</em></strong></span> <span class='ocrx_word' id='word_1_255' title='bbox 1455 1890 1570 1972; x_wconf 87' lang='lat' dir='ltr'><strong><em>inope&#39;a</em></strong></span> <span class='ocrx_word' id='word_1_256' title='bbox 1597 1900 1630 1954; x_wconf 90' lang='lat' dir='ltr'><strong><em>st</em></strong></span> <span class='ocrx_word' id='word_1_257' title='bbox 1658 1890 1797 1956; x_wconf 83' lang='lat' dir='ltr'><strong><em>afflictos</em></strong></span> <span class='ocrx_word' id='word_1_258' title='bbox 1821 1891 1939 1974; x_wconf 90' lang='lat' dir='ltr'><strong><em>eripiat</em></strong></span> <span class='ocrx_word' id='word_1_259' title='bbox 1961 1909 1980 1953; x_wconf 97' lang='lat' dir='ltr'><strong><em>e</em></strong></span> <span class='ocrx_word' id='word_1_260' title='bbox 2002 1890 2155 1956; x_wconf 89' lang='lat' dir='ltr'><strong><em>violentis</em></strong></span> 
     </span>
     <span class='ocr_line' id='line_1_19' title="bbox 162 1972 2156 2059; baseline 0.002 -22"><span class='ocrx_word' id='word_1_261' title='bbox 162 1973 276 2038; x_wconf 88' lang='lat' dir='ltr'><strong><em>menti.</em></strong></span> <span class='ocrx_word' id='word_1_262' title='bbox 306 1972 435 2038; x_wconf 90' lang='lat' dir='ltr'><strong><em>Nomen</em></strong></span> <span class='ocrx_word' id='word_1_263' title='bbox 453 1986 561 2058; x_wconf 58' lang='lat' dir='ltr'><strong><em>,mn</em></strong></span> <span class='ocrx_word' id='word_1_264' title='bbox 583 1995 672 2041; x_wconf 93' lang='lat' dir='ltr'><strong><em>nunc</em></strong></span> <span class='ocrx_word' id='word_1_265' title='bbox 690 1977 879 2057; x_wconf 89' lang='lat' dir='ltr'><strong><em>tumultum,</em></strong></span> <span class='ocrx_word' id='word_1_266' title='bbox 901 1997 991 2041; x_wconf 91' lang='lat' dir='ltr'><strong><em>nnnc</em></strong></span> <span class='ocrx_word' id='word_1_267' title='bbox 1008 1975 1132 2042; x_wconf 81' lang='lat' dir='ltr'><strong><em>cladem</em></strong></span> <span class='ocrx_word' id='word_1_268' title='bbox 1185 1974 1410 2059; x_wconf 88' lang='lat' dir='ltr'><strong><em>praedonibus,</em></strong></span> <span class='ocrx_word' id='word_1_269' title='bbox 1441 1997 1478 2041; x_wconf 90' lang='lat' dir='ltr'><strong><em>ac</em></strong></span> <span class='ocrx_word' id='word_1_270' title='bbox 1507 1977 1535 2042; x_wconf 90' lang='lat' dir='ltr'><strong><em>si</em></strong></span> <span class='ocrx_word' id='word_1_271' title='bbox 1558 1975 1691 2055; x_wconf 86' lang='lat' dir='ltr'><strong><em>diceret,</em></strong></span> <span class='ocrx_word' id='word_1_272' title='bbox 1721 1976 1891 2059; x_wconf 90' lang='lat' dir='ltr'><strong><em>proprium</em></strong></span> <span class='ocrx_word' id='word_1_273' title='bbox 1918 1976 1988 2040; x_wconf 87' lang='lat' dir='ltr'><strong><em>eius</em></strong></span> <span class='ocrx_word' id='word_1_274' title='bbox 2010 1975 2156 2042; x_wconf 86' lang='lat' dir='ltr'><strong><em>officium</em></strong></span> 
     </span>
     <span class='ocr_line' id='line_1_20' title="bbox 162 2057 2156 2146; baseline 0.001 -22"><span class='ocrx_word' id='word_1_275' title='bbox 162 2059 344 2141; x_wconf 77' lang='lat' dir='ltr'><strong><em>significat:</em></strong></span> <span class='ocrx_word' id='word_1_276' title='bbox 375 2057 449 2123; x_wconf 90' lang='lat' dir='ltr'><strong><em>ideo</em></strong></span> <span class='ocrx_word' id='word_1_277' title='bbox 477 2061 573 2125; x_wconf 91' lang='lat' dir='ltr'><strong><em>multi</em></strong></span> <span class='ocrx_word' id='word_1_278' title='bbox 595 2070 745 2127; x_wconf 88' lang='lat' dir='ltr'><strong><em>vertunt:</em></strong></span> <span class='ocrx_word' id='word_1_279' title='bbox 768 2063 891 2128; x_wconf 85' lang='lat' dir='ltr'><strong><em>Veniet</em></strong></span> <span class='ocrx_word' id='word_1_280' title='bbox 912 2063 962 2127; x_wconf 90' lang='lat' dir='ltr'><strong><em>illi</em></strong></span> <span class='ocrx_word' id='word_1_281' title='bbox 984 2062 1133 2146; x_wconf 86' lang='lat' dir='ltr'><strong><em>perditio,</em></strong></span> <span class='ocrx_word' id='word_1_282' title='bbox 1186 2081 1258 2128; x_wconf 91' lang='lat' dir='ltr'><strong><em>esse</em></strong></span> <span class='ocrx_word' id='word_1_283' title='bbox 1290 2081 1384 2146; x_wconf 91' lang='lat' dir='ltr'><strong><em>opem</em></strong></span> <span class='ocrx_word' id='word_1_284' title='bbox 1416 2063 1502 2127; x_wconf 82' lang='lat' dir='ltr'><strong><em>ferre</em></strong></span> <span class='ocrx_word' id='word_1_285' title='bbox 1534 2062 1681 2126; x_wconf 88' lang='lat' dir='ltr'><strong><em>miseris:</em></strong></span> <span class='ocrx_word' id='word_1_286' title='bbox 1715 2061 1834 2143; x_wconf 91' lang='lat' dir='ltr'><strong><em>quibus</em></strong></span> <span class='ocrx_word' id='word_1_287' title='bbox 1863 2062 1971 2128; x_wconf 88' lang='lat' dir='ltr'><strong><em>vorbis</em></strong></span> <span class='ocrx_word' id='word_1_288' title='bbox 2002 2061 2156 2126; x_wconf 88' lang='lat' dir='ltr'><strong><em>docemur</em></strong></span> 
     </span>
     <span class='ocr_line' id='line_1_21' title="bbox 162 2144 2155 2229; baseline 0.002 -22"><span class='ocrx_word' id='word_1_289' title='bbox 162 2152 223 2208; x_wconf 85' lang='lat' dir='ltr'><strong><em>eut</em></strong></span> <span class='ocrx_word' id='word_1_290' title='bbox 250 2144 398 2223; x_wconf 86' lang='lat' dir='ltr'><strong><em>vastitas,</em></strong></span> <span class='ocrx_word' id='word_1_291' title='bbox 426 2154 484 2209; x_wconf 86' lang='lat' dir='ltr'><strong><em>eut</em></strong></span> <span class='ocrx_word' id='word_1_292' title='bbox 510 2146 618 2212; x_wconf 87' lang='lat' dir='ltr'><strong><em>ruina.</em></strong></span> <span class='ocrx_word' id='word_1_293' title='bbox 662 2146 729 2213; x_wconf 83' lang='lat' dir='ltr'><strong><em>Sed</em></strong></span> <span class='ocrx_word' id='word_1_294' title='bbox 758 2147 842 2214; x_wconf 88' lang='lat' dir='ltr'><strong><em>alter</em></strong></span> <span class='ocrx_word' id='word_1_295' title='bbox 869 2169 986 2214; x_wconf 90' lang='lat' dir='ltr'><strong><em>sensus</em></strong></span> <span class='ocrx_word' id='word_1_296' title='bbox 1016 2147 1134 2212; x_wconf 90' lang='lat' dir='ltr'><strong><em>melius</em></strong></span> <span class='ocrx_word' id='word_1_297' title='bbox 1185 2147 1304 2212; x_wconf 91' lang='lat' dir='ltr'><strong><em>bonam</em></strong></span> <span class='ocrx_word' id='word_1_298' title='bbox 1327 2168 1417 2229; x_wconf 87' lang='lat' dir='ltr'><strong><em>spem</em></strong></span> <span class='ocrx_word' id='word_1_299' title='bbox 1440 2148 1474 2210; x_wconf 94' lang='lat' dir='ltr'><strong><em>in</em></strong></span> <span class='ocrx_word' id='word_1_300' title='bbox 1493 2146 1724 2211; x_wconf 83' lang='lat' dir='ltr'><strong><em>afflictionibus</em></strong></span> <span class='ocrx_word' id='word_1_301' title='bbox 1741 2147 1948 2212; x_wconf 89' lang='lat' dir='ltr'><strong><em>retinendam</em></strong></span> <span class='ocrx_word' id='word_1_302' title='bbox 1967 2168 2056 2212; x_wconf 85' lang='lat' dir='ltr'><strong><em>esse:</em></strong></span> <span class='ocrx_word' id='word_1_303' title='bbox 2077 2148 2155 2228; x_wconf 89' lang='lat' dir='ltr'><strong><em>quia</em></strong></span> 
     </span>
     <span class='ocr_line' id='line_1_22' title="bbox 163 2227 2156 2317; baseline 0.002 -24"><span class='ocrx_word' id='word_1_304' title='bbox 163 2227 297 2293; x_wconf 82' lang='lat' dir='ltr'><strong><em>videtur</em></strong></span> <span class='ocrx_word' id='word_1_305' title='bbox 317 2249 506 2314; x_wconf 83' lang='lat' dir='ltr'><strong><em>congruere,</em></strong></span> <span class='ocrx_word' id='word_1_306' title='bbox 528 2233 605 2315; x_wconf 88' lang='lat' dir='ltr'><strong><em>quia</em></strong></span> <span class='ocrx_word' id='word_1_307' title='bbox 625 2234 726 2317; x_wconf 89' lang='lat' dir='ltr'><strong><em>paulo</em></strong></span> <span class='ocrx_word' id='word_1_308' title='bbox 748 2243 822 2317; x_wconf 90' lang='lat' dir='ltr'><strong><em>post</em></strong></span> <span class='ocrx_word' id='word_1_309' title='bbox 843 2234 989 2300; x_wconf 86' lang='lat' dir='ltr'><strong><em>subiicit:</em></strong></span> <span class='ocrx_word' id='word_1_310' title='bbox 1020 2232 1136 2317; x_wconf 77' lang='lat' dir='ltr'><strong><em>Capiat</em></strong></span> <span class='ocrx_word' id='word_1_311' title='bbox 1185 2253 1249 2296; x_wconf 92' lang='lat' dir='ltr'><strong><em>non</em></strong></span> <span class='ocrx_word' id='word_1_312' title='bbox 1271 2239 1322 2297; x_wconf 91' lang='lat' dir='ltr'><strong><em>est</em></strong></span> <span class='ocrx_word' id='word_1_313' title='bbox 1344 2254 1403 2298; x_wconf 92' lang='lat' dir='ltr'><strong><em>cur</em></strong></span> <span class='ocrx_word' id='word_1_314' title='bbox 1424 2233 1550 2298; x_wconf 88' lang='lat' dir='ltr'><strong><em>animos</em></strong></span> <span class='ocrx_word' id='word_1_315' title='bbox 1568 2242 1696 2297; x_wconf 89' lang='lat' dir='ltr'><strong><em>nostros</em></strong></span> <span class='ocrx_word' id='word_1_316' title='bbox 1719 2231 1888 2297; x_wconf 88' lang='lat' dir='ltr'><strong><em>debilitent</em></strong></span> <span class='ocrx_word' id='word_1_317' title='bbox 1905 2233 2050 2297; x_wconf 89' lang='lat' dir='ltr'><strong><em>hostium</em></strong></span> <span class='ocrx_word' id='word_1_318' title='bbox 2068 2234 2156 2298; x_wconf 87' lang='lat' dir='ltr'><strong><em>virae</em></strong></span> 
     </span>
     <span class='ocr_line' id='line_1_23' title="bbox 165 2317 2154 2402; baseline 0.002 -23"><span class='ocrx_word' id='word_1_319' title='bbox 165 2333 236 2379; x_wconf 80' lang='lat' dir='ltr'><strong><em>acm</em></strong></span> <span class='ocrx_word' id='word_1_320' title='bbox 256 2318 318 2379; x_wconf 87' lang='lat' dir='ltr'><strong><em>rete</em></strong></span> <span class='ocrx_word' id='word_1_321' title='bbox 338 2335 449 2381; x_wconf 77' lang='lat' dir='ltr'><strong><em>acum:</em></strong></span> <span class='ocrx_word' id='word_1_322' title='bbox 476 2317 569 2382; x_wconf 86' lang='lat' dir='ltr'><strong><em>cadet</em></strong></span> <span class='ocrx_word' id='word_1_323' title='bbox 597 2319 632 2383; x_wconf 87' lang='lat' dir='ltr'><strong><em>iu</em></strong></span> <span class='ocrx_word' id='word_1_324' title='bbox 652 2319 735 2385; x_wconf 86' lang='lat' dir='ltr'><strong><em>illud</em></strong></span> <span class='ocrx_word' id='word_1_325' title='bbox 754 2340 824 2384; x_wconf 87' lang='lat' dir='ltr'><strong><em>cum</em></strong></span> <span class='ocrx_word' id='word_1_326' title='bbox 845 2320 988 2385; x_wconf 85' lang='lat' dir='ltr'><strong><em>tumultu.</em></strong></span> <span class='ocrx_word' id='word_1_327' title='bbox 1034 2318 1133 2384; x_wconf 74' lang='lat' dir='ltr'><strong><em>(berta</em></strong></span> <span class='ocrx_word' id='word_1_328' title='bbox 1186 2327 1220 2382; x_wconf 89' lang='lat' dir='ltr'><strong><em>et</em></strong></span> <span class='ocrx_word' id='word_1_329' title='bbox 1252 2318 1379 2400; x_wconf 90' lang='lat' dir='ltr'><strong><em>copiae,</em></strong></span> <span class='ocrx_word' id='word_1_330' title='bbox 1412 2317 1623 2399; x_wconf 89' lang='lat' dir='ltr'><strong><em>quantumvis</em></strong></span> <span class='ocrx_word' id='word_1_331' title='bbox 1655 2317 1881 2402; x_wconf 79' lang='lat' dir='ltr'><strong><em>praevaleant,</em></strong></span> <span class='ocrx_word' id='word_1_332' title='bbox 1915 2318 1993 2382; x_wconf 92' lang='lat' dir='ltr'><strong><em>dum</em></strong></span> <span class='ocrx_word' id='word_1_333' title='bbox 2021 2340 2039 2381; x_wconf 92' lang='lat' dir='ltr'><strong><em>e</em></strong></span> <span class='ocrx_word' id='word_1_334' title='bbox 2066 2317 2154 2383; x_wconf 89' lang='lat' dir='ltr'><strong><em>coelo</em></strong></span> 
     </span>
     <span class='ocr_line' id='line_1_24' title="bbox 165 2399 2155 2489; baseline 0.001 -24"><span class='ocrx_word' id='word_1_335' title='bbox 165 2399 251 2484; x_wconf 91' lang='lat' dir='ltr'><strong><em>quod</em></strong></span> <span class='ocrx_word' id='word_1_336' title='bbox 273 2399 329 2464; x_wconf 89' lang='lat' dir='ltr'><strong><em>alii</em></strong></span> <span class='ocrx_word' id='word_1_337' title='bbox 351 2400 507 2467; x_wconf 87' lang='lat' dir='ltr'><strong><em>reddunt:</em></strong></span> <span class='ocrx_word' id='word_1_338' title='bbox 530 2402 572 2466; x_wconf 95' lang='lat' dir='ltr'><strong><em>In</em></strong></span> <span class='ocrx_word' id='word_1_339' title='bbox 591 2403 715 2469; x_wconf 87' lang='lat' dir='ltr'><strong><em>cladem</em></strong></span> <span class='ocrx_word' id='word_1_340' title='bbox 733 2404 837 2489; x_wconf 88' lang='lat' dir='ltr'><strong><em>ipsam</em></strong></span> <span class='ocrx_word' id='word_1_341' title='bbox 856 2405 959 2482; x_wconf 91' lang='lat' dir='ltr'><strong><em>cedat,</em></strong></span> <span class='ocrx_word' id='word_1_342' title='bbox 982 2424 1133 2488; x_wconf 86' lang='lat' dir='ltr'><strong><em>asperum</em></strong></span> <span class='ocrx_word' id='word_1_343' title='bbox 1185 2405 1378 2486; x_wconf 89' lang='lat' dir='ltr'><strong><em>pronuntiat</em></strong></span> <span class='ocrx_word' id='word_1_344' title='bbox 1409 2403 1518 2480; x_wconf 90' lang='lat' dir='ltr'><strong><em>Deus,</em></strong></span> <span class='ocrx_word' id='word_1_345' title='bbox 1555 2403 1590 2467; x_wconf 92' lang='lat' dir='ltr'><strong><em>in</em></strong></span> <span class='ocrx_word' id='word_1_346' title='bbox 1625 2404 1712 2469; x_wconf 88' lang='lat' dir='ltr'><strong><em>bunc</em></strong></span> <span class='ocrx_word' id='word_1_347' title='bbox 1746 2405 1845 2468; x_wconf 89' lang='lat' dir='ltr'><strong><em>finem</em></strong></span> <span class='ocrx_word' id='word_1_348' title='bbox 1878 2425 1913 2468; x_wconf 88' lang='lat' dir='ltr'><strong><em>sa</em></strong></span> <span class='ocrx_word' id='word_1_349' title='bbox 1948 2423 2084 2486; x_wconf 81' lang='lat' dir='ltr'><strong><em>regnare</em></strong></span> <span class='ocrx_word' id='word_1_350' title='bbox 2117 2412 2155 2468; x_wconf 92' lang='lat' dir='ltr'><strong><em>ut</em></strong></span> 
     </span>
     <span class='ocr_line' id='line_1_25' title="bbox 165 2486 2154 2573; baseline 0.002 -23"><span class='ocrx_word' id='word_1_351' title='bbox 165 2494 200 2550; x_wconf 90' lang='lat' dir='ltr'><strong><em>et</em></strong></span> <span class='ocrx_word' id='word_1_352' title='bbox 219 2496 366 2552; x_wconf 89' lang='lat' dir='ltr'><strong><em>coactum</em></strong></span> <span class='ocrx_word' id='word_1_353' title='bbox 390 2494 450 2552; x_wconf 86' lang='lat' dir='ltr'><strong><em>est.</em></strong></span> <span class='ocrx_word' id='word_1_354' title='bbox 484 2486 617 2572; x_wconf 90' lang='lat' dir='ltr'><strong><em>Optime</em></strong></span> <span class='ocrx_word' id='word_1_355' title='bbox 638 2499 749 2555; x_wconf 91' lang='lat' dir='ltr'><strong><em>autem</em></strong></span> <span class='ocrx_word' id='word_1_356' title='bbox 769 2492 843 2556; x_wconf 88' lang='lat' dir='ltr'><strong><em>fluit</em></strong></span> <span class='ocrx_word' id='word_1_357' title='bbox 864 2491 1036 2571; x_wconf 87' lang='lat' dir='ltr'><strong><em>sententie,</em></strong></span> <span class='ocrx_word' id='word_1_358' title='bbox 1057 2510 1135 2573; x_wconf 78' lang='lat' dir='ltr'><strong><em>quo</em></strong></span> <span class='ocrx_word' id='word_1_359' title='bbox 1185 2489 1304 2555; x_wconf 87' lang='lat' dir='ltr'><strong><em>validis</em></strong></span> <span class='ocrx_word' id='word_1_360' title='bbox 1334 2501 1367 2553; x_wconf 92' lang='lat' dir='ltr'><strong><em>et</em></strong></span> <span class='ocrx_word' id='word_1_361' title='bbox 1395 2488 1533 2554; x_wconf 83' lang='lat' dir='ltr'><strong><em>sortibus</em></strong></span> <span class='ocrx_word' id='word_1_362' title='bbox 1562 2489 1704 2554; x_wconf 87' lang='lat' dir='ltr'><strong><em>resistet.</em></strong></span> <span class='ocrx_word' id='word_1_363' title='bbox 1755 2486 1852 2569; x_wconf 81' lang='lat' dir='ltr'><strong><em>Quod</em></strong></span> <span class='ocrx_word' id='word_1_364' title='bbox 1880 2490 1908 2554; x_wconf 89' lang='lat' dir='ltr'><strong><em>si</em></strong></span> <span class='ocrx_word' id='word_1_365' title='bbox 1935 2498 2030 2572; x_wconf 86' lang='lat' dir='ltr'><strong><em>gutte</em></strong></span> <span class='ocrx_word' id='word_1_366' title='bbox 2053 2509 2154 2555; x_wconf 88' lang='lat' dir='ltr'><strong><em>sanae</em></strong></span> 
     </span>
     <span class='ocr_line' id='line_1_26' title="bbox 166 2571 2154 2659; baseline 0.001 -23"><span class='ocrx_word' id='word_1_367' title='bbox 166 2571 254 2636; x_wconf 89' lang='lat' dir='ltr'><strong><em>niem</em></strong></span> <span class='ocrx_word' id='word_1_368' title='bbox 283 2591 398 2637; x_wconf 86' lang='lat' dir='ltr'><strong><em>secure</em></strong></span> <span class='ocrx_word' id='word_1_369' title='bbox 429 2573 464 2637; x_wconf 93' lang='lat' dir='ltr'><strong><em>in</em></strong></span> <span class='ocrx_word' id='word_1_370' title='bbox 492 2575 562 2639; x_wconf 90' lang='lat' dir='ltr'><strong><em>suis</em></strong></span> <span class='ocrx_word' id='word_1_371' title='bbox 591 2576 732 2642; x_wconf 81' lang='lat' dir='ltr'><strong><em>fascibus</em></strong></span> <span class='ocrx_word' id='word_1_372' title='bbox 764 2577 946 2659; x_wconf 87' lang='lat' dir='ltr'><strong><em>quiescunt,</em></strong></span> <span class='ocrx_word' id='word_1_373' title='bbox 980 2585 1014 2643; x_wconf 89' lang='lat' dir='ltr'><strong><em>st</em></strong></span> <span class='ocrx_word' id='word_1_374' title='bbox 1042 2577 1134 2658; x_wconf 87' lang='lat' dir='ltr'><strong><em>quasi</em></strong></span> <span class='ocrx_word' id='word_1_375' title='bbox 1187 2577 1306 2641; x_wconf 90' lang='lat' dir='ltr'><strong><em>mentis</em></strong></span> <span class='ocrx_word' id='word_1_376' title='bbox 1335 2585 1422 2641; x_wconf 89' lang='lat' dir='ltr'><strong><em>esset</em></strong></span> <span class='ocrx_word' id='word_1_377' title='bbox 1449 2575 1484 2640; x_wconf 90' lang='lat' dir='ltr'><strong><em>in</em></strong></span> <span class='ocrx_word' id='word_1_378' title='bbox 1512 2575 1589 2640; x_wconf 90' lang='lat' dir='ltr'><strong><em>filiis</em></strong></span> <span class='ocrx_word' id='word_1_379' title='bbox 1617 2574 1717 2639; x_wconf 86' lang='lat' dir='ltr'><strong><em>huius</em></strong></span> <span class='ocrx_word' id='word_1_380' title='bbox 1746 2574 1867 2640; x_wconf 89' lang='lat' dir='ltr'><strong><em>saeculi</em></strong></span> <span class='ocrx_word' id='word_1_381' title='bbox 1897 2576 1952 2658; x_wconf 91' lang='lat' dir='ltr'><strong><em>qui</em></strong></span> <span class='ocrx_word' id='word_1_382' title='bbox 1975 2577 2154 2658; x_wconf 85' lang='lat' dir='ltr'><strong><em>potentiam</em></strong></span> 
     </span>
     <span class='ocr_line' id='line_1_27' title="bbox 165 2656 2155 2743; baseline 0.001 -21"><span class='ocrx_word' id='word_1_383' title='bbox 165 2656 276 2741; x_wconf 87' lang='lat' dir='ltr'><strong><em>procul</em></strong></span> <span class='ocrx_word' id='word_1_384' title='bbox 299 2669 409 2723; x_wconf 89' lang='lat' dir='ltr'><strong><em>essent</em></strong></span> <span class='ocrx_word' id='word_1_385' title='bbox 427 2660 468 2725; x_wconf 90' lang='lat' dir='ltr'><strong><em>ab</em></strong></span> <span class='ocrx_word' id='word_1_386' title='bbox 486 2663 574 2726; x_wconf 92' lang='lat' dir='ltr'><strong><em>omni</em></strong></span> <span class='ocrx_word' id='word_1_387' title='bbox 592 2661 729 2728; x_wconf 88' lang='lat' dir='ltr'><strong><em>telorum</em></strong></span> <span class='ocrx_word' id='word_1_388' title='bbox 747 2663 842 2743; x_wconf 90' lang='lat' dir='ltr'><strong><em>iectu,</em></strong></span> <span class='ocrx_word' id='word_1_389' title='bbox 865 2663 948 2727; x_wconf 90' lang='lat' dir='ltr'><strong><em>nihil</em></strong></span> <span class='ocrx_word' id='word_1_390' title='bbox 966 2672 1133 2727; x_wconf 87' lang='lat' dir='ltr'><strong><em>metuunt:</em></strong></span> <span class='ocrx_word' id='word_1_391' title='bbox 1187 2681 1282 2726; x_wconf 90' lang='lat' dir='ltr'><strong><em>suem</em></strong></span> <span class='ocrx_word' id='word_1_392' title='bbox 1304 2661 1345 2726; x_wconf 94' lang='lat' dir='ltr'><strong><em>ed</em></strong></span> <span class='ocrx_word' id='word_1_393' title='bbox 1367 2659 1565 2741; x_wconf 86' lang='lat' dir='ltr'><strong><em>necandum,</em></strong></span> <span class='ocrx_word' id='word_1_394' title='bbox 1592 2669 1627 2725; x_wconf 88' lang='lat' dir='ltr'><strong><em>et</em></strong></span> <span class='ocrx_word' id='word_1_395' title='bbox 1653 2659 1776 2726; x_wconf 92' lang='lat' dir='ltr'><strong><em>debiles</em></strong></span> <span class='ocrx_word' id='word_1_396' title='bbox 1797 2660 2027 2743; x_wconf 90' lang='lat' dir='ltr'><strong><em>opprimendos</em></strong></span> <span class='ocrx_word' id='word_1_397' title='bbox 2049 2659 2155 2725; x_wconf 91' lang='lat' dir='ltr'><strong><em>effun-</em></strong></span> 
     </span>
     <span class='ocr_line' id='line_1_28' title="bbox 166 2742 2153 2831; baseline 0.002 -25"><span class='ocrx_word' id='word_1_398' title='bbox 166 2754 202 2807; x_wconf 87' lang='lat' dir='ltr'><strong><em>ut</em></strong></span> <span class='ocrx_word' id='word_1_399' title='bbox 225 2742 346 2808; x_wconf 90' lang='lat' dir='ltr'><strong><em>melum</em></strong></span> <span class='ocrx_word' id='word_1_400' title='bbox 369 2744 575 2827; x_wconf 88' lang='lat' dir='ltr'><strong><em>inopinatum</em></strong></span> <span class='ocrx_word' id='word_1_401' title='bbox 596 2768 650 2813; x_wconf 89' lang='lat' dir='ltr'><strong><em>coe</em></strong></span> <span class='ocrx_word' id='word_1_402' title='bbox 672 2758 813 2831; x_wconf 90' lang='lat' dir='ltr'><strong><em>repente,</em></strong></span> <span class='ocrx_word' id='word_1_403' title='bbox 837 2749 928 2831; x_wconf 86' lang='lat' dir='ltr'><strong><em>quasi</em></strong></span> <span class='ocrx_word' id='word_1_404' title='bbox 950 2757 1135 2831; x_wconf 87' lang='lat' dir='ltr'><strong><em>tempestae,</em></strong></span> <span class='ocrx_word' id='word_1_405' title='bbox 1187 2745 1281 2827; x_wconf 89' lang='lat' dir='ltr'><strong><em>dunt,</em></strong></span> <span class='ocrx_word' id='word_1_406' title='bbox 1303 2745 1496 2812; x_wconf 89' lang='lat' dir='ltr'><strong><em>subsisteret</em></strong></span> <span class='ocrx_word' id='word_1_407' title='bbox 1517 2746 1661 2828; x_wconf 86' lang='lat' dir='ltr'><strong><em>prolecto</em></strong></span> <span class='ocrx_word' id='word_1_408' title='bbox 1683 2765 1796 2811; x_wconf 91' lang='lat' dir='ltr'><strong><em>eorum</em></strong></span> <span class='ocrx_word' id='word_1_409' title='bbox 1819 2743 1964 2825; x_wconf 90' lang='lat' dir='ltr'><strong><em>audacie,</em></strong></span> <span class='ocrx_word' id='word_1_410' title='bbox 1987 2766 2091 2829; x_wconf 88' lang='lat' dir='ltr'><strong><em>neque</em></strong></span> <span class='ocrx_word' id='word_1_411' title='bbox 2112 2743 2153 2809; x_wconf 90' lang='lat' dir='ltr'><strong><em>ad</em></strong></span> 
     </span>
     <span class='ocr_line' id='line_1_29' title="bbox 167 2827 1933 2917; baseline 0.002 -25"><span class='ocrx_word' id='word_1_412' title='bbox 167 2827 291 2894; x_wconf 84' lang='lat' dir='ltr'><strong><em>obruet</em></strong></span> <span class='ocrx_word' id='word_1_413' title='bbox 336 2829 430 2893; x_wconf 86' lang='lat' dir='ltr'><strong><em>Nihil</em></strong></span> <span class='ocrx_word' id='word_1_414' title='bbox 451 2831 539 2896; x_wconf 91' lang='lat' dir='ltr'><strong><em>enim</em></strong></span> <span class='ocrx_word' id='word_1_415' title='bbox 561 2833 671 2902; x_wconf 90' lang='lat' dir='ltr'><strong><em>minus</em></strong></span> <span class='ocrx_word' id='word_1_416' title='bbox 692 2834 758 2898; x_wconf 87' lang='lat' dir='ltr'><strong><em>illis</em></strong></span> <span class='ocrx_word' id='word_1_417' title='bbox 778 2833 931 2900; x_wconf 84' lang='lat' dir='ltr'><strong><em>credibile</em></strong></span> <span class='ocrx_word' id='word_1_418' title='bbox 953 2845 1013 2912; x_wconf 87' lang='lat' dir='ltr'><strong><em>est,</em></strong></span> <span class='ocrx_word' id='word_1_419' title='bbox 1036 2855 1134 2917; x_wconf 89' lang='lat' dir='ltr'><strong><em>quam</em></strong></span> <span class='ocrx_word' id='word_1_420' title='bbox 1187 2833 1270 2897; x_wconf 89' lang='lat' dir='ltr'><strong><em>iram</em></strong></span> <span class='ocrx_word' id='word_1_421' title='bbox 1293 2833 1356 2899; x_wconf 91' lang='lat' dir='ltr'><strong><em>Dei</em></strong></span> <span class='ocrx_word' id='word_1_422' title='bbox 1378 2831 1616 2916; x_wconf 87' lang='lat' dir='ltr'><strong><em>provocandam</em></strong></span> <span class='ocrx_word' id='word_1_423' title='bbox 1640 2831 1729 2897; x_wconf 88' lang='lat' dir='ltr'><strong><em>ultre</em></strong></span> <span class='ocrx_word' id='word_1_424' title='bbox 1750 2830 1933 2897; x_wconf 86' lang='lat' dir='ltr'><strong><em>tenderent.</em></strong></span> 
     </span>
     <span class='ocr_line' id='line_1_30' title="bbox 167 2917 1136 3004; baseline 0.005 -25"><span class='ocrx_word' id='word_1_425' title='bbox 167 2934 242 2980; x_wconf 85' lang='lat' dir='ltr'><strong><em>sues</em></strong></span> <span class='ocrx_word' id='word_1_426' title='bbox 263 2923 360 2994; x_wconf 88' lang='lat' dir='ltr'><strong><em>artas,</em></strong></span> <span class='ocrx_word' id='word_1_427' title='bbox 382 2922 416 2979; x_wconf 90' lang='lat' dir='ltr'><strong><em>et</em></strong></span> <span class='ocrx_word' id='word_1_428' title='bbox 432 2917 580 2998; x_wconf 87' lang='lat' dir='ltr'><strong><em>astutias,</em></strong></span> <span class='ocrx_word' id='word_1_429' title='bbox 602 2940 769 3004; x_wconf 88' lang='lat' dir='ltr'><strong><em>praveque</em></strong></span> <span class='ocrx_word' id='word_1_430' title='bbox 787 2919 905 3000; x_wconf 89' lang='lat' dir='ltr'><strong><em>studia,</em></strong></span> <span class='ocrx_word' id='word_1_431' title='bbox 927 2930 961 2984; x_wconf 91' lang='lat' dir='ltr'><strong><em>ct</em></strong></span> <span class='ocrx_word' id='word_1_432' title='bbox 974 2940 1136 3003; x_wconf 90' lang='lat' dir='ltr'><strong><em>quascun-</em></strong></span> 
     </span>
     <span class='ocr_line' id='line_1_31' title="bbox 168 3000 2155 3090; baseline 0.003 -26"><span class='ocrx_word' id='word_1_433' title='bbox 168 3018 230 3083; x_wconf 88' lang='lat' dir='ltr'><strong><em>que</em></strong></span> <span class='ocrx_word' id='word_1_434' title='bbox 259 3000 353 3066; x_wconf 91' lang='lat' dir='ltr'><strong><em>bonis</em></strong></span> <span class='ocrx_word' id='word_1_435' title='bbox 380 3008 414 3065; x_wconf 89' lang='lat' dir='ltr'><strong><em>et</em></strong></span> <span class='ocrx_word' id='word_1_436' title='bbox 434 3002 637 3087; x_wconf 85' lang='lat' dir='ltr'><strong><em>simplicibus</em></strong></span> <span class='ocrx_word' id='word_1_437' title='bbox 657 3005 826 3089; x_wconf 88' lang='lat' dir='ltr'><strong><em>captiones</em></strong></span> <span class='ocrx_word' id='word_1_438' title='bbox 847 3006 1023 3083; x_wconf 89' lang='lat' dir='ltr'><strong><em>intentent,</em></strong></span> <span class='ocrx_word' id='word_1_439' title='bbox 1054 3006 1136 3090; x_wconf 89' lang='lat' dir='ltr'><strong><em>ipsis</em></strong></span> <span class='ocrx_word' id='word_1_440' title='bbox 1275 3005 1324 3068; x_wconf 93' lang='grc'><strong><em>11.</em></strong></span> <span class='ocrx_word' id='word_1_441' title='bbox 1349 3003 1494 3085; x_wconf 76' lang='lat' dir='ltr'><strong><em>Surpuut</em></strong></span> <span class='ocrx_word' id='word_1_442' title='bbox 1515 3007 1605 3068; x_wconf 86' lang='lat' dir='ltr'><strong><em>tcetec</em></strong></span> <span class='ocrx_word' id='word_1_443' title='bbox 1625 3002 1759 3085; x_wconf 64' lang='lat' dir='ltr'><strong><em>cubedi,</em></strong></span> <span class='ocrx_word' id='word_1_444' title='bbox 1782 3022 1863 3083; x_wconf 84' lang='lat' dir='ltr'><strong><em>quoe</em></strong></span> <span class='ocrx_word' id='word_1_445' title='bbox 1884 3023 1946 3068; x_wconf 82' lang='lat' dir='ltr'><strong><em>uon</em></strong></span> <span class='ocrx_word' id='word_1_446' title='bbox 1966 3005 2040 3068; x_wconf 84' lang='lat' dir='ltr'><strong><em>uoci</em></strong></span> <span class='ocrx_word' id='word_1_447' title='bbox 2061 3024 2155 3084; x_wconf 83' lang='lat' dir='ltr'><strong><em>quoe-</em></strong></span> 
     </span>
     <span class='ocr_line' id='line_1_32' title="bbox 167 3084 2154 3174; baseline 0.002 -24"><span class='ocrx_word' id='word_1_448' title='bbox 167 3084 337 3151; x_wconf 90' lang='lat' dir='ltr'><strong><em>eutoribus</em></strong></span> <span class='ocrx_word' id='word_1_449' title='bbox 359 3087 460 3152; x_wconf 88' lang='lat' dir='ltr'><strong><em>exitio</em></strong></span> <span class='ocrx_word' id='word_1_450' title='bbox 481 3089 560 3156; x_wconf 83' lang='lat' dir='ltr'><strong><em>foro.</em></strong></span> <span class='ocrx_word' id='word_1_451' title='bbox 591 3091 769 3173; x_wconf 79' lang='lat' dir='ltr'><strong><em>Aptissima</em></strong></span> <span class='ocrx_word' id='word_1_452' title='bbox 789 3092 900 3173; x_wconf 90' lang='lat' dir='ltr'><strong><em>itaque</em></strong></span> <span class='ocrx_word' id='word_1_453' title='bbox 917 3089 1028 3156; x_wconf 91' lang='lat' dir='ltr'><strong><em>Devid</em></strong></span> <span class='ocrx_word' id='word_1_454' title='bbox 1045 3099 1136 3174; x_wconf 91' lang='lat' dir='ltr'><strong><em>optet</em></strong></span> <span class='ocrx_word' id='word_1_455' title='bbox 1185 3095 1261 3154; x_wconf 86' lang='lat' dir='ltr'><strong><em>ruut</em></strong></span> <span class='ocrx_word' id='word_1_456' title='bbox 1283 3109 1321 3154; x_wconf 80' lang='lat' dir='ltr'><strong><em>eu</em></strong></span> <span class='ocrx_word' id='word_1_457' title='bbox 1348 3109 1404 3154; x_wconf 92' lang='lat' dir='ltr'><strong><em>me.</em></strong></span> <span class='ocrx_word' id='word_1_458' title='bbox 1451 3089 1501 3153; x_wconf 82' lang='lat'><strong><em>12.</em></strong></span> <span class='ocrx_word' id='word_1_459' title='bbox 1531 3087 1716 3167; x_wconf 83' lang='lat' dir='ltr'><strong><em>Repevrduut</em></strong></span> <span class='ocrx_word' id='word_1_460' title='bbox 1743 3087 1825 3151; x_wconf 86' lang='lat' dir='ltr'><strong><em>mili</em></strong></span> <span class='ocrx_word' id='word_1_461' title='bbox 1847 3088 1968 3153; x_wconf 89' lang='lat' dir='ltr'><strong><em>malum</em></strong></span> <span class='ocrx_word' id='word_1_462' title='bbox 1984 3108 2045 3169; x_wconf 92' lang='lat' dir='ltr'><strong><em>pro</em></strong></span> <span class='ocrx_word' id='word_1_463' title='bbox 2066 3089 2154 3154; x_wconf 85' lang='lat' dir='ltr'><strong><em>boue·</em></strong></span> 
     </span>
     <span class='ocr_line' id='line_1_33' title="bbox 167 3170 2155 3259; baseline 0.003 -23"><span class='ocrx_word' id='word_1_464' title='bbox 167 3190 223 3236; x_wconf 88' lang='lat' dir='ltr'><strong><em>aas</em></strong></span> <span class='ocrx_word' id='word_1_465' title='bbox 240 3170 356 3238; x_wconf 87' lang='lat' dir='ltr'><strong><em>cadere</em></strong></span> <span class='ocrx_word' id='word_1_466' title='bbox 375 3173 410 3235; x_wconf 90' lang='lat' dir='ltr'><strong><em>in</em></strong></span> <span class='ocrx_word' id='word_1_467' title='bbox 434 3173 517 3239; x_wconf 87' lang='lat' dir='ltr'><strong><em>retia</em></strong></span> <span class='ocrx_word' id='word_1_468' title='bbox 534 3196 616 3259; x_wconf 90' lang='lat' dir='ltr'><strong><em>quae</em></strong></span> <span class='ocrx_word' id='word_1_469' title='bbox 638 3176 857 3256; x_wconf 85' lang='lat' dir='ltr'><strong><em>tetenderunt,</em></strong></span> <span class='ocrx_word' id='word_1_470' title='bbox 880 3198 953 3243; x_wconf 93' lang='lat' dir='ltr'><strong><em>cum</em></strong></span> <span class='ocrx_word' id='word_1_471' title='bbox 971 3178 1134 3241; x_wconf 88' lang='lat' dir='ltr'><strong><em>tumultu:</em></strong></span> <span class='ocrx_word' id='word_1_472' title='bbox 1184 3175 1308 3255; x_wconf 76' lang='lat' dir='ltr'><strong><em>pauca</em></strong></span> <span class='ocrx_word' id='word_1_473' title='bbox 1328 3176 1365 3239; x_wconf 87' lang='lat' dir='ltr'><strong><em>iu</em></strong></span> <span class='ocrx_word' id='word_1_474' title='bbox 1386 3174 1544 3240; x_wconf 84' lang='lat' dir='ltr'><strong><em>orbitatem</em></strong></span> <span class='ocrx_word' id='word_1_475' title='bbox 1565 3174 1691 3239; x_wconf 89' lang='lat' dir='ltr'><strong><em>auimac</em></strong></span> <span class='ocrx_word' id='word_1_476' title='bbox 1706 3170 1841 3258; x_wconf 58' lang='lat' dir='ltr'><strong><em>maaet).</em></strong></span> <span class='ocrx_word' id='word_1_477' title='bbox 1876 3173 1925 3236; x_wconf 86' lang='lat'><strong><em>13.</em></strong></span> <span class='ocrx_word' id='word_1_478' title='bbox 1948 3173 2036 3237; x_wconf 81' lang='lat' dir='ltr'><strong><em>Mitti</em></strong></span> <span class='ocrx_word' id='word_1_479' title='bbox 2052 3179 2155 3241; x_wconf 79' lang='lat' dir='ltr'><strong><em>autem</em></strong></span> 
     </span>
     <span class='ocr_line' id='line_1_34' title="bbox 167 3256 2153 3346; baseline -0.001 -24"><span class='ocrx_word' id='word_1_480' title='bbox 167 3256 230 3323; x_wconf 92' lang='lat' dir='ltr'><strong><em>hcc</em></strong></span> <span class='ocrx_word' id='word_1_481' title='bbox 250 3268 311 3336; x_wconf 89' lang='lat' dir='ltr'><strong><em>est,</em></strong></span> <span class='ocrx_word' id='word_1_482' title='bbox 340 3268 379 3323; x_wconf 89' lang='lat' dir='ltr'><strong><em>ut</em></strong></span> <span class='ocrx_word' id='word_1_483' title='bbox 401 3258 442 3324; x_wconf 88' lang='lat' dir='ltr'><strong><em>ad</em></strong></span> <span class='ocrx_word' id='word_1_484' title='bbox 471 3262 593 3326; x_wconf 89' lang='lat' dir='ltr'><strong><em>melum</em></strong></span> <span class='ocrx_word' id='word_1_485' title='bbox 617 3262 764 3327; x_wconf 89' lang='lat' dir='ltr'><strong><em>subitum</em></strong></span> <span class='ocrx_word' id='word_1_486' title='bbox 793 3269 1029 3344; x_wconf 87' lang='lat' dir='ltr'><strong><em>expavescent:</em></strong></span> <span class='ocrx_word' id='word_1_487' title='bbox 1060 3262 1136 3346; x_wconf 91' lang='lat' dir='ltr'><strong><em>quie</em></strong></span> <span class='ocrx_word' id='word_1_488' title='bbox 1186 3260 1223 3326; x_wconf 89' lang='lat' dir='ltr'><strong><em>iu</em></strong></span> <span class='ocrx_word' id='word_1_489' title='bbox 1254 3261 1462 3342; x_wconf 75' lang='lat' dir='ltr'><strong><em>ocprotatioue</em></strong></span> <span class='ocrx_word' id='word_1_490' title='bbox 1499 3277 1609 3323; x_wconf 87' lang='lat' dir='ltr'><strong><em>eorum</em></strong></span> <span class='ocrx_word' id='word_1_491' title='bbox 1646 3258 1861 3323; x_wconf 87' lang='lat' dir='ltr'><strong><em>iudumcutum</em></strong></span> <span class='ocrx_word' id='word_1_492' title='bbox 1895 3278 1997 3323; x_wconf 90' lang='lat' dir='ltr'><strong><em>meum</em></strong></span> <span class='ocrx_word' id='word_1_493' title='bbox 2028 3277 2153 3325; x_wconf 75' lang='lat' dir='ltr'><strong><em>aarum:</em></strong></span> 
     </span>
     <span class='ocr_line' id='line_1_35' title="bbox 166 3343 2154 3433; baseline 0.002 -27"><span class='ocrx_word' id='word_1_494' title='bbox 166 3361 232 3424; x_wconf 90' lang='lat' dir='ltr'><strong><em>quo</em></strong></span> <span class='ocrx_word' id='word_1_495' title='bbox 248 3343 373 3409; x_wconf 84' lang='lat' dir='ltr'><strong><em>maiore</em></strong></span> <span class='ocrx_word' id='word_1_496' title='bbox 389 3344 521 3411; x_wconf 89' lang='lat' dir='ltr'><strong><em>licentia</em></strong></span> <span class='ocrx_word' id='word_1_497' title='bbox 539 3347 708 3412; x_wconf 85' lang='lat' dir='ltr'><strong><em>exsultent</em></strong></span> <span class='ocrx_word' id='word_1_498' title='bbox 725 3348 875 3413; x_wconf 89' lang='lat' dir='ltr'><strong><em>homines</em></strong></span> <span class='ocrx_word' id='word_1_499' title='bbox 892 3355 1027 3433; x_wconf 89' lang='lat' dir='ltr'><strong><em>propter</em></strong></span> <span class='ocrx_word' id='word_1_500' title='bbox 1043 3368 1135 3430; x_wconf 88' lang='lat' dir='ltr'><strong><em>spem</em></strong></span> <span class='ocrx_word' id='word_1_501' title='bbox 1186 3345 1294 3427; x_wconf 73' lang='lat' dir='ltr'><strong><em>afflixi</em></strong></span> <span class='ocrx_word' id='word_1_502' title='bbox 1321 3346 1358 3409; x_wconf 83' lang='lat' dir='ltr'><strong><em>iu</em></strong></span> <span class='ocrx_word' id='word_1_503' title='bbox 1385 3345 1505 3410; x_wconf 79' lang='lat' dir='ltr'><strong><em>ieiunio</em></strong></span> <span class='ocrx_word' id='word_1_504' title='bbox 1534 3346 1675 3409; x_wconf 83' lang='lat' dir='ltr'><strong><em>amintam</em></strong></span> <span class='ocrx_word' id='word_1_505' title='bbox 1710 3363 1820 3425; x_wconf 90' lang='lat' dir='ltr'><strong><em>mecm,</em></strong></span> <span class='ocrx_word' id='word_1_506' title='bbox 1864 3345 2056 3426; x_wconf 86' lang='lat' dir='ltr'><strong><em>etprccatio</em></strong></span> <span class='ocrx_word' id='word_1_507' title='bbox 2084 3364 2154 3410; x_wconf 88' lang='lat' dir='ltr'><strong><em>mcc</em></strong></span> 
     </span>
     <span class='ocr_line' id='line_1_36' title="bbox 167 3428 2155 3518; baseline 0.002 -26"><span class='ocrx_word' id='word_1_508' title='bbox 167 3428 211 3492; x_wconf 90' lang='lat' dir='ltr'><strong><em>im</em></strong></span> <span class='ocrx_word' id='word_1_509' title='bbox 236 3430 374 3495; x_wconf 86' lang='lat' dir='ltr'><strong><em>unitatis</em></strong></span> <span class='ocrx_word' id='word_1_510' title='bbox 403 3429 485 3496; x_wconf 83' lang='lat' dir='ltr'><strong><em>falso</em></strong></span> <span class='ocrx_word' id='word_1_511' title='bbox 513 3443 719 3516; x_wconf 88' lang='lat' dir='ltr'><strong><em>conceptam,</em></strong></span> <span class='ocrx_word' id='word_1_512' title='bbox 758 3454 797 3498; x_wconf 91' lang='lat' dir='ltr'><strong><em>eo</em></strong></span> <span class='ocrx_word' id='word_1_513' title='bbox 836 3434 941 3518; x_wconf 77' lang='lat' dir='ltr'><strong><em>magis</em></strong></span> <span class='ocrx_word' id='word_1_514' title='bbox 981 3434 1136 3499; x_wconf 87' lang='lat' dir='ltr'><strong><em>attonitos</em></strong></span> <span class='ocrx_word' id='word_1_515' title='bbox 1186 3450 1283 3513; x_wconf 74' lang='lat' dir='ltr'><strong><em>suuper</em></strong></span> <span class='ocrx_word' id='word_1_516' title='bbox 1317 3432 1424 3496; x_wconf 64' lang='lat' dir='ltr'><strong><em>auum</em></strong></span> <span class='ocrx_word' id='word_1_517' title='bbox 1455 3449 1559 3496; x_wconf 89' lang='lat' dir='ltr'><strong><em>meum</em></strong></span> <span class='ocrx_word' id='word_1_518' title='bbox 1589 3449 1680 3495; x_wconf 85' lang='lat' dir='ltr'><strong><em>ocrea</em></strong></span> <span class='ocrx_word' id='word_1_519' title='bbox 1712 3435 1767 3495; x_wconf 82' lang='lat' dir='ltr'><strong><em>eet.</em></strong></span> <span class='ocrx_word' id='word_1_520' title='bbox 1822 3429 1872 3494; x_wconf 87' lang='grc'><strong><em>14.</em></strong></span> <span class='ocrx_word' id='word_1_521' title='bbox 1910 3431 2009 3511; x_wconf 78' lang='lat' dir='ltr'><strong><em>Quasi</em></strong></span> <span class='ocrx_word' id='word_1_522' title='bbox 2040 3431 2155 3511; x_wconf 70' lang='lat' dir='ltr'><strong><em>comus,</em></strong></span> 
     </span>
    </p>

    <p class='ocr_par' dir='ltr' id='par_1_5' title="bbox 166 3513 2156 4033">
     <span class='ocr_line' id='line_1_37' title="bbox 226 3513 2156 3601; baseline 0.001 -23"><span class='ocrx_word' id='word_1_523' title='bbox 226 3513 276 3579; x_wconf 91' lang='lat' dir='ltr'><strong><em>dit</em></strong></span> <span class='ocrx_word' id='word_1_524' title='bbox 297 3516 497 3598; x_wconf 87' lang='lat' dir='ltr'><strong><em>improvisus</em></strong></span> <span class='ocrx_word' id='word_1_525' title='bbox 517 3529 631 3584; x_wconf 88' lang='lat' dir='ltr'><strong><em>terror.</em></strong></span> <span class='ocrx_word' id='word_1_526' title='bbox 662 3517 794 3585; x_wconf 86' lang='lat' dir='ltr'><strong><em>Interea</em></strong></span> <span class='ocrx_word' id='word_1_527' title='bbox 810 3519 892 3584; x_wconf 90' lang='lat' dir='ltr'><strong><em>mihi</em></strong></span> <span class='ocrx_word' id='word_1_528' title='bbox 913 3519 1047 3586; x_wconf 86' lang='lat' dir='ltr'><strong><em>dubium</em></strong></span> <span class='ocrx_word' id='word_1_529' title='bbox 1069 3539 1136 3585; x_wconf 90' lang='lat' dir='ltr'><strong><em>non</em></strong></span> <span class='ocrx_word' id='word_1_530' title='bbox 1186 3517 1389 3601; x_wconf 78' lang='lat' dir='ltr'><strong><em>qrsaeifrater</em></strong></span> <span class='ocrx_word' id='word_1_531' title='bbox 1405 3517 1485 3582; x_wconf 84' lang='lat' dir='ltr'><strong><em>mili</em></strong></span> <span class='ocrx_word' id='word_1_532' title='bbox 1501 3522 1590 3599; x_wconf 74' lang='lat' dir='ltr'><strong><em>earet,</em></strong></span> <span class='ocrx_word' id='word_1_533' title='bbox 1612 3515 1780 3596; x_wconf 77' lang='lat' dir='ltr'><strong><em>ambubrci,</em></strong></span> <span class='ocrx_word' id='word_1_534' title='bbox 1799 3517 1879 3581; x_wconf 80' lang='lat' dir='ltr'><strong><em>sicut</em></strong></span> <span class='ocrx_word' id='word_1_535' title='bbox 1895 3515 2006 3597; x_wconf 83' lang='lat' dir='ltr'><strong><em>lupone</em></strong></span> <span class='ocrx_word' id='word_1_536' title='bbox 2026 3522 2156 3581; x_wconf 85' lang='lat' dir='ltr'><strong><em>matrem</em></strong></span> 
     </span>
     <span class='ocr_line' id='line_1_38' title="bbox 167 3601 2155 3688; baseline -0.001 -21"><span class='ocrx_word' id='word_1_537' title='bbox 167 3608 219 3667; x_wconf 87' lang='lat' dir='ltr'><strong><em>est</em></strong></span> <span class='ocrx_word' id='word_1_538' title='bbox 236 3601 316 3684; x_wconf 86' lang='lat' dir='ltr'><strong><em>quin</em></strong></span> <span class='ocrx_word' id='word_1_539' title='bbox 327 3602 438 3668; x_wconf 89' lang='lat' dir='ltr'><strong><em>David</em></strong></span> <span class='ocrx_word' id='word_1_540' title='bbox 454 3602 578 3669; x_wconf 86' lang='lat' dir='ltr'><strong><em>cladem</em></strong></span> <span class='ocrx_word' id='word_1_541' title='bbox 597 3605 739 3688; x_wconf 89' lang='lat' dir='ltr'><strong><em>aliquam</em></strong></span> <span class='ocrx_word' id='word_1_542' title='bbox 757 3626 876 3671; x_wconf 87' lang='lat' dir='ltr'><strong><em>novem</em></strong></span> <span class='ocrx_word' id='word_1_543' title='bbox 895 3617 927 3669; x_wconf 90' lang='lat' dir='ltr'><strong><em>et</em></strong></span> <span class='ocrx_word' id='word_1_544' title='bbox 945 3605 1135 3671; x_wconf 92' lang='lat' dir='ltr'><strong><em>inusitetem</em></strong></span> <span class='ocrx_word' id='word_1_545' title='bbox 1181 3603 1326 3685; x_wconf 78' lang='lat' dir='ltr'><strong><em>puletico</em></strong></span> <span class='ocrx_word' id='word_1_546' title='bbox 1357 3601 1526 3668; x_wconf 79' lang='lat' dir='ltr'><strong><em>humiliavi</em></strong></span> <span class='ocrx_word' id='word_1_547' title='bbox 1557 3621 1615 3666; x_wconf 89' lang='lat' dir='ltr'><strong><em>me.</em></strong></span> <span class='ocrx_word' id='word_1_548' title='bbox 1661 3602 1710 3667; x_wconf 84' lang='grc'><strong><em>15.</em></strong></span> <span class='ocrx_word' id='word_1_549' title='bbox 1741 3601 1815 3682; x_wconf 84' lang='lat' dir='ltr'><strong><em>Ipci</em></strong></span> <span class='ocrx_word' id='word_1_550' title='bbox 1846 3605 1948 3665; x_wconf 84' lang='lat' dir='ltr'><strong><em>autom</em></strong></span> <span class='ocrx_word' id='word_1_551' title='bbox 1975 3602 2011 3665; x_wconf 90' lang='lat' dir='ltr'><strong><em>iu</em></strong></span> <span class='ocrx_word' id='word_1_552' title='bbox 2037 3601 2155 3666; x_wconf 82' lang='lat' dir='ltr'><strong><em>clsudi·</em></strong></span> 
     </span>
     <span class='ocr_line' id='line_1_39' title="bbox 167 3684 2156 3775; baseline 0.001 -25"><span class='ocrx_word' id='word_1_553' title='bbox 167 3684 310 3752; x_wconf 85' lang='lat' dir='ltr'><strong><em>denotet.</em></strong></span> <span class='ocrx_word' id='word_1_554' title='bbox 354 3686 476 3755; x_wconf 85' lang='lat' dir='ltr'><strong><em>Veniat</em></strong></span> <span class='ocrx_word' id='word_1_555' title='bbox 497 3709 576 3774; x_wconf 79' lang='lat' dir='ltr'><strong><em>ergo</em></strong></span> <span class='ocrx_word' id='word_1_556' title='bbox 597 3691 760 3757; x_wconf 90' lang='lat' dir='ltr'><strong><em>tumultus</em></strong></span> <span class='ocrx_word' id='word_1_557' title='bbox 782 3711 877 3775; x_wconf 91' lang='lat' dir='ltr'><strong><em>quem</em></strong></span> <span class='ocrx_word' id='word_1_558' title='bbox 900 3691 1047 3774; x_wconf 82' lang='lat' dir='ltr'><strong><em>ignoret:</em></strong></span> <span class='ocrx_word' id='word_1_559' title='bbox 1075 3692 1136 3757; x_wconf 91' lang='lat' dir='ltr'><strong><em>hcc</em></strong></span> <span class='ocrx_word' id='word_1_560' title='bbox 1186 3690 1305 3755; x_wconf 80' lang='lat' dir='ltr'><strong><em>catione</em></strong></span> <span class='ocrx_word' id='word_1_561' title='bbox 1330 3707 1400 3754; x_wconf 94' lang='lat' dir='ltr'><strong><em>mea</em></strong></span> <span class='ocrx_word' id='word_1_562' title='bbox 1429 3688 1535 3754; x_wconf 88' lang='lat' dir='ltr'><strong><em>laetati</em></strong></span> <span class='ocrx_word' id='word_1_563' title='bbox 1562 3693 1645 3767; x_wconf 76' lang='lat' dir='ltr'><strong><em>mett,</em></strong></span> <span class='ocrx_word' id='word_1_564' title='bbox 1673 3687 1848 3770; x_wconf 78' lang='lat' dir='ltr'><strong><em>couprcqati</em></strong></span> <span class='ocrx_word' id='word_1_565' title='bbox 1869 3691 1952 3766; x_wconf 89' lang='lat' dir='ltr'><strong><em>suut,</em></strong></span> <span class='ocrx_word' id='word_1_566' title='bbox 1982 3687 2156 3770; x_wconf 76' lang='lat' dir='ltr'><strong><em>conprepati</em></strong></span> 
     </span>
     <span class='ocr_line' id='line_1_40' title="bbox 166 3771 2155 3860; baseline 0.001 -24"><span class='ocrx_word' id='word_1_567' title='bbox 166 3779 227 3847; x_wconf 88' lang='lat' dir='ltr'><strong><em>ast,</em></strong></span> <span class='ocrx_word' id='word_1_568' title='bbox 254 3771 313 3836; x_wconf 87' lang='lat' dir='ltr'><strong><em>nbi</em></strong></span> <span class='ocrx_word' id='word_1_569' title='bbox 338 3794 451 3858; x_wconf 85' lang='lat' dir='ltr'><strong><em>pacem</em></strong></span> <span class='ocrx_word' id='word_1_570' title='bbox 481 3774 653 3843; x_wconf 84' lang='lat' dir='ltr'><strong><em>fallacibus</em></strong></span> <span class='ocrx_word' id='word_1_571' title='bbox 673 3775 834 3843; x_wconf 89' lang='lat' dir='ltr'><strong><em>illecebris</em></strong></span> <span class='ocrx_word' id='word_1_572' title='bbox 856 3776 918 3841; x_wconf 85' lang='lat' dir='ltr'><strong><em>sibi</em></strong></span> <span class='ocrx_word' id='word_1_573' title='bbox 941 3777 1135 3860; x_wconf 87' lang='lat' dir='ltr'><strong><em>promiserit,</em></strong></span> <span class='ocrx_word' id='word_1_574' title='bbox 1186 3780 1271 3858; x_wconf 75' lang='lat' dir='ltr'><strong><em>euru,</em></strong></span> <span class='ocrx_word' id='word_1_575' title='bbox 1288 3775 1427 3855; x_wconf 86' lang='lat' dir='ltr'><strong><em>iuquam,</em></strong></span> <span class='ocrx_word' id='word_1_576' title='bbox 1445 3774 1614 3839; x_wconf 78' lang='lat' dir='ltr'><strong><em>odomsum</em></strong></span> <span class='ocrx_word' id='word_1_577' title='bbox 1629 3793 1678 3837; x_wconf 91' lang='lat' dir='ltr'><strong><em>mc</em></strong></span> <span class='ocrx_word' id='word_1_578' title='bbox 1695 3773 1805 3838; x_wconf 67' lang='lat' dir='ltr'><strong><em>abirom</em></strong></span> <span class='ocrx_word' id='word_1_579' title='bbox 1821 3789 1901 3852; x_wconf 85' lang='lat' dir='ltr'><strong><em>quos</em></strong></span> <span class='ocrx_word' id='word_1_580' title='bbox 1917 3792 1980 3837; x_wconf 85' lang='lat' dir='ltr'><strong><em>nou</em></strong></span> <span class='ocrx_word' id='word_1_581' title='bbox 1996 3791 2155 3837; x_wconf 85' lang='lat' dir='ltr'><strong><em>moerom:</em></strong></span> 
     </span>
     <span class='ocr_line' id='line_1_41' title="bbox 166 3856 1783 3941; baseline -0.001 -18"><span class='ocrx_word' id='word_1_582' title='bbox 166 3856 322 3941; x_wconf 80' lang='lat' dir='ltr'><strong><em>percellet</em></strong></span> <span class='ocrx_word' id='word_1_583' title='bbox 350 3880 426 3925; x_wconf 88' lang='lat' dir='ltr'><strong><em>eum</em></strong></span> <span class='ocrx_word' id='word_1_584' title='bbox 455 3860 572 3927; x_wconf 90' lang='lat' dir='ltr'><strong><em>horror</em></strong></span> <span class='ocrx_word' id='word_1_585' title='bbox 592 3862 755 3941; x_wconf 85' lang='lat' dir='ltr'><strong><em>insolitus,</em></strong></span> <span class='ocrx_word' id='word_1_586' title='bbox 783 3871 817 3928; x_wconf 90' lang='lat' dir='ltr'><strong><em>et</em></strong></span> <span class='ocrx_word' id='word_1_587' title='bbox 840 3883 916 3928; x_wconf 93' lang='lat' dir='ltr'><strong><em>cum</em></strong></span> <span class='ocrx_word' id='word_1_588' title='bbox 936 3863 1136 3929; x_wconf 87' lang='lat' dir='ltr'><strong><em>tumultuoso</em></strong></span> <span class='ocrx_word' id='word_1_589' title='bbox 1186 3860 1343 3925; x_wconf 71' lang='lat' dir='ltr'><strong><em>smdcmmt</em></strong></span> <span class='ocrx_word' id='word_1_590' title='bbox 1364 3859 1460 3937; x_wconf 81' lang='lat' dir='ltr'><strong><em>labia,</em></strong></span> <span class='ocrx_word' id='word_1_591' title='bbox 1482 3864 1510 3924; x_wconf 87' lang='lat' dir='ltr'><strong><em>ct</em></strong></span> <span class='ocrx_word' id='word_1_592' title='bbox 1530 3878 1592 3923; x_wconf 82' lang='lat' dir='ltr'><strong><em>acu</em></strong></span> <span class='ocrx_word' id='word_1_593' title='bbox 1613 3862 1783 3923; x_wconf 71' lang='lat' dir='ltr'><strong><em>tamenim.</em></strong></span> 
     </span>
     <span class='ocr_line' id='line_1_42' title="bbox 166 3945 997 4033; baseline 0.011 -26"><span class='ocrx_word' id='word_1_594' title='bbox 166 3962 289 4026; x_wconf 84' lang='lat' dir='ltr'><strong><em>perora</em></strong></span> <span class='ocrx_word' id='word_1_595' title='bbox 310 3945 432 4011; x_wconf 87' lang='lat' dir='ltr'><strong><em>sentiet</em></strong></span> <span class='ocrx_word' id='word_1_596' title='bbox 451 3967 487 4011; x_wconf 88' lang='lat' dir='ltr'><strong><em>sa</em></strong></span> <span class='ocrx_word' id='word_1_597' title='bbox 510 3947 633 4030; x_wconf 84' lang='lat' dir='ltr'><strong><em>laqueis</em></strong></span> <span class='ocrx_word' id='word_1_598' title='bbox 654 3951 723 4014; x_wconf 88' lang='lat' dir='ltr'><strong><em>suis</em></strong></span> <span class='ocrx_word' id='word_1_599' title='bbox 745 3948 997 4033; x_wconf 87' lang='lat' dir='ltr'><strong><em>deprehensum.</em></strong></span> 
     </span>
    </p>

    <p class='ocr_par' dir='ltr' id='par_1_6' title="bbox 162 4026 2157 5321">
     <span class='ocr_line' id='line_1_43' title="bbox 252 4026 2157 4179; baseline -0.001 -85"><span class='ocrx_word' id='word_1_600' title='bbox 252 4029 283 4094; x_wconf 87' lang='grc'><strong><em>9.</em></strong></span> <span class='ocrx_word' id='word_1_601' title='bbox 311 4028 370 4116; x_wconf 78' lang='lat' dir='ltr'><strong><em>(m</em></strong></span> <span class='ocrx_word' id='word_1_602' title='bbox 396 4032 506 4098; x_wconf 84' lang='lat' dir='ltr'><strong><em>auimo</em></strong></span> <span class='ocrx_word' id='word_1_603' title='bbox 532 4032 626 4117; x_wconf 87' lang='lat' dir='ltr'><strong><em>mea.)</em></strong></span> <span class='ocrx_word' id='word_1_604' title='bbox 676 4034 745 4100; x_wconf 88' lang='lat' dir='ltr'><strong><em>Alii</em></strong></span> <span class='ocrx_word' id='word_1_605' title='bbox 771 4036 805 4099; x_wconf 93' lang='lat' dir='ltr'><strong><em>in</em></strong></span> <span class='ocrx_word' id='word_1_606' title='bbox 836 4035 985 4118; x_wconf 80' lang='lat' dir='ltr'><strong><em>optativo</em></strong></span> <span class='ocrx_word' id='word_1_607' title='bbox 1010 4034 1135 4120; x_wconf 79' lang='lat' dir='ltr'><strong><em>legunt,</em></strong></span> <span class='ocrx_word' id='word_1_608' title='bbox 1276 4032 1325 4095; x_wconf 91' lang='grc'><strong><em>11.</em></strong></span> <span class='ocrx_word' id='word_1_609' title='bbox 1348 4026 1504 4115; x_wconf 74' lang='lat' dir='ltr'><strong><em>(Stupuut</em></strong></span> <span class='ocrx_word' id='word_1_610' title='bbox 1524 4028 1642 4179; x_wconf 57' lang='lat' dir='ltr'><strong><em>tcdcess</em></strong></span> <span class='ocrx_word' id='word_1_611' title='bbox 1675 4029 1812 4120; x_wconf 28' lang='lat' dir='ltr'><strong><em>&#39;Futuro</em></strong></span> <span class='ocrx_word' id='word_1_612' title='bbox 1835 4040 1982 4112; x_wconf 89' lang='lat' dir='ltr'><strong><em>tempore</em></strong></span> <span class='ocrx_word' id='word_1_613' title='bbox 2005 4028 2157 4113; x_wconf 81' lang='lat' dir='ltr'><strong><em>designat</em></strong></span> 
     </span>
     <span class='ocr_line' id='line_1_44' title="bbox 165 4113 2156 4206; baseline -0.001 -26"><span class='ocrx_word' id='word_1_614' title='bbox 165 4113 295 4181; x_wconf 74' lang='lat' dir='ltr'><strong><em>malet</em></strong></span> <span class='ocrx_word' id='word_1_615' title='bbox 324 4136 362 4181; x_wconf 94' lang='lat' dir='ltr'><strong><em>ec</em></strong></span> <span class='ocrx_word' id='word_1_616' title='bbox 391 4117 528 4184; x_wconf 87' lang='lat' dir='ltr'><strong><em>laetetur.</em></strong></span> <span class='ocrx_word' id='word_1_617' title='bbox 574 4118 640 4185; x_wconf 82' lang='lat' dir='ltr'><strong><em>Sed</em></strong></span> <span class='ocrx_word' id='word_1_618' title='bbox 661 4119 772 4186; x_wconf 89' lang='lat' dir='ltr'><strong><em>David</em></strong></span> <span class='ocrx_word' id='word_1_619' title='bbox 800 4119 886 4206; x_wconf 88' lang='lat' dir='ltr'><strong><em>(mec</em></strong></span> <span class='ocrx_word' id='word_1_620' title='bbox 915 4118 1048 4206; x_wconf 90' lang='lat' dir='ltr'><strong><em>iudicio)</em></strong></span> <span class='ocrx_word' id='word_1_621' title='bbox 1071 4140 1135 4185; x_wconf 92' lang='lat' dir='ltr'><strong><em>uon</em></strong></span> <span class='ocrx_word' id='word_1_622' title='bbox 1187 4116 1266 4200; x_wconf 92' lang='lat' dir='ltr'><strong><em>quid</em></strong></span> <span class='ocrx_word' id='word_1_623' title='bbox 1296 4116 1353 4181; x_wconf 89' lang='lat' dir='ltr'><strong><em>diu</em></strong></span> <span class='ocrx_word' id='word_1_624' title='bbox 1375 4135 1490 4198; x_wconf 90' lang='lat' dir='ltr'><strong><em>passus</em></strong></span> <span class='ocrx_word' id='word_1_625' title='bbox 1512 4115 1566 4181; x_wconf 89' lang='lat' dir='ltr'><strong><em>sit.</em></strong></span> <span class='ocrx_word' id='word_1_626' title='bbox 1645 4115 1771 4196; x_wconf 89' lang='lat' dir='ltr'><strong><em>eploret</em></strong></span> <span class='ocrx_word' id='word_1_627' title='bbox 1788 4124 1898 4178; x_wconf 89' lang='lat' dir='ltr'><strong><em>eutem</em></strong></span> <span class='ocrx_word' id='word_1_628' title='bbox 1920 4134 1956 4179; x_wconf 89' lang='lat' dir='ltr'><strong><em>se</em></strong></span> <span class='ocrx_word' id='word_1_629' title='bbox 1981 4114 2156 4180; x_wconf 87' lang='lat' dir='ltr'><strong><em>calumniis</em></strong></span> 
     </span>
     <span class='ocr_line' id='line_1_45' title="bbox 167 4199 2157 4291; baseline -0.001 -27"><span class='ocrx_word' id='word_1_630' title='bbox 167 4207 235 4264; x_wconf 63' lang='lat' dir='ltr'><strong><em>mm</em></strong></span> <span class='ocrx_word' id='word_1_631' title='bbox 257 4212 334 4268; x_wconf 87' lang='lat' dir='ltr'><strong><em>vota</em></strong></span> <span class='ocrx_word' id='word_1_632' title='bbox 354 4205 534 4288; x_wconf 70' lang='lat' dir='ltr'><strong><em>conducat,</em></strong></span> <span class='ocrx_word' id='word_1_633' title='bbox 556 4225 653 4287; x_wconf 91' lang='lat' dir='ltr'><strong><em>quem</em></strong></span> <span class='ocrx_word' id='word_1_634' title='bbox 676 4226 712 4271; x_wconf 89' lang='lat' dir='ltr'><strong><em>ee</em></strong></span> <span class='ocrx_word' id='word_1_635' title='bbox 726 4205 798 4272; x_wconf 91' lang='lat' dir='ltr'><strong><em>Deo</em></strong></span> <span class='ocrx_word' id='word_1_636' title='bbox 819 4215 949 4289; x_wconf 80' lang='lat' dir='ltr'><strong><em>gratum</em></strong></span> <span class='ocrx_word' id='word_1_637' title='bbox 973 4207 1041 4271; x_wconf 87' lang='lat' dir='ltr'><strong><em>lore</em></strong></span> <span class='ocrx_word' id='word_1_638' title='bbox 1060 4228 1137 4291; x_wconf 91' lang='lat' dir='ltr'><strong><em>pro·</em></strong></span> <span class='ocrx_word' id='word_1_639' title='bbox 1189 4205 1235 4267; x_wconf 89' lang='lat' dir='ltr'><strong><em>ita</em></strong></span> <span class='ocrx_word' id='word_1_640' title='bbox 1251 4202 1354 4268; x_wconf 87' lang='lat' dir='ltr'><strong><em>fuisse</em></strong></span> <span class='ocrx_word' id='word_1_641' title='bbox 1370 4222 1573 4286; x_wconf 87' lang='lat' dir='ltr'><strong><em>oppressum,</em></strong></span> <span class='ocrx_word' id='word_1_642' title='bbox 1595 4210 1632 4265; x_wconf 89' lang='lat' dir='ltr'><strong><em>ut</em></strong></span> <span class='ocrx_word' id='word_1_643' title='bbox 1648 4199 1827 4266; x_wconf 82' lang='lat' dir='ltr'><strong><em>defensioni</em></strong></span> <span class='ocrx_word' id='word_1_644' title='bbox 1845 4200 1936 4266; x_wconf 90' lang='lat' dir='ltr'><strong><em>locus</em></strong></span> <span class='ocrx_word' id='word_1_645' title='bbox 1956 4221 2023 4264; x_wconf 93' lang='lat' dir='ltr'><strong><em>non</em></strong></span> <span class='ocrx_word' id='word_1_646' title='bbox 2041 4200 2157 4264; x_wconf 88' lang='lat' dir='ltr'><strong><em>fuerit:</em></strong></span> 
     </span>
     <span class='ocr_line' id='line_1_46' title="bbox 165 4284 2156 4376; baseline 0 -27"><span class='ocrx_word' id='word_1_647' title='bbox 165 4287 277 4365; x_wconf 88' lang='lat' dir='ltr'><strong><em>mittit,</em></strong></span> <span class='ocrx_word' id='word_1_648' title='bbox 310 4288 397 4371; x_wconf 92' lang='lat' dir='ltr'><strong><em>quod</em></strong></span> <span class='ocrx_word' id='word_1_649' title='bbox 426 4290 543 4355; x_wconf 90' lang='lat' dir='ltr'><strong><em>melius</em></strong></span> <span class='ocrx_word' id='word_1_650' title='bbox 572 4312 613 4355; x_wconf 88' lang='lat' dir='ltr'><strong><em>ax</em></strong></span> <span class='ocrx_word' id='word_1_651' title='bbox 641 4291 794 4375; x_wconf 87' lang='lat' dir='ltr'><strong><em>proximo</em></strong></span> <span class='ocrx_word' id='word_1_652' title='bbox 822 4312 921 4358; x_wconf 84' lang='lat' dir='ltr'><strong><em>versu</em></strong></span> <span class='ocrx_word' id='word_1_653' title='bbox 950 4299 1051 4376; x_wconf 89' lang='lat' dir='ltr'><strong><em>petat,</em></strong></span> <span class='ocrx_word' id='word_1_654' title='bbox 1080 4291 1137 4357; x_wconf 92' lang='lat' dir='ltr'><strong><em>ubi</em></strong></span> <span class='ocrx_word' id='word_1_655' title='bbox 1189 4309 1252 4372; x_wconf 90' lang='lat' dir='ltr'><strong><em>quo</em></strong></span> <span class='ocrx_word' id='word_1_656' title='bbox 1279 4287 1362 4352; x_wconf 91' lang='lat' dir='ltr'><strong><em>nihil</em></strong></span> <span class='ocrx_word' id='word_1_657' title='bbox 1393 4287 1528 4372; x_wconf 83' lang='lat' dir='ltr'><strong><em>gravius</em></strong></span> <span class='ocrx_word' id='word_1_658' title='bbox 1556 4296 1589 4351; x_wconf 91' lang='lat' dir='ltr'><strong><em>et</em></strong></span> <span class='ocrx_word' id='word_1_659' title='bbox 1618 4284 1768 4352; x_wconf 84' lang='lat' dir='ltr'><strong><em>acerbius</em></strong></span> <span class='ocrx_word' id='word_1_660' title='bbox 1797 4284 1944 4352; x_wconf 76' lang='lat' dir='ltr'><strong><em>neddere</em></strong></span> <span class='ocrx_word' id='word_1_661' title='bbox 1974 4296 2083 4368; x_wconf 88' lang='lat' dir='ltr'><strong><em>potest</em></strong></span> <span class='ocrx_word' id='word_1_662' title='bbox 2106 4288 2156 4349; x_wconf 91' lang='lat' dir='ltr'><strong><em>in·</em></strong></span> 
     </span>
     <span class='ocr_line' id='line_1_47' title="bbox 165 4371 2155 4458; baseline -0.001 -24"><span class='ocrx_word' id='word_1_663' title='bbox 165 4373 340 4456; x_wconf 74' lang='lat' dir='ltr'><strong><em>magnifice</em></strong></span> <span class='ocrx_word' id='word_1_664' title='bbox 361 4375 554 4442; x_wconf 89' lang='lat' dir='ltr'><strong><em>beneficium</em></strong></span> <span class='ocrx_word' id='word_1_665' title='bbox 575 4375 636 4441; x_wconf 92' lang='lat' dir='ltr'><strong><em>hoc</em></strong></span> <span class='ocrx_word' id='word_1_666' title='bbox 658 4376 828 4458; x_wconf 84' lang='lat' dir='ltr'><strong><em>extollens,</em></strong></span> <span class='ocrx_word' id='word_1_667' title='bbox 852 4378 922 4443; x_wconf 90' lang='lat' dir='ltr'><strong><em>eius</em></strong></span> <span class='ocrx_word' id='word_1_668' title='bbox 944 4378 1135 4443; x_wconf 90' lang='lat' dir='ltr'><strong><em>memoriam</em></strong></span> <span class='ocrx_word' id='word_1_669' title='bbox 1188 4374 1304 4458; x_wconf 85' lang='lat' dir='ltr'><strong><em>gennis</em></strong></span> <span class='ocrx_word' id='word_1_670' title='bbox 1325 4372 1520 4449; x_wconf 86' lang='lat' dir='ltr'><strong><em>hominibus,</em></strong></span> <span class='ocrx_word' id='word_1_671' title='bbox 1543 4371 1671 4454; x_wconf 87' lang='lat' dir='ltr'><strong><em>sibique</em></strong></span> <span class='ocrx_word' id='word_1_672' title='bbox 1692 4373 1775 4437; x_wconf 89' lang='lat' dir='ltr'><strong><em>bene</em></strong></span> <span class='ocrx_word' id='word_1_673' title='bbox 1796 4373 1943 4438; x_wconf 87' lang='lat' dir='ltr'><strong><em>consciis.</em></strong></span> <span class='ocrx_word' id='word_1_674' title='bbox 1987 4371 2056 4437; x_wconf 88' lang='lat' dir='ltr'><strong><em>Nec</em></strong></span> <span class='ocrx_word' id='word_1_675' title='bbox 2077 4390 2155 4437; x_wconf 90' lang='lat' dir='ltr'><strong><em>vero</em></strong></span> 
     </span>
     <span class='ocr_line' id='line_1_48' title="bbox 163 4456 2155 4545; baseline -0.001 -23"><span class='ocrx_word' id='word_1_676' title='bbox 163 4458 318 4525; x_wconf 88' lang='lat' dir='ltr'><strong><em>omnibus</em></strong></span> <span class='ocrx_word' id='word_1_677' title='bbox 339 4464 482 4544; x_wconf 89' lang='lat' dir='ltr'><strong><em>corporis</em></strong></span> <span class='ocrx_word' id='word_1_678' title='bbox 504 4462 554 4527; x_wconf 91' lang='lat' dir='ltr'><strong><em>sui</em></strong></span> <span class='ocrx_word' id='word_1_679' title='bbox 572 4463 722 4545; x_wconf 87' lang='lat' dir='ltr'><strong><em>partibus</em></strong></span> <span class='ocrx_word' id='word_1_680' title='bbox 739 4463 979 4528; x_wconf 87' lang='lat' dir='ltr'><strong><em>celebraturum</em></strong></span> <span class='ocrx_word' id='word_1_681' title='bbox 997 4485 1032 4529; x_wconf 90' lang='lat' dir='ltr'><strong><em>se</em></strong></span> <span class='ocrx_word' id='word_1_682' title='bbox 1049 4463 1137 4530; x_wconf 87' lang='lat' dir='ltr'><strong><em>dicit.</em></strong></span> <span class='ocrx_word' id='word_1_683' title='bbox 1189 4468 1317 4525; x_wconf 90' lang='lat' dir='ltr'><strong><em>tantum</em></strong></span> <span class='ocrx_word' id='word_1_684' title='bbox 1336 4458 1429 4525; x_wconf 90' lang='lat' dir='ltr'><strong><em>falsis</em></strong></span> <span class='ocrx_word' id='word_1_685' title='bbox 1440 4457 1632 4524; x_wconf 86' lang='lat' dir='ltr'><strong><em>criminibus</em></strong></span> <span class='ocrx_word' id='word_1_686' title='bbox 1642 4478 1679 4523; x_wconf 92' lang='lat' dir='ltr'><strong><em>se</em></strong></span> <span class='ocrx_word' id='word_1_687' title='bbox 1689 4467 1866 4542; x_wconf 80' lang='lat' dir='ltr'><strong><em>gravatum</em></strong></span> <span class='ocrx_word' id='word_1_688' title='bbox 1877 4458 1979 4523; x_wconf 87' lang='lat' dir='ltr'><strong><em>fuisse</em></strong></span> <span class='ocrx_word' id='word_1_689' title='bbox 1992 4457 2080 4536; x_wconf 92' lang='lat' dir='ltr'><strong><em>dicit,</em></strong></span> <span class='ocrx_word' id='word_1_690' title='bbox 2098 4456 2155 4521; x_wconf 90' lang='lat' dir='ltr'><strong><em>sed</em></strong></span> 
     </span>
     <span class='ocr_line' id='line_1_49' title="bbox 165 4539 2156 4642; baseline -0.003 -33"><span class='ocrx_word' id='word_1_691' title='bbox 165 4541 257 4642; x_wconf 70' lang='lat' dir='ltr'><strong><em>Ergo</em></strong></span> <span class='ocrx_word' id='word_1_692' title='bbox 280 4565 380 4628; x_wconf 89' lang='lat' dir='ltr'><strong><em>quum</em></strong></span> <span class='ocrx_word' id='word_1_693' title='bbox 399 4547 455 4613; x_wconf 88' lang='lat' dir='ltr'><strong><em>alii</em></strong></span> <span class='ocrx_word' id='word_1_694' title='bbox 471 4547 623 4614; x_wconf 76' lang='lat' dir='ltr'><strong><em>iomanes</em></strong></span> <span class='ocrx_word' id='word_1_695' title='bbox 640 4549 787 4615; x_wconf 91' lang='lat' dir='ltr'><strong><em>tribuant</em></strong></span> <span class='ocrx_word' id='word_1_696' title='bbox 803 4549 889 4633; x_wconf 89' lang='lat' dir='ltr'><strong><em>qnod</em></strong></span> <span class='ocrx_word' id='word_1_697' title='bbox 907 4550 1027 4616; x_wconf 88' lang='lat' dir='ltr'><strong><em>servati</em></strong></span> <span class='ocrx_word' id='word_1_698' title='bbox 1050 4559 1137 4628; x_wconf 88' lang='lat' dir='ltr'><strong><em>eunt,</em></strong></span> <span class='ocrx_word' id='word_1_699' title='bbox 1187 4545 1354 4611; x_wconf 89' lang='lat' dir='ltr'><strong><em>audaciam</em></strong></span> <span class='ocrx_word' id='word_1_700' title='bbox 1386 4565 1424 4610; x_wconf 87' lang='lat' dir='ltr'><strong><em>ac</em></strong></span> <span class='ocrx_word' id='word_1_701' title='bbox 1452 4543 1649 4626; x_wconf 87' lang='lat' dir='ltr'><strong><em>proterviam</em></strong></span> <span class='ocrx_word' id='word_1_702' title='bbox 1677 4544 1711 4608; x_wconf 91' lang='lat' dir='ltr'><strong><em>in</em></strong></span> <span class='ocrx_word' id='word_1_703' title='bbox 1734 4543 1873 4609; x_wconf 87' lang='lat' dir='ltr'><strong><em>testibus</em></strong></span> <span class='ocrx_word' id='word_1_704' title='bbox 1896 4552 2038 4621; x_wconf 89' lang='lat' dir='ltr'><strong><em>accusat,</em></strong></span> <span class='ocrx_word' id='word_1_705' title='bbox 2068 4539 2156 4624; x_wconf 91' lang='lat' dir='ltr'><strong><em>quod</em></strong></span> 
     </span>
     <span class='ocr_line' id='line_1_50' title="bbox 164 4625 2156 4726; baseline -0.001 -33"><span class='ocrx_word' id='word_1_706' title='bbox 164 4627 223 4693; x_wconf 84' lang='lat' dir='ltr'><strong><em>alie</em></strong></span> <span class='ocrx_word' id='word_1_707' title='bbox 245 4650 324 4696; x_wconf 88' lang='lat' dir='ltr'><strong><em>suae</em></strong></span> <span class='ocrx_word' id='word_1_708' title='bbox 345 4631 533 4709; x_wconf 87' lang='lat' dir='ltr'><strong><em>industriae,</em></strong></span> <span class='ocrx_word' id='word_1_709' title='bbox 560 4634 656 4716; x_wconf 87' lang='lat' dir='ltr'><strong><em>pauci</em></strong></span> <span class='ocrx_word' id='word_1_710' title='bbox 684 4634 857 4700; x_wconf 91' lang='lat' dir='ltr'><strong><em>admodum</em></strong></span> <span class='ocrx_word' id='word_1_711' title='bbox 880 4636 1042 4719; x_wconf 77' lang='lat' dir='ltr'><strong><em>integram</em></strong></span> <span class='ocrx_word' id='word_1_712' title='bbox 1064 4634 1137 4700; x_wconf 92' lang='lat' dir='ltr'><strong><em>Deo</em></strong></span> <span class='ocrx_word' id='word_1_713' title='bbox 1188 4631 1348 4697; x_wconf 88' lang='lat' dir='ltr'><strong><em>violenter</em></strong></span> <span class='ocrx_word' id='word_1_714' title='bbox 1366 4632 1580 4696; x_wconf 85' lang='lat' dir='ltr'><strong><em>surrexerint.</em></strong></span> <span class='ocrx_word' id='word_1_715' title='bbox 1611 4628 1686 4695; x_wconf 89' lang='lat' dir='ltr'><strong><em>Huc</em></strong></span> <span class='ocrx_word' id='word_1_716' title='bbox 1703 4629 1848 4713; x_wconf 88' lang='lat' dir='ltr'><strong><em>pertinet</em></strong></span> <span class='ocrx_word' id='word_1_717' title='bbox 1865 4629 1950 4711; x_wconf 91' lang='lat' dir='ltr'><strong><em>quod</em></strong></span> <span class='ocrx_word' id='word_1_718' title='bbox 1972 4627 2072 4705; x_wconf 90' lang='lat' dir='ltr'><strong><em>addit,</em></strong></span> <span class='ocrx_word' id='word_1_719' title='bbox 2093 4625 2156 4726; x_wconf 80' lang='lat' dir='ltr'><strong><em>cibi</em></strong></span> 
     </span>
     <span class='ocr_line' id='line_1_51' title="bbox 163 4712 2155 4811; baseline -0.001 -33"><span class='ocrx_word' id='word_1_720' title='bbox 163 4712 299 4782; x_wconf 87' lang='lat' dir='ltr'><strong><em>laudem</em></strong></span> <span class='ocrx_word' id='word_1_721' title='bbox 317 4717 472 4785; x_wconf 90' lang='lat' dir='ltr'><strong><em>reddent:</em></strong></span> <span class='ocrx_word' id='word_1_722' title='bbox 494 4718 606 4785; x_wconf 87' lang='lat' dir='ltr'><strong><em>David</em></strong></span> <span class='ocrx_word' id='word_1_723' title='bbox 629 4720 682 4785; x_wconf 92' lang='lat' dir='ltr'><strong><em>hic</em></strong></span> <span class='ocrx_word' id='word_1_724' title='bbox 703 4741 739 4786; x_wconf 88' lang='lat' dir='ltr'><strong><em>se</em></strong></span> <span class='ocrx_word' id='word_1_725' title='bbox 761 4730 911 4804; x_wconf 88' lang='lat' dir='ltr'><strong><em>acceptae</em></strong></span> <span class='ocrx_word' id='word_1_726' title='bbox 928 4721 1054 4805; x_wconf 85' lang='lat' dir='ltr'><strong><em>gratiae</em></strong></span> <span class='ocrx_word' id='word_1_727' title='bbox 1072 4741 1137 4786; x_wconf 92' lang='lat' dir='ltr'><strong><em>ma-</em></strong></span> <span class='ocrx_word' id='word_1_728' title='bbox 1186 4737 1266 4800; x_wconf 87' lang='lat' dir='ltr'><strong><em>quac</em></strong></span> <span class='ocrx_word' id='word_1_729' title='bbox 1304 4716 1457 4782; x_wconf 73' lang='lat' dir='ltr'><strong><em>naccum</em></strong></span> <span class='ocrx_word' id='word_1_730' title='bbox 1495 4715 1611 4780; x_wconf 86' lang='lat' dir='ltr'><strong><em>obiecta</em></strong></span> <span class='ocrx_word' id='word_1_731' title='bbox 1635 4714 1746 4797; x_wconf 72' lang='lat' dir='ltr'><strong><em>fuisso.</em></strong></span> <span class='ocrx_word' id='word_1_732' title='bbox 1801 4714 1874 4779; x_wconf 92' lang='lat' dir='ltr'><strong><em>Non</em></strong></span> <span class='ocrx_word' id='word_1_733' title='bbox 1904 4734 1981 4797; x_wconf 80' lang='lat' dir='ltr'><strong><em>ergo</em></strong></span> <span class='ocrx_word' id='word_1_734' title='bbox 2015 4714 2155 4811; x_wconf 70' lang='lat' dir='ltr'><strong><em>tertuum</em></strong></span> 
     </span>
     <span class='ocr_line' id='line_1_52' title="bbox 164 4797 2155 4890; baseline 0 -27"><span class='ocrx_word' id='word_1_735' title='bbox 164 4819 290 4866; x_wconf 88' lang='lat' dir='ltr'><strong><em>moram</em></strong></span> <span class='ocrx_word' id='word_1_736' title='bbox 318 4804 387 4870; x_wconf 85' lang='lat' dir='ltr'><strong><em>fore</em></strong></span> <span class='ocrx_word' id='word_1_737' title='bbox 420 4807 547 4872; x_wconf 90' lang='lat' dir='ltr'><strong><em>asserit.</em></strong></span> <span class='ocrx_word' id='word_1_738' title='bbox 590 4806 712 4871; x_wconf 83' lang='lat' dir='ltr'><strong><em>Anime</em></strong></span> <span class='ocrx_word' id='word_1_739' title='bbox 740 4828 823 4887; x_wconf 91' lang='lat' dir='ltr'><strong><em>mee,</em></strong></span> <span class='ocrx_word' id='word_1_740' title='bbox 856 4807 973 4890; x_wconf 87' lang='lat' dir='ltr'><strong><em>inquit,</em></strong></span> <span class='ocrx_word' id='word_1_741' title='bbox 1007 4827 1072 4872; x_wconf 93' lang='lat' dir='ltr'><strong><em>non</em></strong></span> <span class='ocrx_word' id='word_1_742' title='bbox 1100 4807 1135 4871; x_wconf 93' lang='lat' dir='ltr'><strong><em>in</em></strong></span> <span class='ocrx_word' id='word_1_743' title='bbox 1187 4812 1317 4868; x_wconf 89' lang='lat' dir='ltr'><strong><em>tentum</em></strong></span> <span class='ocrx_word' id='word_1_744' title='bbox 1330 4802 1488 4885; x_wconf 88' lang='lat' dir='ltr'><strong><em>spoliatus</em></strong></span> <span class='ocrx_word' id='word_1_745' title='bbox 1508 4801 1572 4866; x_wconf 89' lang='lat' dir='ltr'><strong><em>fuit</em></strong></span> <span class='ocrx_word' id='word_1_746' title='bbox 1592 4799 1713 4877; x_wconf 87' lang='lat' dir='ltr'><strong><em>David,</em></strong></span> <span class='ocrx_word' id='word_1_747' title='bbox 1737 4809 1769 4864; x_wconf 91' lang='lat' dir='ltr'><strong><em>et</em></strong></span> <span class='ocrx_word' id='word_1_748' title='bbox 1790 4801 1825 4863; x_wconf 91' lang='lat' dir='ltr'><strong><em>in</em></strong></span> <span class='ocrx_word' id='word_1_749' title='bbox 1848 4799 1998 4864; x_wconf 88' lang='lat' dir='ltr'><strong><em>exsilium</em></strong></span> <span class='ocrx_word' id='word_1_750' title='bbox 2020 4797 2155 4882; x_wconf 80' lang='lat' dir='ltr'><strong><em>indigne</em></strong></span> 
     </span>
     <span class='ocr_line' id='line_1_53' title="bbox 164 4884 2155 4976; baseline -0.001 -27"><span class='ocrx_word' id='word_1_751' title='bbox 164 4884 358 4954; x_wconf 89' lang='lat' dir='ltr'><strong><em>liberatione</em></strong></span> <span class='ocrx_word' id='word_1_752' title='bbox 378 4891 440 4957; x_wconf 88' lang='lat' dir='ltr'><strong><em>sibi</em></strong></span> <span class='ocrx_word' id='word_1_753' title='bbox 462 4892 585 4976; x_wconf 83' lang='lat' dir='ltr'><strong><em>ignote,</em></strong></span> <span class='ocrx_word' id='word_1_754' title='bbox 613 4890 668 4958; x_wconf 87' lang='lat' dir='ltr'><strong><em>sed</em></strong></span> <span class='ocrx_word' id='word_1_755' title='bbox 691 4893 726 4957; x_wconf 90' lang='lat' dir='ltr'><strong><em>in</em></strong></span> <span class='ocrx_word' id='word_1_756' title='bbox 738 4892 802 4956; x_wconf 90' lang='lat' dir='ltr'><strong><em>Dei</em></strong></span> <span class='ocrx_word' id='word_1_757' title='bbox 824 4892 930 4958; x_wconf 85' lang='lat' dir='ltr'><strong><em>seluta</em></strong></span> <span class='ocrx_word' id='word_1_758' title='bbox 952 4891 1134 4958; x_wconf 86' lang='lat' dir='ltr'><strong><em>laetabitur.</em></strong></span> <span class='ocrx_word' id='word_1_759' title='bbox 1186 4890 1318 4967; x_wconf 89' lang='lat' dir='ltr'><strong><em>eiectus,</em></strong></span> <span class='ocrx_word' id='word_1_760' title='bbox 1346 4887 1524 4953; x_wconf 88' lang='lat' dir='ltr'><strong><em>sedetiam</em></strong></span> <span class='ocrx_word' id='word_1_761' title='bbox 1546 4886 1629 4952; x_wconf 89' lang='lat' dir='ltr'><strong><em>iuris</em></strong></span> <span class='ocrx_word' id='word_1_762' title='bbox 1651 4894 1822 4968; x_wconf 82' lang='lat' dir='ltr'><strong><em>praetextu</em></strong></span> <span class='ocrx_word' id='word_1_763' title='bbox 1844 4893 1998 4949; x_wconf 89' lang='lat' dir='ltr'><strong><em>oneratus</em></strong></span> <span class='ocrx_word' id='word_1_764' title='bbox 2020 4885 2155 4948; x_wconf 85' lang='lat' dir='ltr'><strong><em>infamia</em></strong></span> 
     </span>
     <span class='ocr_line' id='line_1_54' title="bbox 166 4968 2155 5062; baseline -0.002 -24"><span class='ocrx_word' id='word_1_765' title='bbox 166 4968 235 5038; x_wconf 77' lang='lat' dir='ltr'><strong><em>Sec</em></strong></span> <span class='ocrx_word' id='word_1_766' title='bbox 260 4975 481 5060; x_wconf 87' lang='lat' dir='ltr'><strong><em>amplificandi</em></strong></span> <span class='ocrx_word' id='word_1_767' title='bbox 503 4998 601 5045; x_wconf 86' lang='lat' dir='ltr'><strong><em>cauae</em></strong></span> <span class='ocrx_word' id='word_1_768' title='bbox 625 4979 835 5060; x_wconf 89' lang='lat' dir='ltr'><strong><em>praeconium</em></strong></span> <span class='ocrx_word' id='word_1_769' title='bbox 858 4978 980 5062; x_wconf 80' lang='lat' dir='ltr'><strong><em>gloriae</em></strong></span> <span class='ocrx_word' id='word_1_770' title='bbox 1001 4978 1065 5043; x_wconf 91' lang='lat' dir='ltr'><strong><em>Dei</em></strong></span> <span class='ocrx_word' id='word_1_771' title='bbox 1094 4977 1134 5042; x_wconf 88' lang='lat' dir='ltr'><strong><em>ed</em></strong></span> <span class='ocrx_word' id='word_1_772' title='bbox 1185 4985 1219 5041; x_wconf 89' lang='lat' dir='ltr'><strong><em>et</em></strong></span> <span class='ocrx_word' id='word_1_773' title='bbox 1247 4973 1385 5058; x_wconf 90' lang='lat' dir='ltr'><strong><em>probris.</em></strong></span> <span class='ocrx_word' id='word_1_774' title='bbox 1435 4972 1478 5039; x_wconf 92' lang='lat' dir='ltr'><strong><em>In</em></strong></span> <span class='ocrx_word' id='word_1_775' title='bbox 1505 4974 1565 5038; x_wconf 89' lang='lat' dir='ltr'><strong><em>has</em></strong></span> <span class='ocrx_word' id='word_1_776' title='bbox 1594 4972 1764 5055; x_wconf 82' lang='lat' dir='ltr'><strong><em>angustias</em></strong></span> <span class='ocrx_word' id='word_1_777' title='bbox 1793 4971 1968 5047; x_wconf 89' lang='lat' dir='ltr'><strong><em>coniectus,</em></strong></span> <span class='ocrx_word' id='word_1_778' title='bbox 2001 4978 2091 5035; x_wconf 87' lang='lat' dir='ltr'><strong><em>reete</em></strong></span> <span class='ocrx_word' id='word_1_779' title='bbox 2118 4989 2155 5035; x_wconf 85' lang='lat' dir='ltr'><strong><em>se</em></strong></span> 
     </span>
     <span class='ocr_line' id='line_1_55' title="bbox 163 5055 2153 5149; baseline -0.002 -25"><span class='ocrx_word' id='word_1_780' title='bbox 163 5078 311 5127; x_wconf 75' lang='lat' dir='ltr'><strong><em>ensesue</em></strong></span> <span class='ocrx_word' id='word_1_781' title='bbox 321 5065 487 5140; x_wconf 82' lang='lat' dir='ltr'><strong><em>transfert,</em></strong></span> <span class='ocrx_word' id='word_1_782' title='bbox 505 5084 543 5129; x_wconf 95' lang='lat' dir='ltr'><strong><em>ec</em></strong></span> <span class='ocrx_word' id='word_1_783' title='bbox 560 5064 587 5128; x_wconf 87' lang='lat' dir='ltr'><strong><em>si</em></strong></span> <span class='ocrx_word' id='word_1_784' title='bbox 604 5064 734 5149; x_wconf 79' lang='lat' dir='ltr'><strong><em>linguae</em></strong></span> <span class='ocrx_word' id='word_1_785' title='bbox 749 5064 856 5128; x_wconf 89' lang='lat' dir='ltr'><strong><em>officio</em></strong></span> <span class='ocrx_word' id='word_1_786' title='bbox 871 5083 937 5128; x_wconf 93' lang='lat' dir='ltr'><strong><em>non</em></strong></span> <span class='ocrx_word' id='word_1_787' title='bbox 951 5070 1133 5142; x_wconf 90' lang='lat' dir='ltr'><strong><em>contentus,</em></strong></span> <span class='ocrx_word' id='word_1_788' title='bbox 1184 5061 1227 5126; x_wconf 90' lang='lat' dir='ltr'><strong><em>ed</em></strong></span> <span class='ocrx_word' id='word_1_789' title='bbox 1248 5061 1357 5126; x_wconf 91' lang='lat' dir='ltr'><strong><em>Deum</em></strong></span> <span class='ocrx_word' id='word_1_790' title='bbox 1380 5060 1526 5138; x_wconf 91' lang='lat' dir='ltr'><strong><em>contulit,</em></strong></span> <span class='ocrx_word' id='word_1_791' title='bbox 1555 5057 1762 5123; x_wconf 90' lang='lat' dir='ltr'><strong><em>innocentiae</em></strong></span> <span class='ocrx_word' id='word_1_792' title='bbox 1789 5077 1867 5122; x_wconf 87' lang='lat' dir='ltr'><strong><em>enee</em></strong></span> <span class='ocrx_word' id='word_1_793' title='bbox 1897 5055 2061 5122; x_wconf 91' lang='lat' dir='ltr'><strong><em>vindicem</em></strong></span> <span class='ocrx_word' id='word_1_794' title='bbox 2083 5076 2153 5139; x_wconf 90' lang='lat' dir='ltr'><strong><em>spe·</em></strong></span> 
     </span>
     <span class='ocr_line' id='line_1_56' title="bbox 162 5146 2137 5233; baseline 0.004 -23"><span class='ocrx_word' id='word_1_795' title='bbox 162 5146 276 5212; x_wconf 91' lang='lat' dir='ltr'><strong><em>omnia</em></strong></span> <span class='ocrx_word' id='word_1_796' title='bbox 293 5149 438 5232; x_wconf 86' lang='lat' dir='ltr'><strong><em>corporis</em></strong></span> <span class='ocrx_word' id='word_1_797' title='bbox 456 5150 507 5215; x_wconf 90' lang='lat' dir='ltr'><strong><em>sui</em></strong></span> <span class='ocrx_word' id='word_1_798' title='bbox 529 5150 676 5215; x_wconf 90' lang='lat' dir='ltr'><strong><em>membre</em></strong></span> <span class='ocrx_word' id='word_1_799' title='bbox 697 5149 875 5233; x_wconf 86' lang='lat' dir='ltr'><strong><em>applicaret</em></strong></span> <span class='ocrx_word' id='word_1_800' title='bbox 893 5147 933 5214; x_wconf 92' lang='lat' dir='ltr'><strong><em>ed</em></strong></span> <span class='ocrx_word' id='word_1_801' title='bbox 952 5149 1132 5215; x_wconf 89' lang='lat' dir='ltr'><strong><em>canendam</em></strong></span> <span class='ocrx_word' id='word_1_802' title='bbox 2134 5216 2137 5224; x_wconf 87' lang='grc'><strong>,</strong></span> 
     </span>
     <span class='ocr_line' id='line_1_57' title="bbox 164 5231 2152 5321; baseline 0.001 -25"><span class='ocrx_word' id='word_1_803' title='bbox 164 5231 231 5297; x_wconf 90' lang='lat' dir='ltr'><strong><em>Dei</em></strong></span> <span class='ocrx_word' id='word_1_804' title='bbox 248 5232 388 5302; x_wconf 85' lang='lat' dir='ltr'><strong><em>laudem.</em></strong></span> <span class='ocrx_word' id='word_1_805' title='bbox 409 5235 483 5300; x_wconf 84' lang='lat' dir='ltr'><strong><em>Etsi</em></strong></span> <span class='ocrx_word' id='word_1_806' title='bbox 501 5246 609 5301; x_wconf 88' lang='lat' dir='ltr'><strong><em>eutem</em></strong></span> <span class='ocrx_word' id='word_1_807' title='bbox 627 5235 835 5321; x_wconf 81' lang='lat' dir='ltr'><strong><em>hyperbolice</em></strong></span> <span class='ocrx_word' id='word_1_808' title='bbox 852 5234 1004 5318; x_wconf 91' lang='lat' dir='ltr'><strong><em>loquitur,</em></strong></span> <span class='ocrx_word' id='word_1_809' title='bbox 1024 5246 1132 5301; x_wconf 91' lang='lat' dir='ltr'><strong><em>temen</em></strong></span> <span class='ocrx_word' id='word_1_810' title='bbox 1271 5248 1300 5319; x_wconf 75' lang='grc' dir='ltr'><strong><em>Ι’)</em></strong></span> <span class='ocrx_word' id='word_1_811' title='bbox 1317 5264 1387 5319; x_wconf 81' lang='lat' dir='ltr'><strong><em>pour</em></strong></span> <span class='ocrx_word' id='word_1_812' title='bbox 1404 5247 1522 5302; x_wconf 81' lang='lat' dir='ltr'><strong><em>dssnnsr</em></strong></span> <span class='ocrx_word' id='word_1_813' title='bbox 1539 5263 1603 5301; x_wconf 88' lang='lat' dir='ltr'><strong><em>mon</em></strong></span> <span class='ocrx_word' id='word_1_814' title='bbox 1620 5260 1689 5313; x_wconf 84' lang='lat' dir='ltr'><strong><em>ems,</em></strong></span> <span class='ocrx_word' id='word_1_815' title='bbox 1715 5260 1749 5300; x_wconf 86' lang='lat' dir='ltr'><strong><em>m</em></strong></span> <span class='ocrx_word' id='word_1_816' title='bbox 1766 5260 1874 5315; x_wconf 76' lang='lat' dir='ltr'><strong><em>marce.-</em></strong></span> <span class='ocrx_word' id='word_1_817' title='bbox 1897 5261 1931 5298; x_wconf 88' lang='lat' dir='ltr'><strong><em>cu</em></strong></span> <span class='ocrx_word' id='word_1_818' title='bbox 1958 5245 2152 5300; x_wconf 76' lang='lat' dir='ltr'><strong><em>dcsmntcrtsr.</em></strong></span> 
     </span>
    </p>
   </div>
   <div class='ocr_carea' id='block_1_3' title="bbox 0 0 2336 5856">
    <p class='ocr_par' dir='ltr' id='par_1_7' title="bbox 0 0 2336 5856">
     <span class='ocr_line' id='line_1_58' title="bbox 0 0 2336 5856; baseline 0 0"><span class='ocrx_word' id='word_1_819' title='bbox 0 0 2336 5856; x_wconf 95' lang='lat' dir='ltr'><strong><em> </em></strong></span> 
     </span>
    </p>
   </div>
  </div>
 </body>
</html>
