4658 5856
172 337 236 405 725
949 333 1168 406 Putamus
1191 335 1391 403 LXXVIII.
2100 341 2162 408 tae

168 528 301 613 geniem
325 528 529 594 vitiosiorem.
561 526 649 610 Quid
673 549 750 612 ergo
773 530 865 594 lieret
889 529 951 593 nisi
972 549 1140 594 succurre·
1191 526 1482 611 comprehenderit.
1517 525 1659 606 Quidam
1684 528 1877 609 interpretes
1900 531 1941 595 ad
1963 529 2088 595 cladem
2112 552 2163 596 re·

169 627 222 679 ret
241 615 331 680 Deus
354 614 475 678 mundo
497 615 543 678 ita
559 614 596 690 iu
614 615 757 680 deterius
776 614 921 680 lebenti?
945 613 1016 679 lem
1037 636 1139 697 quum
1191 613 1303 678 ferunt
1324 633 1407 696 quae
1429 635 1448 677 a
1471 612 1620 678 Githaeis
1649 613 1741 678 illata
1764 615 1824 678 fuit
1844 636 1944 697 qnam
1968 616 2007 680 ad
2031 637 2162 697 recupa-

170 720 212 765 ex
251 712 380 780 petram
417 700 541 765 malitia
574 709 607 763 et
641 702 801 784 pravitate
834 701 948 766 doceat
979 703 1140 785 propheta
1192 699 1295 764 rande
1323 699 1424 783 spolie
1454 697 1584 763 obviam
1608 699 1684 765 filiis
1708 700 1864 782 Ephraim
1889 704 2050 786 progressi
2074 713 2160 767 sant.

168 806 316 852 severam
339 786 542 869 disciplinam
565 783 696 851 Indaeis
719 788 933 852 necessariam
953 808 1032 863 esse,
1055 809 1139 870 qnae
1192 786 1220 849 1.
1251 786 1326 852 Per.
1356 785 1384 863 7,
1413 783 1465 849 20.
1518 783 1614 864 Quod
1646 786 1745 850 nimis
1774 787 1958 852 restrictum
1991 801 2049 865 est,
2086 809 2160 852 nam

169 872 306 935 amalis
328 872 486 954 exemplis
509 892 563 936 eos
582 884 721 947 revocet,
746 873 822 938 hinc
840 873 1023 955 colligimus
1040 894 1138 955 quam
1190 872 1259 935 fieri
1290 881 1455 954 potestat
1478 891 1615 954 regnum
1637 870 1750 951 Israel,
1780 894 1842 955 quo
1866 888 2009 955 tempore
2032 895 2161 956 campa·

168 957 269 1023 stulte
297 956 359 1020 sibi
387 957 529 1023 mundus
552 957 747 1037 persuadeat
769 959 1137 1040 petrumimitetionem
1189 958 1271 1023 situs
1300 959 1362 1022 luit
1391 956 1552 1030 Psalmns,
1581 957 1758 1039 collapsum
1789 971 1822 1021 et
1852 981 1970 1042 magna
1997 982 2037 1023 ex
2070 970 2161 1042 parte

169 1044 273 1108 instar
301 1064 371 1108 esse
402 1043 492 1127 logis.
537 1042 606 1107 Nea
628 1065 705 1108 vero
729 1044 769 1108 de
791 1044 986 1127 quibuslibet
1009 1046 1137 1128 populis
1189 1042 1333 1108 dirutum
1363 1043 1469 1107 luerit.
1516 1042 1589 1106 Non
1620 1044 1705 1107 male
1734 1043 1833 1126 igitur
1856 1046 1912 1109 alii
1934 1045 2162 1128 synecdochen

169 1128 222 1193 hia
251 1129 320 1211 agit
349 1129 516 1209 propheta,
546 1129 603 1192 sed
633 1130 673 1193 de
702 1143 815 1195 sanato
839 1142 873 1193 ct
894 1130 996 1194 eiecto
1020 1152 1138 1213 genere
1189 1149 1259 1194 esse
1290 1130 1446 1205 sentiunt,
1476 1139 1509 1192 st
1537 1128 1620 1193 filios
1644 1128 1802 1210 Ephraim
1829 1131 1992 1212 accipiunt
2015 1153 2071 1212 pro
2094 1139 2161 1195 toto

167 1213 340 1279 Abrahae:
365 1235 424 1280 nec
446 1235 567 1298 paucos
589 1226 717 1279 tantum
737 1216 937 1298 perstringit,
961 1215 1018 1280 sed
1037 1227 1136 1281 totam
1190 1215 1325 1297 populo:
1357 1215 1419 1278 nisi
1448 1212 1533 1296 quod
1560 1213 1798 1279 inconsiderate
1829 1229 2039 1297 praetereant
2063 1216 2161 1281 luisse

167 1300 236 1364 lere
264 1308 406 1382 gentem,
438 1299 472 1364 in
497 1319 562 1382 qna
584 1301 704 1383 passim
728 1311 795 1364 tem
819 1301 1009 1383 pervicacia,
1039 1322 1137 1384 quam
1190 1301 1266 1365 deta
1287 1320 1383 1383 opere
1405 1301 1597 1374 nominatos,
1626 1301 1704 1382 quia
1726 1301 1798 1365 aliis
1821 1301 1951 1366 luerent
1973 1302 2160 1366 deiectionis

166 1384 288 1450 oblivio
321 1388 445 1469 gratiae
473 1385 538 1450 Dei
571 1399 605 1449 st
638 1385 761 1468 perfida
792 1386 956 1451 simulatio
990 1396 1137 1470 grassata

166 1471 240 1537 fuit.
276 1471 344 1538 Nec
369 1474 465 1538 unius
488 1484 613 1536 tentum
632 1472 749 1536 aetatis
770 1487 880 1554 patres
897 1485 1136 1553 commemorat,

166 1557 224 1622 sed
255 1557 386 1641 longam
415 1558 641 1641 antiquitatem
671 1558 905 1640 complectitur,
936 1581 976 1623 ne
999 1581 1039 1623 ex
1063 1580 1136 1642 pea-

166 1641 261 1708 cendi
294 1652 455 1709 vetustate
484 1652 633 1726 captatur
662 1642 816 1709 defensio.
859 1643 969 1724 Quare
995 1645 1137 1711 delectas

167 1728 346 1812 prudenter
370 1730 538 1794 habendus
560 1738 610 1793 est
631 1729 719 1793 inter
742 1741 860 1812 patres,
885 1751 1041 1812 quasnam
1063 1732 1135 1795 imi-

167 1817 228 1879 tari
259 1814 421 1897 expediet.
464 1815 509 1880 Et
538 1816 614 1897 quia
643 1815 773 1880 difficile
803 1815 972 1881 revellitur
1001 1838 1137 1900 praepo·

165 1908 254 1965 stara
289 1900 348 1965 illa
381 1908 512 1982 petrum
545 1901 738 1983 aemulatio,
779 1922 918 1983 quorum
952 1903 1137 1967 reverentia

165 1986 361 2051 naturaliter
383 1986 530 2070 ingenita
553 1996 611 2062 est,
634 1985 782 2069 pluribus
807 1988 915 2052 verbis
936 2009 1048 2052 earum
1067 2010 1135 2053 ecc·

166 2071 234 2135 lera
264 2071 423 2154 propheta
455 2085 641 2155 exaggerat,
671 2073 877 2154 apostasiam,
907 2074 1134 2152 irritationem,

165 2157 346 2240 perfidiam,
369 2167 403 2222 et
427 2157 616 2241 hypocrisin
639 2158 856 2240 exprobrans:
879 2180 961 2241 qnae
979 2161 1042 2224 etsi
1061 2183 1135 2243 gra·

166 2243 300 2307 sissima
329 2244 396 2308 sint
426 2242 553 2325 probra,
584 2243 714 2308 modum
746 2257 854 2308 tamen
883 2266 947 2308 non
970 2246 1136 2325 excedere,

164 2350 207 2393 ex
237 2338 393 2393 contextu
423 2348 501 2393 mox
529 2329 659 2411 patebit.
706 2329 852 2395 Verbum
879 2341 972 2442 pm.
1003 2342 1136 2396 vertunt

165 2412 222 2478 alii
250 2413 412 2479 stabilire:
441 2415 498 2479 sed
522 2434 594 2479 meo
617 2415 736 2481 indicio
758 2416 866 2499 potius
890 2418 1042 2500 iutelligit
1064 2437 1135 2499 pro·

165 2500 267 2582 pheta
285 2521 342 2582 per
360 2499 508 2583 obliquos
528 2521 674 2566 recessus
691 2522 820 2584 semper
837 2502 940 2567 aDeo
955 2503 1134 2568 deflexisse.

169 2585 314 2650 Verbum
337 2587 436 2650 etiam
458 2598 585 2669 mma)
607 2585 737 2669 quidam
759 2588 922 2670 accipiant
945 2608 1003 2670 pro
1020 2588 1134 2654 inniti:

164 2671 222 2736 scd
252 2672 371 2736 rectior
392 2681 442 2737 est
463 2675 567 2736 altera
588 2673 823 2755 interpretatio,
853 2694 917 2738 non
941 2674 1040 2739 faisse
1062 2695 1135 2740 con·

164 2766 291 2822 stanter
313 2769 347 2822 et
369 2757 537 2822 bonafide
559 2757 705 2824 addictos
726 2757 809 2836 Dea,
837 2759 892 2842 qai
914 2769 1025 2824 tamen
1048 2761 1134 2826 iura·

165 2855 281 2907 verant
313 2843 348 2907 in
378 2844 448 2908 eius
479 2864 608 2908 nomen.
658 2844 760 2908 Porro
788 2844 874 2927 qnod
903 2867 944 2910 cx
977 2846 1035 2911 hac
1065 2845 1134 2912 loco

164 2927 324 3011 eolligunt
348 2929 501 3011 papistae,
531 2950 602 2994 esse
625 2931 658 2994 in
681 2929 823 2995 hominis
845 2930 979 2996 arbitria
1001 2932 1134 2996 flectere

162 3033 229 3089 cor,
262 3034 300 3079 aa
327 3013 469 3098 dirigere
497 3016 533 3079 in
562 3024 734 3098 utramque
768 3028 904 3098 partem,
936 3016 1053 3081 frivole
1085 3028 1134 3081 est

163 3101 403 3182 consequentia.
458 3099 619 3180 Quamvis
658 3102 745 3165 enim
785 3105 856 3166 inre
888 3102 1048 3184 propheta
1081 3125 1134 3168 ecs

162 3194 293 3251 accuset
321 3186 376 3267 qui
405 3206 460 3251 cor
487 3207 583 3250 sunm
607 3207 671 3250 nan
694 3185 901 3251 direxerunt:
934 3200 1133 3253 nontamen

163 3291 207 3335 ex
235 3271 380 3353 professo
409 3271 538 3336 disserit
566 3271 645 3354 quid
667 3292 686 3335 a
708 3293 743 3336 se
765 3271 845 3354 ipsis
873 3272 1016 3336 valeant.
1061 3274 1133 3339 Etsi

163 3357 253 3421 enim
287 3357 453 3439 proprium
489 3356 552 3422 Dei
585 3378 667 3506 opas
695 3357 756 3433 sit,
788 3358 964 3423 intrinseco
997 3359 1134 3441 spiritns

163 3454 254 3507 motu
276 3452 467 3508 convertere
488 3442 529 3507 ad
551 3464 586 3508 se
632 3442 777 3508 aminum
799 3444 905 3521 corda,
936 3464 1001 3509 non
1024 3458 1133 3509 temen

162 3548 184 3592 a
211 3527 307 3610 culpa
336 3528 531 3608 eximentur,
562 3529 613 3593 vel
634 3548 774 3611 poenam
796 3529 953 3613 effugient
974 3551 1055 3612 quos
1075 3551 1135 3596 sue

162 3612 262 3678 libido
292 3621 325 3678 et
354 3613 498 3695 pravitas
527 3612 590 3678 alio
618 3614 729 3679 trahit.
773 3612 946 3679 Caeterum
975 3637 1016 3680 cx
1047 3617 1134 3682 vitiis

163 3718 247 3781 qaae
276 3698 328 3764 hio
359 3711 523 3775 notantur,
554 3698 743 3766 discendum
767 3710 815 3764 est
838 3700 978 3782 qualiter
1000 3723 1019 3766 a
1043 3702 1134 3768 nobis

162 3784 224 3850 coli
256 3785 346 3849 Deus
374 3785 464 3850 velit.
516 3785 628 3850 Primo
659 3785 745 3850 enim
776 3784 921 3867 deposita
952 3788 1134 3869 pervicacia

161 3868 276 3954 iugum
300 3873 370 3935 eius
390 3869 595 3935 subeundum
617 3880 681 3936 est:
703 3869 820 3935 deinde
838 3871 1023 3938 induendus
1040 3895 1132 3937 man·

162 3955 345 4021 suetudinis
366 3956 510 4038 spiritns,
534 3955 639 4021 cardis
662 3955 798 4021 allectus
812 3958 847 4021 in
865 3956 926 4021 Dei
943 3958 1132 4042 obsequium

162 4040 353 4120 ordinandi,
390 4052 422 4105 et
452 4042 607 4107 sectanda
635 4040 812 4106 rectitudo:
845 4052 879 4107 et
907 4043 1038 4126 quidem
1068 4066 1132 4108 nan

163 4125 303 4191 evanida
325 4129 461 4202 fervore,
483 4126 541 4191 sed
563 4127 688 4193 sincera
710 4129 900 4194 constantia.

249 4210 279 4276 9.
302 4210 399 4295 (Filii
421 4211 614 4362 Epirota&
646 4212 842 4295 Exemplum
873 4213 961 4279 illius
990 4213 1131 4295 infideli?

162 4299 239 4363 tatis
261 4298 412 4380 proponit
436 4301 469 4362 in
492 4298 567 4363 filiis
617 4297 752 4381 phreim.
792 4298 837 4364 Et
854 4302 931 4383 quia
954 4322 1018 4365 nau
1038 4301 1131 4366 facile

161 4383 300 4465 simplici
324 4383 472 4450 doctrina
493 4384 692 4466 resipiscunt
712 4386 768 4466 qui
786 4386 995 4468 pertinaciter
1012 4386 1132 4453 addicti

162 4481 241 4532 sunt
264 4469 358 4545 malo,
388 4492 428 4535 ex
456 4468 569 4553 paenis
596 4491 616 4533 a
643 4470 714 4534 Deo
740 4470 873 4536 inflictis
903 4474 1018 4555 probat
1047 4473 1132 4537 filios

161 4553 323 4636 Ephraim
365 4555 520 4638 reprobos
558 4555 667 4620 luisse.
722 4555 807 4620 Nam
848 4579 947 4640 quum
989 4558 1132 4623 bellicosi

162 4652 289 4715 essent,
331 4641 463 4724 signum
502 4642 570 4705 irae
602 4639 666 4704 Dei
699 4639 776 4717 luit,
809 4651 902 4726 terge
935 4654 1064 4708 vertere
1097 4645 1131 4707 in

163 4726 293 4807 proelio,
316 4748 354 4791 aa
376 4725 495 4791 diserte
516 4726 672 4808 exprimit
693 4727 865 4808 sagittandi
888 4729 985 4794 luisse
999 4730 1134 4810 peritos:

162 4810 240 4893 quia
270 4810 441 4876 absurdius
467 4822 517 4877 est
539 4823 627 4875 metu
650 4813 756 4896 iugari
778 4815 833 4896 qui
855 4813 895 4878 ed
919 4815 1029 4879 hostes
1051 4814 1130 4879 emi-

1189 1400 1328 1464 autores,
1357 1406 1456 1467 quum
1487 1385 1657 1450 Iarabeam
1691 1385 1812 1450 vitulos
1844 1389 1957 1451 erexit.
2003 1388 2161 1452 Memoria

1189 1472 1275 1536 enim
1311 1485 1419 1536 tauers
1452 1473 1608 1536 convenit
1640 1471 1725 1553 quod
1753 1472 1912 1549 diximus,
1946 1473 2031 1538 circa
2060 1474 2160 1537 finem

1189 1579 1253 1621 non
1277 1559 1397 1622 frustra
1419 1558 1560 1622 conferri
1583 1559 1745 1638 repulsam
1766 1557 1887 1622 tribum
1907 1559 2066 1640 Ephraim
2086 1579 2161 1622 cum

1188 1644 1345 1708 electione
1387 1644 1491 1708 tribus
1524 1643 1684 1708 Ichadah.
1738 1642 1880 1726 Ideoque
1914 1665 2002 1710 nnnc
2035 1664 2161 1727 qaoque

1189 1730 1228 1794 de
1259 1729 1334 1794 filiis
1365 1728 1521 1810 Ephraim
1552 1729 1770 1809 comparative
1798 1750 1905 1793 sermo
1936 1728 2090 1812 habetur,
2124 1741 2162 1793 ut

1188 1837 1284 1879 veras
1307 1814 1460 1880 Abrahae
1489 1814 1574 1879 filias
1604 1814 1777 1879 admoneat
1799 1835 1911 1879 eorum
1934 1815 2082 1899 exemplo
2105 1815 2161 1898 qui

1187 1923 1223 1966 se
1251 1901 1291 1965 ab
1320 1900 1456 1966 ecclesia
1484 1900 1726 1976 abdicaverant,
1756 1913 1788 1964 et
1810 1922 1845 1965 se
1869 1915 1975 1965 tamen
1997 1902 2162 1967 iactabant

1188 1988 1278 2051 inani
1308 1987 1462 2051 ecclesiae
1492 1986 1597 2051 titulo.
1643 1986 1728 2050 Nam
1757 2007 1858 2069 quam
1890 1987 2101 2052 multitudine
2130 1998 2162 2050 at

1188 2073 1304 2156 opibus
1333 2085 1546 2155 praestarent,
1576 2071 1617 2136 ad
1647 2072 1805 2137 fallendos
1833 2073 1997 2154 simplices
2023 2074 2162 2138 nimium

1189 2158 1318 2224 valebat
1339 2179 1451 2222 eoram
1470 2158 1641 2222 autoritas:
1672 2179 1736 2240 qna
1759 2179 1846 2222 nuno
1868 2159 1988 2241 spoliat
2010 2180 2065 2224 aas
2087 2180 2160 2241 pro·

1189 2245 1295 2325 pheta,
1320 2244 1381 2308 Dei
1404 2244 1526 2308 auxilio
1550 2244 1688 2309 nudatas
1710 2243 1809 2308 luisse
1831 2243 1959 2310 docens.
1992 2245 2078 2309 Nam
2097 2245 2160 2309 huc

1188 2342 1313 2412 spectat
1335 2350 1451 2394 causae
1474 2330 1622 2404 redditio,
1644 2328 1727 2411 qnod
1749 2349 1811 2395 aaa
1832 2332 2036 2397 custodierint
2051 2331 2161 2413 foedus

1189 2415 1328 2480 Domitii.
1372 2415 1453 2480 Fuit
1474 2415 1604 2496 quidem
1627 2415 1699 2480 aliis
1721 2417 1819 2480 etiam
1842 2416 1966 2480 crimen
1991 2417 2051 2481 hoa
2073 2437 2160 2481 cam·

1189 2523 1295 2578 mnne,
1317 2501 1374 2566 ssd
1393 2503 1541 2567 consulto
1561 2500 1723 2566 vindictae
1740 2500 1801 2566 Dei
1819 2501 2005 2584 exemplum
2025 2502 2160 2584 protulit

1188 2586 1223 2651 in
1247 2586 1332 2652 tribu
1358 2586 1423 2666 illa,
1453 2607 1536 2668 quae
1558 2605 1617 2651 sue
1639 2586 1814 2651 autoritate
1838 2600 1941 2651 totum
1965 2588 2033 2652 lere
2056 2608 2160 2670 popu·

1187 2673 1256 2736 lum
1289 2684 1490 2756 corruperat.
1540 2671 1628 2752 Quia
1660 2693 1738 2755 ergo
1767 2672 1921 2754 splendor
1950 2693 1988 2737 ac
2017 2673 2158 2756 dignitas

1188 2759 1346 2841 Ephraim
1377 2759 1482 2839 turpis
1510 2757 1692 2840 apostasiae
1721 2757 1878 2823 vexillam
1897 2758 2013 2834 fuerat,
2044 2779 2159 2824 cavere

1189 2844 1293 2910 valuit
1320 2844 1478 2926 propheta
1508 2865 1548 2908 nc
1578 2842 1727 2908 fallendis
1756 2844 1959 2927 simplicibus
1989 2844 2080 2909 larva
2104 2845 2160 2910 illa

1187 2929 1294 2995 adhuc
1316 2940 1473 2994 maneret.
1505 2930 1610 2994 Parra
1632 2949 1697 2992 aon
1720 2928 1840 2994 leviter
1862 2951 1916 2995 cos
1939 2941 2078 3007 accuset,
2101 2930 2159 2995 sed

1186 3015 1361 3096 exprobrat
1390 3013 1558 3097 perfidiam
1588 3014 1622 3077 in
1652 3015 1750 3079 tatius
1777 3014 1859 3097 legis
1887 3027 2094 3098 contemptu,
2125 3025 2158 3079 et

1187 3101 1325 3166 laederis
1354 3100 1537 3176 violatione,
1569 3099 1699 3164 tametsi
1727 3101 1816 3164 enim
1838 3111 2015 3182 utrumque
2038 3122 2158 3165 nomeu

1186 3186 1299 3251 eodem
1329 3207 1426 3250 sensu
1456 3185 1607 3269 accipiat,
1637 3184 1748 3265 foedus
1782 3186 1889 3268 priore
1922 3186 1992 3250 loco
2023 3207 2157 3269 ponens,

1186 3272 1267 3337 satis
1288 3270 1431 3336 ostendit
1452 3293 1487 3337 se
1511 3292 1575 3335 non
1599 3271 1705 3334 solum
1728 3270 1769 3334 de
1791 3271 1905 3354 regula
1924 3271 2005 3336 bene
2025 3272 2157 3336 vivendi

1186 3378 1293 3441 agere,
1316 3359 1371 3422 sed
1396 3357 1436 3422 dc
1458 3366 1526 3421 toto
1548 3357 1639 3422 cultu
1663 3355 1735 3433 Dei,
1759 3356 1798 3422 de
1820 3355 1884 3421 fide
1906 3357 2158 3439 promissionum

1185 3455 1219 3508 et
1250 3443 1470 3518 invocatione,
1504 3455 1537 3506 et
1567 3442 1697 3524 pietatis
1726 3440 1889 3520 doctrina,
1923 3443 2017 3509 enias
2046 3442 2159 3508 lunda·

1186 3539 1334 3593 mentum
1357 3539 1429 3593 erat
1450 3528 1590 3612 adoptio.
1624 3527 1838 3611 Foedilragos
1860 3529 1968 3610 itaque
1992 3530 2156 3594 nominat:

1186 3616 1261 3697 qaia
1294 3614 1545 3697 promissionum
1578 3614 1642 3679 fide
1675 3613 1881 3693 exciderant,
1914 3613 2032 3696 quibus
2066 3614 2157 3679 Deus
2191 3641 2197 3656 ·

1187 3703 1355 3783 pepigerat
1383 3722 1418 3765 se
1445 3700 1511 3766 illis
1537 3701 1604 3765 lore
1625 3701 1660 3764 in
1684 3709 1819 3782 patrem.
1864 3700 2024 3783 Apposite
2047 3712 2156 3764 tamen

1186 3785 1281 3869 legem
1314 3796 1428 3868 postea
1461 3785 1628 3869 adiungit,
1661 3786 1696 3849 in
1730 3807 1793 3867 qna
1826 3786 1918 3850 velut
1951 3787 1984 3850 in
2020 3786 2156 3867 publicis

1186 3871 1304 3935 tabulis
1329 3872 1558 3954 consignatum
1582 3872 1689 3935 luerat
1710 3871 1832 3936 laedas.
1877 3876 1988 3955 Auget
2010 3872 2157 3936 criminis

1184 3958 1387 4022 atrocitatem
1426 3957 1576 4022 renuendi
1609 3955 1758 4036 verbum,
1798 3977 1862 4040 quo
1893 3957 2057 4040 significat
2090 3978 2156 4022 non

1184 4042 1284 4107 luisse
1313 4043 1420 4107 solum
1451 4043 1574 4124 impetn
1604 4043 1742 4124 quodam
1774 4051 1895 4108 temere
1924 4043 2089 4125 abreptos,
2119 4052 2156 4108 ut

1184 4127 1326 4205 levitate,
1349 4128 1521 4211 imperitia,
1545 4128 1595 4192 vel
1619 4148 1729 4192 errore
1747 4139 1929 4212 peccarent,
1952 4130 2007 4194 sed
2024 4151 2064 4195 ex
2081 4149 2155 4213 pro·

1183 4213 1266 4279 lasso
1296 4226 1329 4277 et
1357 4214 1535 4278 deliberata
1564 4214 1743 4296 pervicacia
1773 4214 1913 4280 violasse
1941 4235 2068 4280 sacrum
2092 4214 2156 4279 Dei

1184 4309 1324 4382 pactam.
1380 4300 1520 4363 Fontem
1562 4320 1692 4382 quoque
1733 4311 1798 4363 tam
1831 4299 1944 4365 foedae
1976 4301 2156 4381 impietatis

1184 4385 1333 4468 designet
1347 4384 1627 4469 ingratitudinem,
1650 4384 1735 4468 qnod
1751 4385 2004 4470 redemptionem
2022 4400 2155 4450 aeterna

1184 4472 1339 4536 memoria
1365 4473 1499 4555 dignam
1523 4470 1665 4554 maligne
1687 4471 1882 4553 sepelierint,
1912 4493 1949 4537 ac
1972 4493 2029 4553 pro
2052 4470 2155 4534 nihilo

1184 4556 1346 4622 duxerint.
1381 4557 1462 4622 Fuit
1484 4566 1571 4622 certe
1594 4556 1710 4621 similis
1734 4569 1883 4640 portento
1901 4557 1980 4620 hacc
1997 4555 2154 4635 socordia,

1184 4641 1347 4708 discedere
1375 4642 1489 4707 aDeo
1519 4642 1693 4719 Israelites,
1723 4642 1775 4706 cui
1805 4653 1852 4706 tot
1882 4642 1983 4706 modis
2013 4641 2155 4706 devincti

1184 4741 1288 4804 erent,
1318 4748 1376 4792 nec
1405 4729 1475 4793 fieri
1504 4728 1569 4792 ulla
1594 4728 1687 4792 moda
1711 4738 1838 4810 poterat
1860 4738 1898 4791 nt
1919 4729 1966 4791 sic
1989 4748 2008 4792 a
2031 4726 2155 4792 Satana

1184 4815 1435 4891 fascinarentar,
1477 4815 1539 4879 nisi
1569 4825 1615 4877 tot
1650 4814 1879 4877 miraculorum
1912 4812 2002 4876 obliti
2034 4823 2154 4893 essent,

163 4917 226 4961 nus
248 4896 411 4962 feriendas
434 4897 507 4962 telis
528 4898 679 4963 instructi
701 4909 787 4976 sunt,
811 4899 897 4964 unde
920 4903 1017 4965 etiam
1041 4920 1132 4982 aper·
1184 4920 1267 4981 quae
1289 4899 1420 4963 totidem
1444 4914 1537 4964 erent
1559 4900 1599 4964 ad
1622 4920 1678 4963 eos
1694 4900 1753 4963 sub
1770 4909 1858 4963 metu
1875 4897 1937 4962 Dei
1954 4910 1987 4962 et
2001 4899 2153 4981 obsequio

162 4985 227 5047 tius
260 4997 396 5063 constet,
430 4982 537 5047 Deum
567 4983 632 5048 illis
666 4985 763 5049 inisse
789 4985 959 5064 offensum,
993 4988 1046 5069 qui
1077 5007 1131 5051 eos
1184 4984 1371 5049 retinendos
1407 4985 1545 5050 vincula.
1592 4988 1639 5050 Ao
1662 5006 1703 5049 ne
1726 5006 1789 5067 qua
1818 4985 1984 5050 excusatio
2013 4986 2154 5067 supersit

162 5088 228 5133 nan
262 5070 358 5134 mado
392 5069 576 5133 destituerit
608 5069 730 5134 auxilio
762 5091 837 5146 sao,
870 5072 926 5136 sed
960 5072 1132 5137 emollierit
1184 5071 1223 5134 ed
1255 5068 1426 5134 levandam
1457 5072 1602 5152 culpam,
1636 5069 1853 5153 splendidiore
1884 5071 1987 5154 elogio
2016 5072 2154 5154 insignit

161 5155 305 5235 ipsoram
328 5154 434 5220 corde.
476 5154 655 5234 Quaeritur
677 5176 735 5220 cur
757 5155 841 5221 filios
863 5157 1024 5241 Ephraim
1046 5158 1131 5222 salas
1183 5176 1282 5238 opera
1304 5156 1376 5220 illa:
1400 5157 1492 5239 quasi
1515 5157 1635 5222 diceret
1653 5178 1716 5220 nan
1736 5156 1833 5221 luisse
1849 5157 2018 5238 vulgarem
2035 5156 2154 5239 agendi

161 5239 226 5304 iam
257 5251 393 5319 accuset,
421 5262 519 5323 qaam
551 5242 585 5304 in
615 5262 734 5325 genere
763 5263 868 5324 nuper
895 5244 998 5309 tribus
1018 5264 1131 5309 omnes
1183 5241 1325 5321 modum,
1349 5255 1385 5306 ut
1405 5243 1559 5325 abrepere
1583 5241 1724 5326 potnerit
1745 5242 1880 5308 oblivio:
1906 5243 1963 5306 sed
1986 5242 2154 5308 Israelitas

1898 5343 1948 5398 4,-
