4658 5856
222 356 287 422 483
1038 350 1255 418 PSALMUS
1278 352 1407 418 XLIX.
2158 354 2224 419 484

225 566 351 629 quoque
381 543 500 625 cupiat.
544 543 591 607 Et
618 554 704 608 certe
733 543 779 605 ita
802 561 914 606 omnes
936 540 998 605 Dei
1021 541 1195 624 prophetas
1247 542 1508 622 citimaeecram,
1531 543 1706 607 ctduratio
1729 543 1952 609 insectatum.
1995 541 2046 605 10.
2077 540 2117 607 Ut
2137 543 2223 607 vivat

225 632 357 696 affectos
386 651 456 693 esse
486 629 654 704 convenit,
685 638 721 691 ιιι
751 628 858 691 Deum
888 624 1026 692 libenter
1055 626 1197 692 habeant
1247 627 1388 706 amptius
1409 629 1655 708 inperpetuum,
1678 649 1733 694 aee
1755 628 1856 693 videat
1878 629 2066 710 sepulcrum.

225 737 430 783 communem
451 716 642 798 magistrum
662 734 735 777 cum
753 712 876 795 reliquo
888 713 1018 795 populo,
1036 723 1068 778 et
1084 733 1196 778 vocem

225 803 305 879 eius,
336 822 432 883 quam
461 821 517 865 ore
546 821 604 865 suo
635 799 803 880 perferunt
825 798 865 863 ad
889 799 979 877 alios,
1009 799 1106 882 primi
1128 819 1196 862 om·
1334 799 1364 862 6.
1387 797 1467 884 (Cur
1484 799 1615 885 timebo.)
1659 799 1728 865 Iam
1754 802 1787 865 in
1810 801 1914 882 ipsam
1944 798 2112 865 doctrinae
2135 811 2220 864 trac·

222 889 318 953 nium
341 887 512 968 excipiant.
548 886 721 951 Caeterum
744 885 922 968 prophetae
945 885 1115 950 consilium
1134 883 1198 947 fuit
1249 884 1402 948 tationem
1426 884 1611 969 ingreditur
1633 886 1801 968 propheta,
1823 906 1886 950 non
1911 884 2027 950 debere
2050 885 2134 950 filios
2159 885 2222 949 Dei

225 975 435 1039 autoritatem
458 985 491 1035 et
513 970 729 1036 reverentiam
752 991 830 1035 suae
852 968 1018 1035 doctrinae
1041 990 1196 1045 asserere,
1249 970 1338 1035 ultra
1370 970 1502 1035 modum
1533 971 1657 1036 turbari
1685 970 1781 1038 rebus
1811 971 1967 1048 adversis,
1997 972 2125 1036 etiamsi
2148 992 2221 1053 pro·

224 1061 302 1143 quia
331 1081 399 1123 non
430 1057 567 1121 futiliter
596 1056 720 1140 garriat
747 1055 786 1120 do
816 1056 884 1120 suis
906 1057 1109 1132 commentis,
1140 1054 1196 1120 sed
1249 1066 1340 1121 terve
1362 1076 1417 1121 eos
1436 1067 1575 1140 urgeant
1591 1058 1693 1140 impii,
1715 1070 1747 1121 et
1765 1059 1829 1121 iam
1849 1078 1906 1139 pro
1925 1055 2058 1121 libidine
2076 1056 2223 1138 undique

226 1156 357 1210 tantum
386 1144 529 1226 proferat
556 1140 641 1224 quod
664 1141 778 1207 didicit
800 1143 833 1206 in
856 1141 967 1207 schola
989 1142 1063 1206 Dei.
1106 1142 1198 1206 Haec
1249 1142 1419 1208 conclusos
1447 1152 1595 1208 teneant:
1626 1144 1703 1226 quia
1725 1144 1849 1209 scilicet
1870 1143 2041 1220 Dominus,
2070 1142 2222 1224 quamvis

226 1241 336 1295 autern
360 1231 457 1294 unica
479 1238 527 1293 est
545 1225 644 1310 probe
663 1227 801 1293 docendi
820 1229 903 1292 ratio
921 1228 955 1291 in
974 1229 1108 1301 ecclesia
1124 1226 1197 1304 Dei,
1250 1226 1433 1292 dissimulet
1463 1248 1500 1292 ac
1522 1230 1675 1310 quiescat,
1702 1251 1768 1292 non
1793 1238 1903 1292 tamen
1926 1228 2045 1293 dormit
2066 1229 2101 1291 in
2125 1228 2224 1305 coelo,

226 1330 264 1382 ut
288 1317 344 1398 qui
366 1314 439 1379 aliis
461 1313 645 1396 praefectus
668 1322 717 1378 est
739 1313 904 1397 magister,
935 1334 1047 1377 aurem
1071 1312 1111 1378 ad
1133 1312 1197 1377 dis-

227 1400 366 1468 cendum
395 1398 531 1465 inclinet
560 1400 750 1482 prinsquam
779 1420 814 1463 os
843 1399 968 1482 aperiat
997 1399 1037 1463 ad
1063 1398 1197 1482 loquen-

228 1488 314 1564 dum,
341 1495 438 1568 atque
460 1486 506 1549 ita
527 1485 669 1550 fideliter
691 1485 731 1550 de
753 1482 852 1549 manu
876 1486 909 1548 in
931 1505 1067 1550 manum
1090 1484 1199 1549 tradat

226 1570 313 1656 quod
343 1593 362 1635 a
391 1572 534 1637 Domino
567 1572 699 1653 accepit.
752 1571 796 1635 Et
828 1580 915 1636 certe
943 1571 1103 1654 sapientia
1132 1590 1197 1634 uon

225 1658 371 1724 nascitur
399 1657 435 1721 in
464 1657 605 1722 hominis
635 1657 777 1740 ingenio,
811 1656 866 1721 sed
895 1677 912 1720 e
940 1656 1028 1721 coelo
1059 1656 1199 1741 petenda

226 1754 294 1811 est:
323 1743 460 1826 ideoque
489 1762 587 1807 nemo
615 1742 793 1825 prudenter
822 1753 855 1806 et
884 1741 964 1807 scite
992 1743 1026 1806 in
1054 1741 1200 1808 aedifica·

226 1832 349 1895 tionem
372 1828 527 1894 ecclesiae
549 1848 693 1910 unquam
717 1827 875 1910 loquetur,
906 1827 970 1891 nisi
992 1828 1047 1911 qui
1070 1829 1141 1892 Deo
1164 1849 1199 1892 se

226 1916 320 2000 prius
335 1913 472 1980 docilem
489 1914 685 1998 praebuerit.
719 1912 887 1994 Quantum
900 1913 940 1978 ad
954 1912 1053 1979 verba
1064 1923 1199 1997 spectat,

225 2003 260 2067 in
291 2001 385 2066 tertio
417 2021 514 2066 versu
542 1999 672 2083 quidam
699 2007 835 2065 vertunt
857 1999 1112 2082 Intelligeutias:
1143 1999 1199 2063 sed

226 2087 304 2171 quia
322 2087 499 2169 impropria
517 2094 551 2152 et
565 2085 648 2151 dura
666 2093 751 2151 esset
768 2085 924 2167 loquutio,
942 2087 970 2149 si
986 2084 1113 2152 dicatur
1131 2105 1200 2150 cor·

202 2173 278 2244 ,dis
307 2171 477 2237 meditatio
507 2171 603 2254 loq'ui,
631 2178 789 2253 sequutus
818 2192 890 2235 sum
913 2171 998 2253 quod
1022 2170 1200 2255 simplicius

228 2268 309 2325 erat.
344 2257 384 2322 In
407 2259 522 2342 quinto
538 2278 638 2324 versu
658 2277 776 2321 nomen
796 2245 885 2341 5100
903 2256 989 2340 quod
1009 2255 1201 2323 Pcrctotom

229 2344 312 2410 verti
336 2343 465 2427 proprie
487 2340 735 2409 similitudinem
759 2342 939 2427 significat:
961 2341 1017 2408 sed
1040 2363 1137 2426 saepe
1159 2341 1199 2406 ad

253 2450 347 2495 raves
368 2428 549 2494 sententias
573 2428 778 2510 transfertur,
802 2430 878 2512 quia
901 2429 1015 2511 figuris
1039 2439 1072 2493 et
1094 2443 1199 2494 trans·

227 2452 407 2581 lotionibus
423 2526 459 2579 ιιι
475 2515 654 2598 plurimum
672 2530 841 2579 ornantur.
873 2513 996 2579 Eodem
1015 2514 1084 2579 fere
1102 2535 1199 2578 sensu

227 2601 356 2684 capitur
373 2622 492 2665 nomen
515 2612 623 2683 ΓΠιΠ,
646 2596 731 2682 quod
751 2601 902 2683 aenigma
921 2610 1067 2664 vertunt:
1091 2600 1199 2681 itaque

228 2687 347 2752 Erech.
364 2706 434 2767 cap.
448 2685 730 2767 decimoseptimo,
748 2705 848 2749 versu
860 2683 1011 2762 secundo,
1024 2683 1089 2749 duo
1101 2684 1201 2750 verba

228 2782 260 2837 et
277 2773 410 2836 nomina
428 2769 526 2834 simul
544 2772 734 2853 iunguntur,
756 2749 846 2856 lm
864 2749 984 2856 §mim
1002 2783 1101 2853 Πηιῃ
1118 2782 1199 2853 qm,

228 2857 289 2921 hoc
312 2866 370 2929 est,
392 2855 608 2939 aenigmatica
630 2855 823 2938 aenigmate,
846 2868 879 2920 et
900 2857 1084 2938 parabolica
1106 2876 1200 2939 para·

228 2943 310 3008 bola.
355 2940 474 3006 Fateor
504 2941 635 3024 quidem
664 2940 731 3007 illic
761 2943 868 3007 notari
898 2942 1107 3026 allegorleum
1136 2963 1201 3007 ser·

229 3048 376 3093 monem:
411 3027 467 3092 sed
500 3029 564 3091 iam
598 3026 666 3091 dixi
694 3048 754 3092 cur
782 3028 926 3093 Hebraei
955 3028 1140 3109 aenigmata
1168 3036 1201 3091 et

229 3113 461 3180 similitudines
490 3123 608 3178 vocent
629 3113 775 3197 insignes
797 3127 831 3179 et
854 3122 966 3178 notatu
988 3114 1104 3198 dignas
1126 3133 1200 3179 sen·

229 3201 359 3266 tentias.
406 3201 492 3265 Nam
512 3199 687 3281 aperiendi
714 3199 764 3265 vel
788 3199 956 3284 retegendi
979 3199 1079 3265 verbo
1103 3207 1201 3264 testa·

229 3298 283 3352 tur
312 3287 475 3370 propheta
501 3285 563 3351 sibi
592 3285 727 3348 minime
757 3307 827 3351 esse
857 3287 1056 3368 propositum
1086 3306 1139 3350 res
1162 3284 1202 3350 de

229 3373 347 3455 quibus
369 3385 502 3436 acturus
525 3378 584 3448 est,
607 3371 771 3453 perplexis
794 3382 827 3436 et
847 3371 992 3436 obscuris
1009 3371 1202 3456 ambagibus

229 3457 408 3524 involvere.
452 3457 497 3521 Et
524 3466 612 3521 certe
634 3457 784 3538 quamvis
811 3457 907 3540 longe
929 3477 948 3519 a
970 3479 1068 3523 sensu
1091 3465 1202 3522 nostro

229 3551 357 3608 remota
385 3544 429 3608 sit
450 3540 598 3608 coelestis
621 3540 768 3607 doctrina
791 3552 924 3626 propter
946 3562 1041 3607 suam
1059 3542 1202 3607 sublimi·

229 3637 341 3705 tatem,
363 3627 499 3712 spiritus
521 3636 652 3711 sanctus
673 3626 714 3691 ad
737 3638 867 3711 captum
889 3637 1037 3694 nostrum
1055 3629 1102 3693 sic
1120 3640 1201 3692 tem·

229 3715 358 3797 peravit
380 3735 440 3781 sua
458 3713 600 3791 oracula,
623 3721 660 3778 ut
680 3721 749 3780 tota
767 3715 929 3797 scriptura
944 3713 1035 3778 utilis
1050 3714 1093 3778 ιιι
1109 3711 1201 3780 nobis

229 3799 270 3864 ad
293 3799 561 3877 aedificationem,
583 3798 670 3864 unde
690 3799 812 3866 frustra
828 3799 1033 3885 ignorantiae
1050 3810 1200 3891 praetex-

229 3896 284 3951 tus
313 3906 332 3950 a
360 3886 473 3952 multis
499 3894 665 3967 captatur:
696 3886 773 3969 quia
794 3886 877 3950 nihil
900 3895 968 3951 tam
991 3883 1130 3950 arduum
1152 3893 1201 3950 est

229 3970 282 4035 vol
313 3970 454 4053 difficile,
482 3969 567 4055 quod
598 3992 664 4035 non
693 3970 829 4038 rudibus
859 3985 892 4037 et
913 3970 1023 4037 idiotis
1045 3971 1088 4036 sit
1110 3981 1200 4055 pate·

226 4055 359 4124 tactum.
415 4057 511 4139 Quod
552 4057 753 4122 mentionem
788 4056 937 4124 Gittorce
978 4060 1095 4123 factam
1129 4077 1200 4122 esse

225 4149 344 4227 putant
367 4143 464 4207 multi
487 4144 692 4225 interpretes,
715 4148 753 4207 ιιι
774 4153 890 4209 cantus
913 4143 1059 4209 suavitas
1082 4150 1115 4207 et
1132 4142 1200 4207 ille·

226 4228 322 4294 cebra
350 4229 517 4312 mitigaret
546 4228 573 4292 si
604 4226 681 4310 qnid
711 4239 797 4294 esset
826 4249 987 4312 asperum,
1017 4229 1125 4294 nescio
1156 4248 1198 4292 an

227 4317 307 4381 satis
329 4313 464 4378 firmum
487 4313 539 4378 sit.
584 4312 670 4377 Mihi
693 4315 770 4379 satis
793 4323 853 4394 ιιι,
875 4336 935 4398 pro
957 4325 1086 4397 recepto
1109 4335 1199 4379 more

225 4399 397 4482 loquutum
423 4399 523 4464 fuisse
544 4398 747 4480 prophetam,
775 4399 851 4481 quia
872 4412 950 4466 tuno
972 4399 1106 4465 solenne
1128 4408 1200 4464 erat

226 4486 377 4552 Psalmos
398 4483 441 4551 ad
462 4481 622 4551 citharam
646 4503 769 4549 canere.

313 4693 342 4756 6.
368 4689 433 4758 Cur
449 4690 557 4755 timeto
578 4689 614 4754 in
635 4686 742 4752 abac
763 4687 868 4753 muti?
890 4688 1043 4771 iniquitas
1063 4688 1200 4755 calcanei

226 4779 289 4843 mei
317 4775 520 4843 circumdabit
547 4795 603 4839 me.
656 4774 685 4838 l.
714 4772 880 4854 Confidant
911 4794 1007 4856 saper
1042 4776 1199 4858 opaterstio

226 4883 299 4942 cao,
322 4867 350 4927 et
371 4864 406 4927 ιἰι
425 4861 625 4928 multitudine
645 4859 828 4924 divitiarum
844 4859 1032 4943 pariantur.
1064 4862 1094 4925 8.
1115 4860 1199 4925 Fra·

227 4953 273 5015 ter
294 4968 351 5012 ιιιιι
375 4948 504 5013 redimet
525 4946 719 5012 redimendo:
739 4945 848 5011 cattas
869 4944 955 5010 dabit
976 4944 1043 5010 Deo
1059 4948 1198 5028 pretium

227 5033 446 5116 redemptionis
478 5033 555 5100 ιιιι.
606 5032 636 5096 9.
666 5030 711 5096 Et
733 5028 913 5116 malasar)
942 5032 1000 5096 erit
1028 5033 1198 5114 redemptio

316 5270 345 5339 ⁸)
361 5272 497 5341 praeterr,
514 5284 549 5326 ιιι
565 5284 672 5339 marce:
689 5287 725 5327 on
742 5271 814 5327 cher.

1249 1312 1307 1377 sed
1335 1313 1455 1380 iudicia
1485 1334 1545 1379 sua
1573 1316 1607 1378 in
1637 1326 1768 1396 tempus
1797 1323 2017 1396 opportunum
2047 1313 2157 1378 differt
2184 1334 2224 1377 ac

1250 1399 1428 1483 suspendit.
1467 1400 1571 1464 Porro
1593 1401 1807 1483 interrogatio
1829 1401 1933 1483 magis
1956 1399 2141 1481 emphatica
2163 1406 2223 1474 est,

1251 1506 1349 1567 quam
1379 1486 1406 1551 si
1435 1486 1626 1568 simpliciter
1655 1492 1815 1552 assereret
1844 1505 1879 1551 se
1900 1486 1936 1549 in
1956 1484 2052 1550 rebus
2075 1485 2224 1549 adversis

1251 1592 1352 1653 aequo
1382 1579 1416 1636 et
1444 1571 1619 1652 tranquillo
1646 1572 1755 1636 animo
1778 1572 1853 1636 t'ore.
1900 1569 2052 1637 Secundo
2074 1571 2223 1634 membro

1251 1678 1368 1723 versus
1400 1657 1585 1740 specialiter
1603 1657 1767 1740 ¹designat
1801 1656 1995 1722 afflictiones
2028 1677 2110 1739 quae
2148 1656 2223 1737 plus

1251 1743 1437 1808 acerbitatis
1468 1745 1502 1806 in
1535 1766 1570 1808 se
1600 1745 1786 1823 continent,
1820 1751 1851 1806 et
1883 1743 2015 1825 gravius
2048 1741 2225 1805 vulnerant

1251 1829 1386 1907 animos,
1410 1827 1487 1893 dum
1506 1829 1630 1895 scilicet
1648 1829 1786 1912 improbi
1806 1827 2024 1905 dominantur,
2046 1837 2078 1893 et
2099 1827 2224 1890 violen-

1252 1915 1331 1978 tiam
1361 1935 1453 1980 suam
1483 1915 1618 1998 impune
1648 1923 1812 1994 exercent,
1838 1913 1911 1979 ideo
1940 1912 2223 1978 saubaudiendum

1252 2010 1303 2065 est
1325 1998 1516 2065 adverbium
1538 2000 1703 2084 temporis,
1733 2000 1810 2064 dum
1834 2000 1996 2080 iniquitat,
2027 2010 2089 2064 etc.
2136 1996 2225 2063 Sunt

1252 2085 1383 2167 quidam
1412 2087 1606 2170 interpretes
1635 2087 1692 2171 qui
1715 2086 1815 2151 alium
1844 2106 1978 2150 sensum
2002 2085 2153 2149 eliciunt:
2187 2082 2223 2149 Si

1252 2172 1385 2235 timeam
1414 2171 1449 2236 in
1482 2171 1594 2238 diebus
1619 2172 1724 2249 malis,
1755 2179 1787 2235 et
1809 2168 1890 2235 mihi
1909 2172 2008 2235 nimis
2030 2171 2128 2235 anxie
2150 2191 2223 2252 pro·

1251 2257 1396 2338 spiciam,
1418 2259 1503 2324 sicut
1524 2259 1631 2323 solent
1652 2256 1827 2323 increduli:
1850 2256 1906 2321 ubi
1925 2255 2057 2322 tandem
2076 2255 2118 2321 ad
2136 2275 2224 2319 mor·

1251 2352 1317 2407 tem
1348 2351 1485 2408 ventum
1515 2344 1624 2421 fuerit,
1655 2344 1844 2427 iniquitates
1875 2363 1966 2407 meae
1993 2342 2149 2407 tenebunt
2172 2362 2224 2404 me

1252 2427 1428 2495 obsessum.
1470 2428 1524 2495 Ita
1544 2430 1721 2496 calcaneum
1743 2450 1801 2511 pro
1824 2430 1913 2493 vitae
1935 2430 2024 2493 exitu
2048 2428 2222 2511 accipiunt,

1251 2512 1308 2579 sed
1346 2514 1407 2580 hoc
1448 2523 1552 2580 totum
1588 2527 1745 2598 tanquam
1777 2515 1875 2599 longe
1908 2515 2045 2596 petitum
2078 2511 2223 2596 repudio.

1252 2599 1365 2683 Neque
1395 2601 1493 2665 etiam
1515 2601 1611 2667 video
1633 2623 1697 2684 qua
1719 2601 1847 2665 ratione
1869 2600 1925 2664 alii
1947 2599 1988 2664 ad
2010 2599 2228 2682 cogitationes·

1251 2685 1411 2750 referant:
1435 2686 1560 2751 nullum
1583 2687 1669 2752 enim
1693 2687 1878 2769 exemplum
1898 2686 1994 2751 huius
2012 2686 2224 2769 metaphorae

1252 2770 1329 2835 alibi
1362 2772 1497 2854 reperiri
1531 2793 1623 2854 posse
1656 2773 1818 2838 existimo.
1869 2771 1949 2837 Plus
1981 2770 2097 2836 coloris
2126 2769 2225 2835 habet

1252 2855 1336 2939 quod
1366 2858 1421 2922 alii
1452 2862 1586 2923 vertunt
1614 2856 1837 2935 Insidiatores,
1864 2858 1940 2942 quia
1972 2856 2108 2922 verbum
2138 2868 2224 2964 :pp

1253 2942 1418 3025 significat
1433 2943 1599 3027 decipere:
1622 2965 1659 3009 ac
1676 2945 1704 3011 si
1721 2944 1858 3010 dixisset
1874 2942 2043 3027 propheta,
2062 2941 2226 3023 Quamvis

1252 3027 1335 3093 mihi
1358 3028 1496 3094 tendant
1517 3031 1652 3096 insidias
1672 3028 1787 3113 perfidi
1806 3039 1838 3094 et
1856 3030 1956 3095 astuti
1974 3027 2136 3105 homines,
2159 3049 2224 3092 non

1253 3122 1303 3180 est
1337 3122 1446 3179 tamen
1479 3137 1539 3181 cur
1575 3116 1720 3182 timeam.
1774 3115 1840 3182 Sed
1872 3136 1932 3179 eo
1961 3114 2084 3197 absque
2118 3115 2225 3198 figura

1254 3199 1400 3283 accipere
1423 3202 1523 3267 malo:
1555 3201 1696 3283 Quando
1725 3224 1777 3267 me
1809 3137 1969 3268 obsidebit
1996 3199 2141 3265 hostiurn
2165 3199 2225 3263 ini·

1254 3286 1369 3367 quitas,
1399 3288 1456 3369 qui
1486 3289 1632 3371 urgendo
1655 3289 1749 3370 quasi
1772 3308 1824 3352 me
1847 3287 2070 3368 supplantant
2118 3283 2224 3351 Sicuti

1253 3372 1350 3436 etiam
1367 3373 1483 3455 gallice
1502 3373 1648 3449 dicimus,
1675 3372 1868 3439 Pourcuivre
1883 3374 2013 3454 iasquee
2028 3392 2096 3436 aaa
2111 3370 2223 3436 tatone.

1254 3457 1376 3522 Fateor
1404 3480 1478 3523 eum
1513 3460 1552 3525 de
1582 3459 1729 3525 hostibus
1751 3459 1850 3541 loqui,
1880 3456 1936 3522 sed
1959 3458 2088 3540 iniquas
2111 3477 2224 3521 eorum

1253 3544 1521 3626 persequutiones
1543 3546 1693 3611 calcaneo
1715 3566 1774 3610 suo
1798 3545 1933 3609 haerere
1956 3542 2042 3620 dicit,
2072 3543 2149 3624 quia
2170 3563 2225 3624 po·

1254 3631 1356 3693 tentia
1385 3630 1605 3712 praevaleant,
1637 3644 1669 3696 et
1698 3633 1789 3715 quasi
1820 3630 1902 3696 talos
1925 3629 2005 3711 pede
2028 3641 2225 3711 prementes,

1251 3713 1447 3780 immineant
1467 3714 1508 3779 ad
1530 3717 1638 3799 ipsum
1662 3714 1876 3782 obruendum.

1339 3801 1369 3864 l.
1391 3798 1569 3885 (Considunt
1597 3822 1693 3884 super
1719 3799 1900 3886 opalentia.)
1952 3798 2111 3884 Sequitur
2141 3797 2224 3863 ratio

1252 3904 1310 3949 cur
1332 3905 1398 3950 non
1421 3885 1561 3951 debeant
1584 3887 1641 3952 filii
1659 3887 1723 3951 Dei
1746 3886 1910 3970 trepidare
1933 3887 1966 3950 in
1990 3885 2086 3951 rebus
2107 3883 2224 3949 adver·

1251 3971 1306 4054 sis,
1329 3992 1366 4037 ac
1389 3973 1492 4036 multo
1515 3973 1624 4037 minus
1645 3971 1864 4050 succumbere,
1888 3972 1985 4037 etiam
2009 3970 2086 4035 dum
2110 3967 2224 4034 viden·

1251 4065 1306 4122 tur
1328 4059 1508 4142 constringi
1529 4059 1589 4124 sub
1612 4057 1753 4124 hostium
1777 4080 1885 4135 manu,
1909 4068 1945 4122 ut
1967 4078 2078 4123 eorum
2098 4055 2222 4121 violen-

1251 4143 1330 4208 tiam
1365 4142 1416 4207 vcl
1447 4143 1576 4208 fraudes
1606 4144 1751 4228 effugere
1782 4152 1959 4227 nequeant:
1994 4162 2113 4226 nempe
2146 4141 2223 4225 quia

1251 4227 1415 4293 umbratili
1455 4230 1601 4311 potentia
1640 4231 1764 4295 trustra
1805 4239 1953 4313 turgent,
1993 4248 2077 4311 quae
2110 4227 2221 4293 statim

1250 4314 1425 4380 evanescit.
1469 4315 1698 4380 Ratiocinatur
1720 4336 1797 4399 ergo
1820 4314 1989 4398 propheta,
2021 4313 2098 4378 dum
2118 4312 2220 4378 homi·

1250 4419 1309 4464 nes
1341 4399 1528 4478 metuimus,
1558 4421 1644 4465 vano
1674 4410 1708 4465 ιι
1739 4401 1847 4468 fallaci
1876 4410 1967 4465 metu
1997 4420 2056 4465 nos
2078 4397 2220 4463 turbari:

1180 4524 1185 4535 ·
1250 4486 1414 4566 quianon
1437 4497 1627 4569 reputamus
1649 4487 1753 4570 qualis
1775 4487 1816 4553 ιιι
1839 4506 1951 4552 eorum
1974 4484 2135 4552 conditio:
2165 4504 2219 4566 pe·

1249 4568 1342 4634 rinde
1374 4592 1411 4637 ac
1444 4571 1471 4636 si
1504 4572 1543 4636 ab
1573 4573 1687 4639 umbra
1716 4573 1768 4638 vel
1801 4581 1929 4655 spectro
1962 4571 2126 4655 quispiam
2157 4567 2219 4635 sibi

1251 4663 1384 4720 metuat.
1421 4654 1609 4723 Gloriantur
1627 4658 1745 4741 inquit,
1762 4656 2219 4724 inmuttitudiaedivitiamm:

1250 4753 1284 4805 et
1311 4761 1370 4805 nos
1399 4740 1498 4807 stulte
1524 4742 1559 4807 in
1588 4741 1726 4809 eundem
1756 4765 1899 4809 errorem
1923 4743 2112 4826 abripimur,
2143 4742 2218 4824 quia

1250 4848 1315 4890 non
1348 4836 1537 4910 reputamus
1570 4850 1669 4911 quam
1703 4828 1823 4897 caduca
1856 4831 1898 4896 sit
1927 4842 1961 4893 et
1990 4835 2218 4894 momentanea

1249 4924 1400 4976 terrenae
1422 4912 1520 4978 huius
1540 4914 1627 4980 vitae
1645 4913 1796 4981 conditio.
1831 4916 1940 4980 Altius
1959 4923 2068 4980 tamen
2087 4912 2217 4996 respicit

1250 4996 1417 5078 propheta,
1447 5020 1550 5081 neque
1579 5001 1665 5065 enim
1697 5009 1824 5066 tantum
1851 5022 1891 5065 ex
1914 5022 1950 5065 re
1971 5000 2044 5086 ipsa
2065 4998 2217 5078 ostendit,

1250 5081 1331 5145 lalso
1354 5086 1464 5164 putari
1486 5086 1597 5151 beatos
1619 5087 1674 5168 qui
1697 5085 1830 5164 deliciis,
1861 5087 1915 5152 vel
1938 5085 2065 5170 opibus,
2087 5085 2140 5152 vel
2163 5086 2217 5150 ho-

1250 5187 1328 5230 nore
1353 5169 1515 5235 excellunt
1536 5173 1571 5236 in
1594 5170 1725 5252 mundo,
1753 5171 1809 5238 sed
1832 5195 1873 5238 cx
1896 5194 2009 5238 eorum
2031 5193 2142 5252 sensu,
2163 5170 2213 5237 vel

1248 5253 1358 5333 potius
1387 5268 1518 5339 stupore
1544 5257 1679 5324 miseros
1708 5278 1778 5323 esse
1804 5259 1961 5344 coarguit.
2006 5257 2212 5344 Numquam
