4658 5856
163 338 225 402 541
1002 334 1219 403 assultus
1243 334 1316 401 LV.
2092 338 2156 405 542

164 525 266 608 igitur
287 539 403 589 votum
426 526 486 590 hoc
509 524 562 590 vel
593 525 715 590 turbidi
746 539 778 590 et
804 523 1038 591 inconsiderati
1063 525 1134 605 aeli,
1159 534 1163 637 Ι
1186 523 1283 589 horas
1306 524 1346 588 ad
1369 522 1567 606 precandum
1590 523 1663 590 istis
1686 524 1894 606 temporibus.
1939 523 2024 589 Nam
2052 548 2154 610 quum

164 609 216 674 val
239 609 436 688 iracundiae,
460 632 502 676 ne
524 612 596 693 quis
618 610 681 677 sibi
703 611 854 694 exemplo
877 609 1016 676 Davidis
1038 610 1135 677 licere
1187 631 1282 673 mane
1305 622 1337 675 et
1359 611 1487 693 vesperi
1510 609 1655 693 quotidie
1676 610 1838 676 sacrificia
1867 608 2091 677 offerebantur
2118 615 2153 677 in

164 705 267 779 putat,
290 695 427 761 simulac
449 696 557 762 laesus
579 698 692 774 fuerit,
727 696 815 763 diras
837 707 871 761 et
892 696 1136 762 maledictiones
1187 697 1319 778 templo,
1342 697 1480 778 quisque
1498 696 1732 761 admonebatur
1751 696 1907 778 privatim
1925 717 2049 778 quoque
2068 699 2153 763 domi

164 800 330 847 evomere:
354 783 481 865 quiesi
504 803 561 848 nos
585 795 660 867 agat
682 781 846 849 vindictae
869 782 1040 864 cupiditas,
1065 804 1134 864 per·
1187 801 1265 846 suae
1287 801 1358 847 esso
1380 781 1548 846 orandum.
1586 781 1732 847 Medium
1756 791 1885 864 tempus
1903 781 1974 845 aliis
1988 784 2154 849 sacrificiis

164 880 439 950 peramaanctum
452 867 646 951 prophetam
664 868 912 946 aemulabimur,
932 869 988 949 qui
1007 869 1134 933 sincero
1188 867 1384 932 destinatum
1408 879 1487 932 erat.
1530 866 1601 931 Iam
1624 869 1700 950 quia
1722 886 1835 932 sumus
1865 887 1967 948 aequo
1996 867 2154 935 tardiores

165 964 199 1018 et
230 955 407 1036 composito
444 954 512 1018 nelo
544 953 598 1020 hio
630 953 739 1018 Deum
783 953 943 1018 vindicem
979 954 1136 1037 implorat
1188 952 1228 1017 ad
1252 952 1422 1033 orandum,
1445 953 1507 1018 nisi
1530 953 1665 1036 quisque
1687 975 1721 1018 se
1737 953 1843 1035 ipsum
1865 951 2018 1018 sollicitet
2040 974 2077 1020 ac
2100 978 2154 1020 ur·

165 1052 278 1104 contra
300 1040 455 1122 reprobos
477 1041 533 1121 qui
551 1041 616 1104 iam
635 1049 767 1105 aeterno
785 1041 883 1104 exitio
902 1038 1011 1104 devoti
1030 1051 1134 1105 erant.
1187 1050 1278 1123 goat,
1312 1040 1521 1122 praecipuum
1545 1038 1606 1104 hoc
1638 1039 1766 1122 pietatis
1799 1038 1940 1102 officium
1976 1040 2061 1121 apud
2093 1061 2154 1106 nos

166 1123 261 1203 Quod
281 1123 418 1189 verbum
441 1137 503 1206 rapt
526 1126 658 1209 quidam
681 1136 814 1190 vertunt
836 1123 1043 1204 condemnet,
1065 1145 1136 1191 coa·
1187 1125 1327 1208 frigebit,
1350 1125 1495 1207 adeoque
1518 1124 1651 1207 obrepet
1673 1123 1826 1207 precandi
1848 1122 1984 1207 oblivio,
2008 1127 2072 1189 nisi
2094 1147 2153 1192 nos

166 1224 252 1275 ctum
282 1220 348 1277 est:
382 1213 469 1276 sicut
497 1213 595 1276 etiam
627 1210 711 1294 quod
741 1211 813 1276 aliis
843 1210 962 1292 placet,
997 1221 1134 1276 mortem
1187 1212 1300 1275 fraeno
1322 1211 1429 1293 aliquo
1460 1211 1666 1275 retineamus.
1710 1209 1803 1275 Deus
1826 1229 1904 1292 ergo
1929 1218 2033 1274 certas
2056 1211 2155 1278 horas

166 1297 358 1361 exactrioem
378 1297 564 1379 constituat,
583 1318 643 1381 ego
661 1294 747 1379 quod
764 1296 944 1380 simplicius
958 1297 1132 1380 eratalegi.
1186 1297 1369 1380 praefigens
1373 1347 1385 1383 ,
1414 1295 1598 1361 infirmitati
1621 1304 1751 1361 nostrae
1773 1294 1896 1360 mederi
1919 1295 2036 1359 voluit:
2071 1319 2153 1381 quac

166 1380 324 1447 Libenter
346 1394 454 1447 autem
478 1383 598 1465 recipio
620 1382 706 1466 qnod
726 1392 886 1447 annotant
907 1381 1050 1464 quidam,
1078 1383 1134 1449 ubi
1160 1389 1162 1397 ’
1186 1380 1298 1446 eadem
1327 1385 1411 1446 ratio
1444 1381 1615 1446 transferri
1649 1379 1745 1446 debet
1777 1381 1818 1445 ad
1852 1381 1998 1464 privatas
2031 1404 2152 1465 preces,

166 1476 257 1549 optat
278 1466 373 1533 vivos
400 1468 434 1532 in
463 1469 648 1551 sepulcrum
679 1467 874 1534 descendere
907 1489 983 1533 suos
1012 1468 1133 1552 hostes,
1186 1468 1281 1532 sicuti
1304 1481 1393 1551 patet
1414 1489 1455 1532 ex
1477 1467 1538 1533 hoo
1560 1467 1647 1532 loco:
1681 1469 1730 1532 cui
1761 1467 1860 1532 etiarn
1888 1465 2062 1547 respondet
2085 1470 2152 1535 Da·
2262 1504 2264 1508 ·

166 1553 309 1619 alludere
342 1554 382 1618 ad
417 1574 554 1635 poenam
589 1552 709 1633 Corae,
744 1554 895 1631 Dathan,
932 1568 964 1617 et
997 1553 1132 1631 Abiron,
1186 1554 1279 1618 nielia
1312 1557 1506 1636 exemplum,
1539 1552 1575 1624 9.
1599 1554 1629 1618 3.
1685 1552 1881 1634 Quanquam
1916 1562 2025 1616 autem
2060 1553 2154 1620 hodie

167 1658 343 1721 eorumque
371 1639 504 1704 factioni
532 1640 706 1720 inflictam,
734 1637 868 1704 Numer.
895 1640 952 1718 16,
986 1640 1043 1704 31:
1072 1642 1132 1706 etsi
1186 1637 1307 1703 abolita
1329 1652 1406 1703 arunt
1434 1639 1607 1712 sacrificia,
1637 1640 1713 1721 quia
1745 1655 1854 1702 tamen
1884 1636 1924 1701 ab
1954 1656 1991 1699 ea
2020 1639 2153 1721 pigritia

167 1724 247 1789 mihi
272 1724 402 1789 videtur
433 1723 506 1789 ideo
539 1726 683 1791 subitum
716 1736 749 1789 et
780 1724 986 1807 inopinatum
1020 1728 1134 1791 mortis
1186 1745 1283 1806 quam
1307 1726 1426 1791 talibus
1448 1724 1653 1790 adminiculis
1676 1725 1890 1807 expergefieri
1913 1722 1990 1785 olim
2021 1744 2153 1791 neccsse

167 1831 269 1889 genus
290 1831 426 1892 ponere,
454 1811 531 1894 quia
553 1811 801 1893 suaopulentia
824 1823 911 1876 tutos
933 1824 1134 1877 so·a1nortc
1186 1810 1264 1889 fuit,
1296 1832 1361 1875 non
1392 1831 1504 1876 sumus
1533 1811 1711 1888 immunes,
1745 1809 1927 1875 communis
1957 1809 2050 1873 nobis
2078 1833 2151 1877 oum

167 1895 233 1961 fore
255 1896 430 1979 putabant:
464 1917 502 1963 ao
524 1897 553 1962 si
575 1896 696 1962 diceret
717 1896 843 1962 David:
868 1897 1025 1972 Domine,
1056 1918 1133 1981 quo·
1185 1897 1334 1977 patribus
1356 1909 1406 1961 est
1434 1899 1534 1970 ratio,
1566 1909 1601 1959 ut
1630 1895 1752 1979 singuli
1782 1907 1930 1959 nostrum
1958 1908 2063 1960 certas
2091 1898 2152 1963 sibi

168 1981 255 2046 niam
278 2001 337 2047 sua
359 1983 504 2064 potentia
537 1984 700 2049 excaecati
731 2004 795 2049 non
818 1976 959 2066 amplius
981 1995 1134 2066 reputant
1187 1981 1284 2047 boras
1313 1983 1551 2064 praescribant,
1580 2003 1661 2064 quas
1691 2002 1755 2045 non
1784 1981 1950 2062 patiantur
1978 1980 2038 2044 sibi
2068 1982 2152 2047 elabi

168 2088 202 2132 so
229 2087 300 2132 esso
328 2090 369 2133 ex
395 2065 510 2132 ordine
539 2069 744 2145 mortalium,
779 2069 828 2134 fac
858 2077 894 2132 ut
923 2080 1011 2133 terra
1040 2069 1134 2134 vivos
1186 2067 1306 2150 absquo
1329 2067 1487 2151 precibus.
1520 2065 1560 2130 In
1584 2068 1682 2133 verbo
1700 2064 1921 2138 tumultuandi,
1945 2074 1982 2128 ut
1999 2065 2152 2150 diximus,

169 2152 341 2236 deglutiat:
377 2153 440 2217 hoo
461 2165 521 2231 est,
554 2174 595 2218 ne
617 2152 696 2236 quid
718 2151 874 2236 impediat
896 2155 1071 2237 quominus
1093 2154 1133 2220 ad
1186 2162 1321 2217 notatur
1343 2154 1470 2218 fervor:
1494 2153 1578 2235 quod
1597 2164 1753 2236 tanquam
1774 2170 1921 2217 summae
1937 2153 2152 2233 aegritudinis

167 2259 304 2321 poenam
326 2258 391 2321 qua
413 2238 505 2322 digni
527 2247 621 2318 sunt,
655 2260 728 2306 cum
747 2261 805 2305 suo
835 2239 920 2305 fastu
950 2239 1132 2305 trahantur.
1186 2250 1220 2302 et
1244 2237 1339 2304 valde
1361 2239 1450 2303 anxii
1475 2248 1582 2303 metus
1603 2241 1733 2321 signum
1758 2239 1866 2321 posuit
1887 2235 2006 2301 David.
2040 2237 2153 2322 Neque

167 2324 293 2388 Causae
315 2322 455 2390 redditio
478 2326 595 2390 iterum
619 2324 761 2408 ostendit
783 2324 945 2390 Davidem
979 2347 1043 2390 uon
1067 2336 1133 2391 tam
1185 2323 1273 2388 enim
1296 2326 1438 2390 sonitum
1456 2323 1506 2388 vel
1528 2323 1702 2389 clamorem
1727 2324 1827 2403 edidit
1849 2323 1912 2388 nisi
1927 2342 2022 2403 quem
2042 2328 2152 2393 anxie·

167 2410 200 2474 in
223 2430 377 2492 personas
407 2409 551 2475 hostium
578 2431 712 2475 suorum
742 2411 835 2490 ferri,
869 2432 965 2493 quam
996 2432 1133 2494 poenam
1186 2420 1237 2474 tae
1283 2411 1383 2475 animi
1433 2409 1482 2474 val
1522 2411 1686 2475 moestitia
1721 2407 1944 2491 extorquebat.
2000 2409 2152 2478 Testatur

168 2496 361 2561 denuntiare
383 2495 539 2579 improbis
561 2495 711 2561 omnibus
730 2497 785 2579 qui
804 2495 866 2559 Dei
891 2497 1059 2563 ecclesiam
1085 2501 1132 2562 in·
1186 2498 1287 2581 igitur
1309 2495 1417 2560 nullos
1438 2495 1601 2560 cruciatus
1624 2495 1676 2559 vel
1706 2495 1832 2560 dolores
1860 2494 1920 2559 sibi
1948 2494 2016 2558 fore
2045 2496 2151 2562 obsta·

167 2581 261 2645 iustis
284 2581 443 2647 molestiis
465 2581 627 2663 affligunt.
660 2581 819 2662 Matidiae,
843 2582 956 2664 inquit,
978 2585 1013 2647 iu
1035 2583 1132 2648 fobea
1185 2581 1257 2646 culo
1278 2582 1451 2664 quominus
1472 2601 1548 2645 suas
1578 2583 1794 2662 querimonias
1822 2578 1862 2643 ad
1885 2579 1993 2645 Deum
2022 2579 2151 2667 dirigat,

165 2666 288 2732 1111111111
305 2668 456 2747 ipsoram,
475 2689 512 2733 ao
530 2669 558 2732 si
576 2666 708 2747 diceret,
728 2667 920 2749 Ubicunque
932 2668 1133 2733 domicilium

166 2750 226 2816 sibi
249 2752 380 2835 eligant,
403 2750 471 2818 illio
492 2752 638 2818 habitare
661 2754 781 2819 multae
804 2754 991 2835 pravitates.
1036 2752 1133 2834 Quod

167 2848 279 2920 postea
306 2838 422 2903 melius
449 2839 621 2921 exprimit,
659 2837 771 2905 dicans
800 2838 942 2904 residere
970 2840 1006 2904 ia
1034 2839 1134 2905 aredio

165 2943 286 3002 11111111,
316 2923 402 3006 quod
431 2921 624 2989 tantundem
647 2925 735 2990 valet
757 2935 855 3007 atque
878 2925 969 2990 intua
992 2924 1033 2990 ab
1053 2926 1133 3007 ipsis

165 3008 277 3085 foveri,
295 3007 431 3091 ideoque
449 3008 638 3075 individuas
655 3031 726 3077 case
744 3011 887 3087 comitas,
909 3010 962 3074 vel
974 3010 1008 3074 111
1021 3010 1132 3076 eodem

165 3094 379 3160 contubernio
401 3115 544 3160 manere.

254 3291 303 3355 17.
327 3289 397 3373 Epo
418 3291 460 3356 ud
482 3289 587 3357 Deum
614 3291 767 3372 sumam
800 3299 828 3358 et
853 3291 968 3358 lebona
997 3291 1135 3357 secabit

164 3397 221 3442 me.
268 3377 318 3442 18.
350 3377 488 3457 Vespere,
511 3383 539 3442 et
559 3398 665 3455 meae,
695 3377 873 3443 etmeridie
895 3377 987 3442 uodo
1009 3384 1036 3442 ct
1057 3383 1132 3443 atre-

161 3464 264 3543 pitum
294 3463 401 3528 edom:
432 3468 460 3528 et
488 3463 595 3529 audiet
622 3482 721 3528 umen
752 3484 861 3528 mecm.
909 3464 958 3529 19.
992 3463 1134 3529 Redemit

161 3549 200 3622 ‚in
215 3567 327 3628 pacem
348 3550 489 3613 unimam
509 3568 611 3613 meam
641 3570 661 3614 a
688 3549 807 3631 proelio
835 3551 916 3631 quod
944 3549 1023 3613 mibi
1051 3555 1134 3614 erut:

164 3635 312 3714 quoniam
333 3634 369 3697 in
390 3634 496 3698 matris
515 3634 645 3715 fueruat
663 3655 789 3700 1111111111.
827 3635 878 3698 20.
897 3634 1017 3699 Audiet
1035 3634 1133 3714 Deua,

164 3722 191 3783 ef
212 3721 329 3802 affliget
349 3718 448 3805 eos‚*)
476 3725 502 3784 et
534 3721 589 3801 qui
610 3720 692 3785 sedet
713 3720 752 3786 ob
781 3723 888 3803 initio,
920 3720 1029 3796 Seluk,
1059 3721 1134 3801 qaia

164 3824 225 3869 acu
246 3810 320 3869 suat
340 3807 524 3871 mutationes
543 3806 639 3887 ipsis:
662 3812 689 3870 el
709 3825 771 3872 nou
792 3808 898 3871 timeat
920 3805 1051 3871 Deum.'

251 4002 301 4066 17.
324 4001 408 4087 (qu
430 4002 473 4067 cd
495 4001 599 4067 Deum
621 4001 783 4088 clamabo)
821 4003 962 4068 Retineo
984 4004 1131 4067 futurum

164 4098 293 4169 tempus
314 4089 348 4151 in
373 4087 495 4170 verbis,
516 4088 599 4186 ⁸quia
620 4108 685 4151 non
708 4099 776 4153 tarn
800 4090 898 4153 refert
920 4088 996 4172 quid
1019 4089 1131 4171 egerit,

164 4192 263 4253 quam
285 4187 320 4237 se
338 4175 445 4255 ipsum
469 4186 594 4237 animat
612 4184 645 4236 et
664 4173 814 4239 hortatur
836 4186 902 4239 tam
921 4175 961 4238 ad
980 4173 1132 4257 precandi

165 4257 327 4332 studium,
362 4279 459 4341 quam
493 4256 533 4320 ad
568 4279 659 4343 spem
693 4274 726 4323 et
758 4259 924 4325 fiduciam.
969 4259 1132 4340 Quamvis

163 4364 241 4426 ergo
264 4345 388 4408 nullum
412 4345 569 4428 effugium
592 4356 713 4426 pateat,
736 4358 771 4409 ut
794 4345 876 4409 nihil
899 4343 1132 4428 propemodum

163 4449 183 4489 a
205 4441 332 4494 mortuo
354 4430 519 4494 differret:
554 4431 724 4510 profitetur
746 4441 854 4494 tamen
878 4452 913 4496 se
935 4432 1034 4495 finem
1057 4451 1130 4512 pro·

163 4513 258 4578 candi
288 4536 355 4580 non
383 4515 563 4593 factruum,
596 4529 629 4579 et
658 4516 718 4580 sibi
747 4536 930 4582 successum
962 4517 1130 4600 promittit.

162 4600 319 4665 Proximo
343 4621 440 4666 versu
475 4601 749 4683 perseverantiam
778 4603 838 4667 sibi
868 4603 1054 4685 expressius
1083 4604 1131 4664 in-

162 4686 287 4770 iungit,
315 4707 419 4768 nequo
448 4689 533 4750 enim
563 4687 644 4751 satis
673 4700 743 4751 erat
774 4708 839 4751 uno
868 4688 968 4753 verbo
1001 4687 1130 4764 dixisse,

163 4772 278 4837 orabo:
313 4774 389 4854 quia
422 4772 507 4836 idem
537 4774 758 4856 perfunctorie
791 4773 914 4839 faciunt
948 4773 1041 4836 multi
1076 4774 1132 4855 qui

162 4876 240 4920 mox
273 4859 437 4923 fatiscunt.
493 4858 606 4922 Primo
640 4870 749 4921 autem
784 4870 917 4923 notatur
950 4857 1132 4936 assiduitas,

162 4941 278 5008 deiude
307 4943 523 5009 vehementia.
569 4944 613 5007 Et
645 4943 728 5025 quod
758 4964 864 5026 moue,
883 4964 1097 5026 ,uesperum,‘

162 5029 324 5094 meridiem
346 5030 511 5106 nominat,
541 5028 692 5112 colligere
715 5030 790 5095 licet
812 5040 913 5094 statas
944 5034 1043 5095 fuisse
1072 5050 1135 5112 pua

248 5250 277 5319 Ι“)
295 5251 338 5304 les
356 5249 484 5319 affligere,
504 5264 540 5304 eu
557 5264 665 5319 margo:
683 5266 718 5304 ou
737 5251 796 5304 leur
813 5249 971 5321 rospondra

1186 2677 1219 2730 et
1248 2687 1339 2750 spem
1370 2666 1484 2733 salutis
1507 2669 1609 2731 fixam
1631 2687 1669 2732 ac
1691 2669 1819 2732 firmam
1850 2664 1958 2730 foveat
1991 2666 2025 2729 in
2054 2669 2151 2734 corde

1185 2773 1260 2817 suo:
1294 2752 1371 2834 quia
1404 2765 1491 2818 certo
1521 2772 1697 2833 persuasus
1729 2756 1787 2831 eit,
1828 2763 1903 2815 vota
1935 2770 1995 2817 sua
2028 2773 2048 2817 a
2079 2753 2151 2818 Deo

1185 2838 1374 2903 exauditum
1396 2838 1446 2903 iri.

1274 2923 1323 2988 19.
1347 2922 1503 3006 (Redemit
1524 2923 1557 2987 ia
1580 2921 1715 3007 paoem.)
1760 2924 1824 3004 eri
1856 2922 1937 2988 dnos
1966 2923 2151 3005 superiores

1188 3031 1299 3074 versus
1316 3009 1351 3072 in
1371 3020 1515 3091 tempore
1532 3010 1708 3090 praeterito
1727 3008 1850 3093 legunt,
1873 3009 2028 3073 videntur
2043 3009 2153 3092 aliqua

1187 3096 1312 3159 ratione
1342 3093 1419 3173 niti,
1455 3113 1492 3158 ac
1523 3094 1549 3157 si
1577 3091 1687 3157 David
1716 3093 1769 3159 hic
1798 3094 1951 3179 probaret
1987 3116 2022 3159 sa
2051 3095 2152 3160 fuisse

1186 3180 1393 3256 exauditum,
1424 3180 1499 3260 quia
1528 3177 1715 3261 redemptus
1745 3181 1859 3256 fuerit,
1893 3179 1949 3243 sed
1973 3179 2033 3244 hoo
2056 3180 2152 3245 facile

1187 3266 1330 3340 diluitur,
1353 3264 1407 3328 vel
1429 3264 1513 3346 qnod
1529 3263 1568 3328 de
1586 3265 1692 3330 salute
1710 3285 1771 3330 sua
1788 3286 1971 3349 persuasus,
1994 3265 2153 3349 glorietur

1186 3373 1221 3416 se
1254 3351 1381 3416 salvum
1416 3370 1503 3414 esse:
1538 3348 1591 3414 vel
1624 3351 1708 3433 quod
1743 3351 1890 3418 diversas
1923 3349 2152 3417 meditationes

1185 3438 1394 3519 permisceat:
1428 3436 1525 3500 sicuti
1557 3437 1676 3502 ecimus
1710 3438 1793 3502 votis
1822 3435 1987 3501 interdum
2017 3436 2152 3521 adiungi

1188 3524 1406 3587 narrationem
1434 3533 1572 3587 eventus
1599 3524 1653 3605 qui
1684 3535 1843 3605 sequutus
1872 3533 1929 3587 eet.
1974 3523 2153 3606 Postquam

1186 3630 1264 3693 orgo
1286 3608 1433 3672 narravit
1456 3628 1531 3672 suas
1555 3627 1674 3689 preces,
1699 3609 1877 3690 profectum
1901 3629 2028 3690 quoque
2051 3606 2153 3685 addit,
2260 3659 2262 3662 .

1185 3705 1224 3759 ut
1245 3715 1303 3776 pro
1324 3694 1517 3771 liberatione
1538 3695 1660 3775 gratias
1682 3709 1767 3778 agat.
1804 3693 1894 3760 Dicit
1917 3708 2025 3757 autem
2048 3714 2083 3758 se
2102 3715 2154 3758 re·

1186 3780 1352 3863 demptum
1385 3779 1486 3842 fuisse
1518 3780 1552 3842 in
1587 3800 1715 3860 pacem,
1750 3780 1800 3844 vel
1838 3778 1877 3844 ad
1911 3799 2041 3863 paoem:
2078 3779 2155 3862 quia

1186 3865 1301 3929 ultimo
1325 3864 1509 3930 discrimina
1532 3884 1717 3946 oppressus,
1740 3886 1811 3929 eam
1831 3887 1896 3929 non
1916 3867 1977 3929 nisi
1996 3865 2155 3947 singulari

1185 3949 1341 4015 miraculo
1374 3949 1511 4031 adeptus
1543 3950 1594 4013 eit.
1651 3950 1746 4029 Quod
1781 3961 1892 4033 postea
1924 3951 2088 4033 sequitur,
2119 3951 2155 4015 iu

1184 4036 1290 4100 multis
1321 4036 1451 4117 fueruat
1472 4054 1606 4099 mecum:
1639 4035 1800 4118 duplicem
1836 4057 1970 4101 sensum
2000 4034 2153 4103 admittit.

1185 4121 1327 4202 Quidam
1351 4122 1391 4184 de
1413 4121 1559 4185 hostibus
1590 4135 1776 4204 exponunt:
1811 4142 1848 4187 ac
1879 4121 2060 4189 secundum
2089 4143 2152 4202 eos,

1184 4226 1302 4272 mecum
1324 4206 1517 4271 tantundem
1543 4206 1629 4271 valet
1651 4229 1687 4272 ac
1710 4217 1824 4271 contra
1846 4229 1908 4273 me.
1953 4207 2005 4272 Ita
2034 4208 2154 4272 confir·

1185 4295 1283 4358 matio
1298 4306 1382 4357 esset
1401 4290 1629 4374 redemptionis
1648 4293 1688 4358 de
1706 4314 1771 4375 qua
1792 4315 1897 4377 nuper
1920 4294 2073 4376 loquutus
2088 4307 2153 4357 est:

1184 4379 1268 4461 quod
1290 4379 1416 4461 ingenti
1439 4377 1580 4442 hostium
1605 4379 1699 4443 turba
1716 4379 1874 4457 obsessus,
1897 4380 2028 4444 nonnisi
2050 4377 2151 4442 admi·

1185 4464 1278 4533 rabili
1300 4464 1363 4529 Dei
1385 4465 1491 4546 gratia
1520 4465 1632 4528 salvus
1661 4467 1812 4531 evaserit.
1857 4465 1926 4532 Alii
1958 4465 1998 4529 de
2028 4463 2154 4545 angelis

1184 4549 1366 4632 intelligere
1389 4549 1524 4629 malunt,
1547 4570 1628 4632 quos
1650 4552 1770 4616 scimus
1793 4552 1961 4616 turmatim
1984 4571 2042 4633 pro
2061 4548 2154 4612 nobis

1184 4655 1346 4719 pugnare,
1379 4645 1416 4699 ut
1448 4645 1556 4700 castra
1576 4635 1696 4701 'locant
1725 4637 1759 4701 in
1794 4637 1931 4702 circuitu
1966 4634 2152 4699 timentium

1184 4722 1304 4786 Deum.
1349 4719 1495 4785 Literam
1519 4742 1597 4786 vero
1619 4737 1666 4804 2,
1695 4731 1732 4786 ut
1760 4742 1855 4804 saepe
1878 4721 1974 4799 alias,
1998 4740 2154 4804 superva-

1185 4827 1279 4870 cuam
1303 4827 1372 4871 esae
1396 4817 1528 4888 putant,
1556 4810 1643 4871 acsi
1667 4807 1802 4872 dixisset
1824 4807 2029 4890 simpliciter,
2057 4803 2154 4869 multi

1185 4891 1319 4957 fuerunt
1340 4913 1475 4956 mecum.
1516 4894 1625 4974 Atque
1648 4892 1701 4956 hic
1723 4894 1879 4975 posterior
1901 4913 2015 4957 sensus
2037 4891 2153 4956 doctri·

1188 4998 1263 5041 nam
1286 4979 1430 5042 continet
1448 4977 1577 5059 planam
1596 4979 1831 5056 consolationis,
1851 4977 1934 5059 quod
1953 4978 2054 5054 Deus,
2078 4976 2155 5041 licet

1188 5063 1301 5127 alienis
1335 5061 1489 5128 subsidiis
1518 5085 1582 5126 non
1614 5063 1775 5146 indigeat,
1810 5065 2009 5129 infirmitatis
2043 5078 2152 5127 tamen

1189 5162 1317 5213 nostrae
1335 5170 1432 5214 causa
1451 5147 1563 5213 multis
1584 5148 1786 5215 adiutoribus
1802 5148 1993 5214 adsalutem
2006 5162 2151 5214 nostram

1190 5246 1309 5299 utatur.
1355 5234 1421 5300 Sed
1445 5235 1528 5298 forte
1551 5235 1659 5316 aptius
1681 5237 1743 5299 erit
1765 5234 1806 5300 ad
1824 5234 1933 5301 hostes
1956 5234 2092 5309 referre,
2116 5246 2154 5298 ut
