4658 5856
161 339 226 406 763
957 333 1175 402 PSALMUS
1198 336 1364 403 LXXXI.
2094 338 2156 404 764

162 532 269 597 verbis
291 527 459 593 autoritas.
505 525 603 606 Quod
637 535 748 607 postea
778 526 934 607 seqnitur,
970 521 1076 589 Israel
1103 524 1133 588 si
1184 526 1310 591 tentiae
1333 527 1402 592 eius
1425 527 1509 591 viam
1534 526 1726 592 obstruunt:
1761 547 1798 593 ao
1822 528 1848 591 si
1872 528 2002 602 diceret,
2025 526 2156 609 eulpam

159 618 302 685 audieris
324 634 381 693 me,
414 622 493 696 puto
515 614 652 693 abrupte
674 632 745 676 esse
769 613 921 693 positum,
944 621 979 674 ut
1002 611 1035 673 in
1060 629 1133 674 ora·
1185 611 1341 693 penuriae
1365 612 1507 677 residere
1529 614 1563 677 in
1588 613 1715 696 populo,
1749 614 1824 695 quia
1857 615 2015 677 bonorum
2038 612 2156 694 quibus

160 704 306 769 tionibus
338 699 512 782 pathetiois
545 698 688 762 defectus
710 699 867 762 maiorem
889 696 1131 761 vehementiam
1184 694 1312 778 indiget
1343 718 1445 780 oapax
1467 700 1612 764 nonsit:
1646 698 1712 762 imo
1734 697 1973 764 iuer-edulitatis
1996 719 2076 763 suae
2099 700 2156 763 ob·

160 789 324 873 exprimit.
357 786 426 850 Alii
447 793 625 849 contexunt
647 805 720 848 eum
744 804 842 847 versu
860 781 1132 866 sequenti,Israel
1184 783 1310 847 stnoulo
1332 796 1442 849 areeat
1462 805 1499 850 ae
1522 784 1658 865 repellat
1681 805 1763 866 quae
1786 784 1872 849 ultro
1894 785 2035 848 fluerent
2058 786 2156 848 bene·

161 878 190 943 si
212 897 264 940 me
287 870 439 948 audieris,
464 891 528 935 nou
551 869 614 933 erit
636 868 670 932 in
690 879 723 932 te
742 869 822 934 deus
844 881 1029 933 extraneus.
1065 866 1131 931 Sed
1184 868 1267 933 fioia.
1313 869 1381 935 Neo
1403 871 1508 935 solum
1530 869 1620 934 iubet
1642 890 1678 936 os
1700 869 1838 953 aperire,
1859 869 1916 935 sed
1935 872 2060 953 gratiae
2079 891 2156 934 suae

160 983 221 1047 ego
250 980 361 1027 vooem
394 955 607 1022 desiderantis
638 976 709 1019 esse
741 955 890 1020 arbitror.
936 954 1132 1036 Quanquam
1185 954 1418 1020 abundantiam
1461 954 1664 1039 splendidius
1705 957 1927 1022 sommendat:
1967 956 2157 1039 signifieans

160 1048 290 1130 oblique
305 1043 468 1128 signifieat
481 1043 570 1105 Deus
587 1042 768 1123 praefraoto
787 1041 904 1124 populo
916 1062 951 1104 se
974 1040 1132 1118 diffidere,
1184 1043 1393 1121 quantumvis
1414 1063 1450 1107 se
1471 1042 1567 1126 longe
1590 1062 1626 1106 ao
1649 1040 1714 1105 late
1737 1042 1916 1106 extendant
1939 1056 2052 1106 nostra
2074 1042 2158 1107 desi·

161 1143 195 1199 et
218 1135 274 1199 vix
296 1150 426 1213 sperare
449 1127 647 1209 morigerum
671 1127 750 1205 fore,
773 1127 824 1191 rel
843 1126 990 1192 dooilern.
1035 1125 1134 1190 Prae·
1184 1126 1284 1202 deria,
1319 1127 1400 1190 nihil
1435 1126 1546 1192 delore
1580 1127 1620 1191 ad
1654 1128 1785 1210 plenam
1818 1128 2014 1192 satietatem.
2059 1127 2157 1193 Unde

160 1221 294 1303 oipunm
318 1213 433 1280 deinde
456 1211 595 1277 foederis
617 1220 724 1294 eaput,
749 1224 781 1276 et
803 1213 870 1277 fere
894 1232 1057 1276 summam
1082 1223 1129 1274 to·
1184 1213 1339 1293 sequitur,
1361 1232 1457 1295 pares
1481 1224 1513 1277 et
1536 1213 1677 1277 tenuiter
1699 1213 1824 1278 stillare
1847 1215 1881 1277 in
1910 1232 1969 1277 nos
1999 1213 2158 1278 coelestes

161 1315 230 1370 tarn
254 1300 414 1386 proponit,
437 1305 475 1364 ut
496 1299 584 1363 solus
603 1299 673 1381 ipso
695 1299 842 1363 emineat.
888 1297 925 1364 Si
944 1298 996 1363 oui
1019 1308 1131 1361 tamen
1184 1299 1317 1380 gratias,
1340 1299 1416 1380 quia
1440 1322 1476 1364 es
1499 1299 1598 1363 nimis
1620 1311 1797 1381 angustum
1822 1310 1880 1372 ost,
1904 1300 1984 1364 alios
2008 1321 2086 1363 vero
2112 1301 2158 1364 ie·

161 1390 265 1467 magis
286 1389 332 1452 ita
353 1386 516 1451 resolvere
528 1384 661 1467 plaoeat,
680 1384 782 1450 Israel
801 1406 902 1467 quum
914 1381 1131 1457 meandieris,
1184 1384 1277 1448 iunos
1296 1406 1366 1449 esse
1388 1395 1422 1449 ot
1443 1387 1566 1464 inanes,
1590 1385 1666 1466 quia
1683 1405 1872 1467 osprorsus
1890 1384 2057 1463 elaudunt,
2081 1405 2157 1449 nam

162 1476 242 1542 nihil
265 1472 422 1555 estquod
444 1490 547 1553 aeque
569 1470 626 1534 abs
649 1485 682 1534 te
704 1471 875 1553 postulem,
909 1470 962 1534 vel
988 1469 1129 1551 exigam,
1183 1471 1287 1534 maior
1320 1491 1395 1552 pars
1428 1471 1480 1534 vel
1515 1471 1654 1547 fastidio,
1687 1470 1739 1534 vel
1773 1472 1934 1552 superbia,
1967 1470 2020 1534 vel
2048 1471 2158 1535 lurore

161 1563 223 1628 nisi
248 1569 283 1625 ut
305 1580 358 1623 me
391 1579 456 1622 uno
489 1564 671 1634 contentus,
705 1556 827 1622 alienos
861 1556 937 1619 deos
970 1554 1030 1619 tibi
1064 1576 1128 1618 non
1183 1557 1307 1638 respuit
1339 1556 1496 1639 quidquid
1530 1578 1548 1621 ο
1579 1557 1666 1621 ooelo
1701 1558 1861 1621 bonorum
1894 1557 2050 1620 offertur:
2092 1556 2157 1630 alii,

160 1667 322 1714 aenersas:
348 1645 432 1709 hane
453 1643 649 1707 senteutiam
674 1663 738 1707 non
757 1642 914 1725 improbo.
959 1639 1130 1706 Uertehao
1183 1642 1333 1722 quamvis
1357 1663 1424 1705 non
1447 1643 1482 1706 in
1506 1651 1610 1706 totum
1630 1642 1789 1720 reiioiant,
1813 1644 1870 1705 vix
1889 1653 1999 1707 tamen
2019 1643 2158 1725 exiguas

161 1753 239 1798 vooe
261 1733 432 1797 eonfirmat
454 1728 544 1793 Deus
577 1727 660 1809 quod
694 1729 789 1792 toties
822 1728 898 1792 alibi
932 1727 1074 1791 ineuloat
1095 1726 1129 1788 in
1183 1741 1294 1810 guttas
1317 1726 1504 1807 admittunt,
1528 1728 1604 1810 quia
1625 1727 1671 1793 sie
1694 1729 1845 1792 restrieta
1866 1738 1916 1792 est
1938 1748 2051 1791 eorum
2076 1727 2158 1793 fides

160 1821 233 1903 lege
267 1828 301 1881 et
334 1815 509 1900 prophetis,
544 1835 579 1877 so
607 1813 792 1897 zelotypum
825 1835 906 1896 esse,
942 1824 977 1876 ut
1007 1813 1130 1876 sosium
1184 1827 1221 1875 ut
1243 1813 1378 1878 effusam
1402 1816 1528 1897 eopiam
1552 1814 1716 1896 impediat.
1751 1813 1841 1877 Hinc
1859 1834 1936 1877 vero
1955 1814 2056 1877 nimis
2071 1814 2158 1878 olere

160 1904 295 1971 honoris
317 1923 384 1967 non
406 1901 566 1965 admittat.
613 1898 677 1965 Sed
700 1902 827 1965 interea
847 1898 946 1963 simul
969 1896 1130 1971 admonet,
1184 1898 1345 1982 detegitur
1367 1901 1480 1964 mnudi
1504 1901 1658 1983 pravitas,
1682 1899 1766 1981 qnod
1791 1920 1894 1980 neque
1912 1898 2021 1963 Deum
2045 1901 2156 1983 cogni·

160 1990 359 2075 prineipium
383 1987 451 2051 veri
474 1987 582 2050 oultus
595 1983 746 2069 insipere
768 1985 809 2051 ab
831 1983 1025 2049 obedientia.
1070 1982 1130 2047 Di·
1184 1993 1253 2047 tunt
1277 1985 1437 2067 ampleoti,
1460 2006 1565 2067 neque
1583 1985 1617 2049 in
1636 1986 1894 2067 e0,aoquiesoere
1916 1986 2075 2049 sustinet:
2097 1986 2157 2050 etsi

159 2098 255 2143 versa
288 2082 338 2139 est
372 2070 457 2154 apud
487 2070 603 2136 Mosen
636 2071 747 2152 series,
775 2070 880 2137 Exod.
914 2070 967 2150 20,
996 2069 1026 2134 2.
1055 2069 1131 2133 det
1183 2070 1270 2134 enim
1304 2082 1439 2135 externo
1472 2070 1670 2136 adorationis
1702 2072 1796 2155 signo
1831 2071 1893 2134 noli
1927 2092 1962 2134 se
1991 2071 2083 2137 Deus
2105 2072 2157 2136 hie

159 2162 342 2226 Deuteron.
365 2180 434 2241 oap.
458 2156 489 2233 b,
513 2178 597 2221 vers.
621 2157 650 2221 6.
675 2158 695 2223 8
719 2179 794 2221 nam
817 2157 872 2221 ubi
896 2157 1059 2240 praefatus
1081 2163 1132 2218 est
1183 2156 1334 2238 postulat,
1366 2179 1432 2222 non
1463 2167 1574 2220 tamen
1604 2171 1752 2221 moratur
1780 2156 1903 2220 nudum
1927 2177 2058 2233 nomen,
2080 2158 2157 2239 quia

161 2246 255 2312 Deus
276 2268 311 2311 se
334 2264 404 2309 esse
422 2243 532 2307 Deum
550 2242 693 2320 Israelis,
715 2244 866 2326 prohibet
888 2265 928 2308 ne
951 2241 1011 2307 sibi
1035 2239 1130 2305 fabri·
1183 2244 1252 2307 eins
1274 2243 1427 2308 maiestas
1449 2244 1484 2307 in
1508 2242 1634 2307 duabus
1656 2243 1707 2306 vel
1730 2242 1836 2307 tribus
1858 2242 1992 2325 syllabis
2015 2244 2155 2307 sitanon

161 2344 237 2399 oent
270 2351 370 2395 novos
404 2329 491 2393 deos.
542 2328 606 2394 Hie
639 2342 747 2394 autem
780 2329 956 2411 prohibitio
989 2328 1130 2409 priorem
1183 2338 1250 2393 est:
1284 2329 1340 2393 sed
1371 2350 1439 2393 rem
1470 2331 1575 2411 potius
1598 2335 1731 2410 speetat,
1755 2349 1797 2392 ne
1822 2327 1885 2392 alio
1907 2328 2061 2391 diffluant
2083 2350 2155 2409 spes

161 2418 268 2485 looum
291 2415 431 2480 obtinet:
455 2413 572 2478 deinde
595 2413 728 2481 additur
744 2437 862 2482 oausae
880 2414 1028 2493 redditio,
1046 2412 1130 2494 quod
1183 2424 1333 2479 nostrae:
1367 2415 1419 2480 vel
1441 2415 1512 2479 lans
1535 2414 1688 2492 iustitiae,
1710 2413 1826 2478 salutis
1849 2424 1882 2477 et
1905 2412 2063 2477 bonorum
2087 2435 2155 2478 om·

162 2503 290 2569 abunde
313 2502 464 2566 suffieere
487 2499 603 2564 debeat
621 2500 713 2566 Deus
735 2501 789 2566 ille
812 2503 866 2582 qui
890 2501 950 2565 sibi
974 2498 1130 2581 populum
1184 2501 1273 2564 nium
1297 2501 1526 2565 transferatur.
1570 2500 1645 2565 Hoo
1666 2500 1753 2563 euim
1775 2500 1908 2563 nornine
1927 2498 2084 2563 deitatem
2097 2498 2156 2564 sibi

105 2606 110 2615 ·
161 2589 344 2672 aequisivit.
390 2587 490 2651 Forte
522 2587 621 2651 etiam
654 2588 912 2669 praeparationis
947 2585 1016 2648 vioe
1036 2584 1132 2648 initio

162 2675 223 2740 hoe
246 2673 363 2756 posuit,
385 2681 422 2736 ut
440 2670 594 2754 populum
613 2691 633 2734 a
649 2672 936 2753 superstitionibus
948 2670 1130 2745 abduceret,

183 2780 243 2824 uas
266 2759 358 2840 prius
380 2756 477 2821 evelli
499 2775 537 2820 ae
559 2758 692 2839 purgari
715 2778 846 2823 neeesse
867 2767 925 2834 est,
961 2775 1058 2838 quam
1081 2775 1131 2818 ra-

161 2781 249 2911 dices
272 2844 305 2907 in
329 2842 423 2907 nobis
445 2852 521 2924 agat
543 2863 622 2907 vera
643 2844 757 2926 pietas.

250 2930 300 2993 11.
322 2926 449 3014 (Dilata
470 2948 503 2993 os
525 2927 637 3013 taum.)
681 2927 789 2995 Siouti
810 2928 903 3010 prius
932 2929 1125 3011 redemptio·

161 3036 239 3081 nem
254 3015 365 3099 populi
381 3033 649 3092 eommemoraus,
671 3016 820 3079 fraenum
837 3014 947 3080 inieoit
958 3015 1050 3079 Deus
1067 3034 1131 3096 quo

161 3121 240 3168 suos
261 3101 396 3167 olientes
417 3100 570 3183 obsequio
592 3099 765 3166 adstrietos
788 3109 928 3165 teneret:
952 3099 1013 3165 sibi
1036 3102 1069 3164 in
1083 3101 1131 3163 iu·

160 3196 272 3253 turum
296 3198 426 3270 tempus
448 3186 607 3251 bonorum
630 3186 777 3250 omnium
800 3187 926 3267 sopiam
957 3196 1130 3269 suppetere

160 3273 334 3339 denuntiat
361 3270 449 3336 unde
479 3271 610 3353 expleat
632 3272 741 3355 populi
764 3273 913 3336 esuriem.
959 3272 1129 3337 Notandae

159 3380 240 3425 vero
262 3366 340 3423 sunt
361 3369 429 3421 tres
449 3357 532 3422 istae
554 3356 707 3440 rationes,
726 3358 843 3439 quibus
861 3358 895 3420 in
914 3379 949 3423 se
959 3377 1027 3422 uuo
1038 3357 1129 3422 Deus

159 3445 308 3511 eontinet
340 3441 529 3524 Israeliten,
558 3464 595 3508 ae
629 3464 798 3526 perperam
830 3442 993 3526 impieque
1026 3444 1130 3507 fanore

154 3529 300 3613 petendit
323 3529 351 3594 si
373 3528 414 3593 ad
437 3526 514 3592 deos
536 3538 706 3593 extraneos
729 3528 901 3593 deelinent.
946 3529 1029 3592 Nam
1053 3547 1131 3593 vooe

159 3615 292 3682 Ieboaae
324 3635 361 3679 se
382 3613 492 3678 Deum
524 3623 644 3678 natura
675 3635 746 3680 esse
780 3634 939 3694 maerens,
974 3624 1073 3696 neget
1095 3614 1130 3678 in

159 3701 294 3766 arbitrio
305 3700 476 3765 hominnm
488 3719 560 3764 esse
577 3701 702 3783 fingere
720 3719 821 3765 novos
840 3700 927 3777 deos,
945 3719 984 3763 ao
995 3699 1129 3783 empha-

159 3788 261 3852 tieum
284 3797 334 3851 est
356 3806 536 3868 pronomen
558 3806 620 3868 epo.
666 3784 827 3866 Quamvis
849 3786 937 3850 enim
960 3800 1128 3869 praetexe·

157 3883 233 3937 rent
255 3872 420 3957 Aegyptii,
454 3891 489 3936 se
512 3869 608 3935 deum
631 3872 738 3937 oolere
760 3872 840 3938 eoeli
863 3883 897 3935 et
919 3882 1026 3936 terrae
1058 3872 1129 3953 opi·

159 3959 264 4040 finem,
293 3956 456 4022 mendaeii
486 3977 540 4021 eos
570 3956 678 4040 palam
699 3957 896 4041 ooargnebat
924 3968 1128 4040 contemptus

160 4042 223 4107 Dei
246 4042 367 4108 lsrael:
391 4064 410 4106 a
431 4063 495 4125 quo
515 4042 652 4108 simulae
674 4042 845 4108 discedunt
869 4043 1027 4120 homines,
1058 4043 1128 4108 eius

159 4128 272 4211 spoliis
294 4138 414 4192 ornant
436 4148 494 4193 sua
515 4129 682 4210 figmenta,
710 4149 921 4211 quoscunque
950 4128 1128 4194 obtendant

159 4214 292 4280 eolores.
337 4213 401 4278 Ubi
430 4234 465 4278 se
486 4212 643 4278 Iehovam
673 4215 821 4294 assernit,
849 4215 1001 4279 deitatem
1035 4235 1127 4279 suam

159 4301 279 4366 effeotu
307 4307 341 4363 et
373 4299 596 4380 experimento
625 4299 756 4382 probat:
791 4300 867 4382 quia
899 4301 969 4365 eins
1002 4300 1127 4364 alarum

159 4386 326 4467 speoimen
348 4384 535 4449 exhibuerit
555 4386 588 4449 in
612 4384 800 4450 redimendo
823 4385 961 4468 populo:
984 4406 1129 4468 praeser-

159 4472 218 4535 tim
241 4472 317 4554 quia
339 4481 419 4536 tuno
441 4468 539 4534 fidem
562 4470 709 4552 patribus
727 4471 836 4535 datam
855 4472 1027 4553 praestitit.
1051 4469 1127 4532 Vir-

160 4565 215 4621 tus
235 4557 322 4620 enim
346 4578 429 4639 quae
452 4567 530 4621 tune
552 4567 695 4638 spectata
717 4558 786 4636 luit,
816 4576 881 4619 non
904 4576 1049 4621 seorsum
1073 4557 1127 4619 de·

1185 2586 1346 2661 vendicat,
1370 2587 1454 2669 quod
1478 2585 1540 2651 sibi
1560 2586 1657 2668 plena
1675 2583 1831 2650 bonorum
1852 2597 2005 2668 suppetat
2024 2585 2156 2650 ubertas

1184 2671 1224 2735 ad
1248 2691 1306 2735 nos
1329 2672 1493 2737 satiandos
1516 2683 1549 2736 et
1571 2670 1762 2754 explendos.

1271 2757 1320 2821 12.
1351 2755 1407 2841 (Et
1437 2778 1500 2821 non
1532 2757 1678 2836 audivit.)
1741 2756 1839 2821 Nune
1876 2757 2024 2839 queritur
2053 2757 2154 2839 Deus,

1155 2868 1158 2885 ¹
1183 2863 1283 2925 quum
1306 2842 1474 2909 Israelitas
1494 2843 1629 2907 comiter
1651 2843 1692 2907 ad
1714 2862 1750 2907 se
1773 2842 1908 2918 allioiat,
1931 2842 2086 2907 blandam
2110 2853 2155 2907 ta·

1184 2949 1258 2993 men
1282 2929 1366 2995 hane
1388 2929 1614 2993 invitationem
1643 2929 1769 3010 sperni:
1804 2929 1870 2993 imo
1899 2949 1998 3009 quum
2028 2927 2152 3011 pridem

1183 3016 1325 3098 eoeperit
1353 3034 1407 3081 eos
1436 3013 1578 3094 hortari,
1612 3036 1742 3098 semper
1770 3033 1867 3079 aures
1896 3015 1994 3079 luisse
2027 3014 2155 3080 alausas

1184 3100 1282 3165 verbo
1306 3116 1376 3166 sn‘o.
1420 3101 1534 3182 Neque
1556 3100 1643 3164 enim
1666 3101 1705 3164 do
1729 3101 1827 3165 unius
1850 3109 1977 3165 tautum
1995 3100 2060 3164 diei
2079 3121 2153 3166 eon·

1184 3186 1326 3251 tumaoia
1347 3187 1547 3269 expostulat,
1578 3186 1634 3251 sed
1663 3185 1821 3269 populum
1853 3186 1963 3251 statim
1991 3187 2032 3250 ab
2062 3185 2154 3251 initio

1182 3270 1349 3354 stupidum
1373 3293 1410 3338 ao
1432 3273 1649 3354 praefractum
1672 3272 1774 3336 fuisse
1795 3272 1965 3356 intelligit,
1989 3283 2022 3335 et
2043 3273 2078 3335 in
2103 3293 2154 3337 ea·

1183 3357 1256 3421 dem
1286 3358 1503 3422 obstinatione
1531 3378 1676 3440 pergere.
1726 3357 1819 3421 Haeo
1855 3378 1934 3423 voro
1969 3357 2155 3441 prodigiosa

1182 3442 1308 3507 malitia
1334 3454 1400 3521 est,
1434 3443 1519 3523 Deo,
1553 3443 1607 3508 ubi
1641 3451 1772 3524 paratus
1805 3452 1854 3507 ost
1887 3442 2055 3508 nobiseum
2090 3445 2155 3507 lere

1182 3527 1341 3610 aequabili
1363 3528 1434 3609 lege
1452 3529 1582 3612 paoisoi,
1605 3527 1756 3594 elaudere
1774 3546 1949 3605 aooessum,
1972 3538 2004 3592 et
2022 3528 2157 3595 audien·

1182 3616 1262 3679 tiam
1284 3634 1414 3697 negare.
1458 3614 1508 3680 Ae
1530 3635 1572 3679 ne
1597 3613 1743 3696 eulpam,
1777 3615 1981 3697 ignorantiae
2007 3613 2156 3690 obtentu,

1182 3710 1375 3776 extenuent,
1405 3699 1496 3764 addit
1525 3722 1559 3764 se
1582 3721 1623 3764 ex
1642 3700 1787 3783 professo
1810 3715 1843 3764 et
1871 3700 2047 3765 deliberato
2079 3721 2155 3764 oon·

1183 3795 1309 3868 temptu
1339 3787 1438 3851 luisse
1471 3789 1637 3852 reieetnm.
1685 3784 1782 3851 Unde
1812 3798 1948 3868 apparet
1976 3786 2155 3851 laseinatas

1182 3893 1201 3936 a
1229 3871 1356 3936 diabolo
1384 3871 1484 3937 fuisse
1516 3892 1629 3936 eorum
1659 3882 1794 3937 mentes.
1840 3872 1928 3936 Hine
1964 3873 2156 3953 pronuntiat

1181 3956 1303 4023 fantum
1318 3978 1390 4022 esse
1408 3970 1444 4022 ut
1461 3980 1517 4022 eos
1535 3958 1695 4023 dimiserit
1713 3959 1747 4021 in
1767 3957 1886 4021 duritia
1902 3958 2009 4023 eordis
2023 3979 2155 4023 eorum:

1181 4044 1241 4119 vel,
1266 4053 1303 4106 ut
1321 4044 1375 4107 alii
1394 4053 1537 4118 vertunt,
1557 4045 1590 4107 in
1610 4043 1817 4126 cogitatione.
1851 4058 1942 4124 W!
1959 4044 2049 4108 euim
2066 4043 2155 4109 unde

1180 4128 1241 4194 hoe
1264 4148 1381 4191 nomen
1404 4129 1577 4193 deduntum
1601 4139 1661 4207 est,
1684 4129 1871 4193 umbilieum
1896 4130 2025 4211 proprie
2051 4130 2155 4212 sigui·

1180 4216 1264 4280 fleat.
1299 4214 1394 4278 Unde
1416 4224 1493 4296 apta
1515 4226 1565 4277 est
1586 4214 1758 4279 translatio
1781 4212 1821 4277 ad
1844 4216 2058 4297 cogitationes
2080 4236 2154 4279 oor-

1181 4300 1275 4365 dibus
1292 4299 1481 4382 implieitasz
1501 4298 1552 4361 vel
1566 4301 1662 4362 etiam
1679 4299 1719 4364 ad
1736 4299 1889 4364 duritiem
1906 4321 1990 4382 quae
2006 4300 2154 4366 medium

1180 4406 1235 4450 eor
1260 4396 1406 4469 oooupat.
1453 4383 1537 4463 Quia
1567 4394 1677 4449 tamen
1708 4386 1828 4451 seimus
1856 4388 1889 4450 in
1913 4385 2054 4451 Psalmis
2083 4408 2153 4452 rem

1180 4491 1278 4535 unam
1303 4470 1351 4535 bis
1369 4471 1472 4535 solere
1490 4471 1603 4553 repeti,
1628 4470 1766 4554 praetuli
1785 4491 1904 4536 nomeu
1923 4473 2151 4555 Cogitationis,

1181 4558 1255 4638 qnia
1277 4577 1353 4620 mox
1376 4557 1534 4637 sequitur,
1565 4555 1793 4621 Ambulabunt
1814 4569 1889 4640 post
1916 4578 1976 4623 sua
2003 4558 2150 4624 eonsilia.

159 4641 229 4706 buit
252 4643 434 4706 aestimari:
468 4643 544 4724 quia
566 4641 728 4723 pendebat
750 4663 769 4706 a
790 4641 921 4705 foedere
943 4641 1027 4724 quod
1050 4640 1126 4704 olim
1181 4643 1355 4707 Caeterum
1378 4640 1430 4704 his
1452 4642 1560 4706 verbis
1591 4643 1709 4706 iustam
1739 4663 1775 4706 se
1804 4664 1941 4725 poenam
1971 4643 2151 4725 sumpsisse

159 4749 232 4793 oum
256 4727 424 4792 Abraham
447 4728 617 4811 pepigerat
639 4726 725 4792 idem
754 4727 810 4792 ille
832 4727 933 4805 Deus,
967 4729 1021 4810 qui
1054 4747 1127 4808 pro·
1180 4735 1321 4791 testatur
1347 4725 1387 4790 de
1417 4727 1549 4808 populo,
1580 4728 1657 4792 dum
1688 4749 1768 4792 sana
1796 4749 1869 4792 eum
1901 4729 2049 4794 deotrina
2076 4751 2151 4813 spo·

159 4812 235 4876 bata
256 4834 317 4878 sua
334 4813 471 4877 veritate
490 4835 554 4878 non
575 4813 683 4878 miuus
701 4813 962 4895 quampotentia,
984 4813 1125 4877 debitam
1179 4811 1284 4891 liene,
1313 4812 1346 4874 in
1379 4811 1552 4893 reprobum
1582 4834 1713 4877 sensum
1744 4814 1888 4896 proiecit.
1933 4814 2037 4878 Sicuti
2061 4817 2150 4881 enim

159 4899 222 4964 sibi
245 4898 375 4964 laudern
403 4899 551 4964 asseruit.
596 4899 706 4963 Tertio
735 4899 800 4962 inm
829 4899 926 4962 sein
962 4909 1126 4981 posterum
1182 4896 1279 4961 verbo
1302 4918 1359 4961 suo
1383 4918 1441 4961 uos
1464 4919 1581 4980 regens
1603 4901 1692 4980 quasi
1717 4900 1829 4963 fraeno
1852 4901 1990 4979 cohibet,
2011 4921 2054 4965 ne
2078 4914 2153 4984 post

160 4985 264 5062 offert,
294 4985 357 5049 hoo
389 5005 498 5060 sensu,
531 4983 626 5048 modo
661 4994 775 5068 pergat
797 4983 901 5048 Israel
924 4986 957 5047 in
987 4983 1059 5059 fido,
1091 5003 1127 5047 se
1180 5003 1306 5046 errores
1329 5002 1504 5062 vagemur:
1537 4985 1583 5048 ita
1611 4985 1785 5065 prophetas
1815 5007 1891 5051 snos
1921 4987 2073 5052 auferens
2096 4988 2152 5052 In·

112 5062 121 5077 ’
160 5070 299 5134 eundem
322 5071 390 5134 fore
412 5091 491 5153 erga
513 5070 597 5134 filios
619 5070 746 5152 qualem
770 5070 897 5151 experti
912 5079 990 5134 sunt
1007 5080 1125 5151 patres,
1179 5066 1279 5146 daeis,
1301 5071 1464 5149 perversis
1487 5091 1598 5134 eornm
1622 5069 1766 5134 consiliis
1790 5071 1932 5137 habenas
1954 5072 2090 5148 laxavit,
2115 5088 2153 5140 ut

161 5155 238 5234 quia
259 5155 419 5219 exhausta
442 5177 506 5219 non
529 5158 573 5219 sit
594 5176 652 5219 sua
680 5155 865 5220 liberalitas.
911 5155 994 5219 Nam
1027 5153 1126 5217 verbo
1178 5151 1238 5216 sibi
1262 5150 1391 5215 errandi
1414 5166 1523 5219 essent
1546 5155 1653 5219 duoes.
1698 5157 1807 5239 Atque
1833 5158 1894 5222 hoo
1917 5160 2152 5241 gravissimum

159 5237 326 5320 dilatandi,
348 5239 477 5325 oblique
499 5241 689 5323 perstringit
711 5242 878 5325 angustias
900 5260 982 5322 quae
1005 5238 1126 5304 bonefi·
1178 5248 1228 5302 est
1250 5236 1412 5303 vindictae
1435 5262 1539 5324 genus
1561 5250 1595 5304 et
1621 5240 1753 5322 signum
1784 5242 1968 5309 horrendae
1995 5244 2152 5331 despora-
