4658 5856
184 305 249 369 aba
1016 307 1232 374 PSALMUS
1258 309 1354 372 xlx.
2121 309 2187 373 204

186 508 285 578 gustu
327 493 489 559 iustitiam
524 494 587 558 Dei
624 494 817 577 respuimus.
874 494 1048 561 Caeterum
1082 496 1160 560 hinc
1210 498 1334 563 frustra
1364 496 1470 579 legem
1500 497 1563 561 isto
1586 498 1731 561 encomio
1752 498 1861 562 ornari
1884 497 1969 580 quod
1992 496 2110 562 effectu
2134 516 2185 561 ca·

187 583 306 645 iterum
329 580 485 662 colligere
506 579 592 659 licet,
622 601 686 643 non
716 579 756 643 de
786 579 882 645 nudis
913 583 1094 664 praeceptis
1127 592 1160 645 et
1211 596 1271 656 ret,
1295 596 1446 665 prompta
1468 584 1635 665 responsio
1658 595 1725 646 est:
1747 583 1824 665 quia
1842 584 1875 646 in
1895 582 2022 648 foedere
2040 581 2186 665 adoptio-

187 680 318 730 mortua
346 667 442 730 litera
473 666 585 730 haberi
615 685 816 730 sermonem:
847 667 904 730 sed
928 668 1160 748 promissiones
1211 669 1263 731 nis
1292 667 1420 733 inclusa
1440 681 1489 733 est
1510 670 1655 752 gratuita
1683 680 1890 752 peccaterum
1919 667 2027 744 venia,
2055 688 2185 750 exque

185 753 303 833 quibus
330 752 468 816 offertur
490 752 604 834 gratia,
635 751 732 815 simul
755 752 1000 834 comprehendi:
1032 775 1108 818 nam
1131 752 1161 817 si
1211 753 1371 836 dependet
1393 754 1537 818 iustitiae
1560 754 1739 835 imputat-io,
1762 754 1908 819 fidelium
1926 754 2079 837 operibns
2102 775 2184 818 mer·

187 839 241 901 lex
272 850 401 902 tantum
430 835 572 901 iubendo
593 849 739 912 terreret,
770 839 930 920 quomodo
958 851 1044 905 esset
1070 861 1160 903 ama·
1210 839 1321 903 cedem
1352 840 1503 922 quamvis
1532 840 1709 904 indebitam
1737 839 1881 921 rependi.
1927 838 2013 903 Nam
2041 837 2127 921 qued
2149 840 2184 903 in

186 923 281 990 bilis?
337 923 435 989 Certe
468 922 497 988 si
527 943 546 986 a
579 942 636 1005 spe
670 924 783 986 veniae
816 936 849 988 et
882 925 1007 990 Christi
1041 927 1159 1008 spiritu
1212 925 1283 1009 lege
1318 925 1409 990 Deus
1442 926 1592 1008 perfectis
1625 925 1769 991 iustitiae
1800 924 2066 990 observatoribus
2110 946 2185 1006 pro-

185 1024 365 1093 separetur,
405 1018 472 1072 tam
513 1007 625 1090 procul
659 1009 751 1073 abest
783 1030 802 1072 a
835 1011 943 1076 mellis
977 1011 1159 1089 dulcedine,
1211 1011 1323 1089 mittit,
1359 1011 1470 1076 fideles
1511 1022 1649 1095 paterna
1679 1011 1750 1075 eius
1783 1009 1989 1092 indulgentia
2022 1008 2184 1089 obtinent,

187 1108 224 1159 ut
253 1116 313 1160 sua
347 1097 453 1178 potins
484 1092 700 1159 amaritudine
731 1097 868 1162 miseras
897 1097 1040 1162 animas
1058 1098 1159 1160 inter·
1210 1097 1288 1161 dum
1322 1097 1451 1160 illerum
1474 1111 1625 1161 conatum
1650 1106 1684 1162 et
1704 1097 1793 1179 pium
1817 1093 2015 1179 obsequendi
2037 1094 2184 1160 studium

186 1182 284 1246 ficiat.
1209 1202 1268 1263 pro
1291 1182 1435 1247 iustitiae
1453 1181 1653 1264 perfectione
1675 1194 1806 1266 gratum
1829 1182 1937 1249 habet.

275 1267 325 1330 11.
347 1264 472 1351 (Etiam
492 1286 601 1331 savus
622 1267 718 1352 trees.)
759 1266 955 1351 Quanquam
980 1268 1041 1332 hoc
1062 1288 1160 1351 gene·

187 1353 299 1418 taliter
319 1352 359 1415 ad
382 1350 541 1433 quoslibet
563 1355 633 1433 pios
651 1353 782 1418 extendi
804 1364 921 1435 potest,
944 1369 1030 1419 recte
1048 1362 1158 1417 tamen
1297 1354 1347 1417 12.
1371 1353 1533 1419 errores·
1576 1355 1649 1435 quis
1677 1352 1851 1436 intelligit?
1881 1353 1920 1417 ab
1947 1353 2071 1418 orcadis
2103 1357 2184 1419 meis

187 1437 228 1503 de
261 1440 331 1522 ipso
361 1437 490 1502 Davide
519 1440 688 1523 accipitur,
723 1449 760 1502 ut
787 1444 927 1504 testetur
960 1460 995 1504 se
1027 1440 1158 1521 proprio
1209 1440 1329 1504 munda
1350 1461 1406 1505 me.
1431 1439 1480 1504 13.
1521 1441 1614 1504 ,tiam
1637 1436 1893 1524 asupabiart)
1915 1439 2185 1505 conticescerem

187 1525 415 1608 experimento
437 1523 537 1604 probe
556 1535 667 1590 tenere
685 1523 841 1607 quidquid
866 1526 1023 1591 hactenns
1041 1525 1158 1590 docuit.
1208 1530 1306 1606 tunm,
1334 1547 1372 1590 ae
1393 1527 1589 1590 dominentur
1609 1525 1704 1589 mitt:
1732 1530 1803 1589 tune
1826 1526 1944 1607 integer
1964 1545 2025 1599 ero,
2046 1530 2073 1590 et
2094 1546 2183 1592 maa·

187 1610 234 1675 Et
261 1619 349 1675 certe
379 1630 475 1674 nemo
504 1608 544 1673 de
573 1610 702 1675 coelesti
732 1609 882 1676 doctrina
910 1632 988 1676 vere
1019 1623 1052 1675 et
1073 1611 1158 1674 serio
1208 1611 1308 1678 dabor
1340 1632 1361 1675 c
1393 1611 1504 1676 scelere
1537 1610 1641 1676 ert-alto.
1697 1609 1746 1674 14.
1782 1608 1853 1675 Sint
1885 1610 1928 1675 ad
1960 1609 2185 1694 bmepbreitrem

187 1696 334 1771 disseret,
364 1696 429 1759 nisi
459 1695 515 1777 qui
545 1715 617 1760 eam
645 1696 774 1778 penitus
797 1698 907 1761 animo
930 1699 1066 1761 infixam
1089 1696 1157 1761 alit.
1209 1696 1332 1778 etoquia
1361 1697 1427 1761 oria
1455 1697 1525 1775 mei,
1554 1701 1583 1762 et
1613 1696 1771 1761 meditatio
1800 1696 1905 1761 cordis
1931 1698 1993 1760 mei
2021 1718 2127 1764 coram
2157 1702 2185 1762 te

186 1783 325 1847 Fatetur
353 1801 431 1863 crgo
455 1779 562 1846 David
594 1802 629 1846 se
659 1779 813 1865 quidquid
844 1783 943 1847 habet
966 1782 1158 1866 prudentiae
1210 1780 1334 1865 Ielrcec,
1355 1782 1505 1864 fortitudo
1526 1802 1595 1848 mea
1615 1782 1836 1863 etredempter
1857 1802 1953 1847 meus.

185 1866 227 1932 ad
259 1865 438 1951 regendam
470 1876 505 1929 et
536 1865 741 1932 formandam
776 1869 887 1948 vitam,
921 1891 963 1933 ex
991 1868 1055 1931 Dei
1085 1867 1158 1951 lege

185 1954 342 2038 adeptum
364 1971 447 2017 esse.
470 1950 632 2031 Quamvis
655 1964 764 2018 tamen
787 1953 827 2018 de
844 1974 879 2017 se
897 1956 1028 2038 proprie
1046 1954 1158 2036 loqua·
1293 1954 1386 2020 Haec
1417 1953 1609 2019 exclamatio
1640 1952 1782 2018 ostendit
1812 1952 1974 2035 quomodo
2003 1952 2087 2037 legis
2108 1974 2184 2036 pro·

186 2052 249 2118 tur,
281 2039 469 2122 generalem
501 2037 538 2101 in
568 2060 629 2104 suo
658 2040 807 2123 exemplo
830 2041 977 2124 regulam
998 2040 1158 2122 proponit,
1209 2038 1390 2116 missiones,
1417 2037 1534 2121 quibus
1557 2037 1669 2103 addita
1689 2048 1741 2103 est
1762 2039 1914 2115 conditio,
1938 2038 2083 2122 accipere
2105 2058 2184 2104 eon·

186 2130 214 2192 si
243 2127 327 2189 ratio
357 2124 444 2188 vitae
473 2121 555 2188 bene
591 2124 811 2191 instituendae
845 2127 1022 2207 quaeritur,
1058 2147 1156 2190 unam
1208 2125 1336 2190 veniat:
1365 2146 1483 2207 nempe
1514 2125 1612 2188 simul
1643 2146 1680 2191 ac
1713 2127 1745 2188 in
1776 2121 1922 2189 medium
1944 2122 2116 2206 prodeunt,
2147 2136 2185 2190 nt

186 2212 252 2276 Dei
274 2212 382 2294 legem
404 2210 484 2274 satis
506 2230 668 2292 superque
689 2211 857 2276 sulficere:
880 2213 1095 2295 simulatque
1118 2211 1157 2276 ab
1208 2212 1344 2293 quisque
1364 2212 1469 2276 vitam
1492 2231 1585 2275 suam
1608 2211 1785 2289 examinet,
1808 2231 1868 2276 nee
1891 2211 1975 2275 iacta
1997 2208 2094 2275 modo
2112 2230 2184 2289 sua,

186 2318 225 2363 ea
248 2296 435 2371 disceditur,
466 2294 581 2360 multis
602 2296 767 2361 erroribus
789 2298 968 2362 obnoxium
990 2318 1061 2362 esse
1084 2318 1157 2362 our·
1209 2296 1265 2360 sed
1294 2297 1507 2380 cogitationes
1538 2295 1636 2360 etiam
1667 2297 1780 2379 exigat
1810 2295 1850 2360 ad
1881 2296 2059 2379 perfectam
2093 2295 2183 2360 illam

187 2404 270 2449 snm.
315 2382 365 2447 Ac
398 2379 576 2447 notandum
610 2392 661 2446 est
692 2382 778 2464 quod
806 2383 915 2448 David
949 2404 990 2447 ex
1020 2383 1157 2464 abrupto
1209 2383 1353 2447 iustitiae
1377 2402 1524 2447 normam
1548 2402 1632 2465 qnae
1653 2383 1687 2446 in
1711 2382 1784 2465 lege
1807 2380 1957 2446 traditur.
1988 2380 2044 2447 Sic
2066 2382 2125 2445 fiet
2147 2392 2185 2446 nt

187 2488 370 2534 sermonem
410 2465 451 2530 ad
485 2466 593 2531 Deum
626 2480 830 2548 convertens,
871 2490 946 2532 enm
987 2469 1037 2534 sui
1078 2467 1156 2533 dicti
1209 2467 1250 2531 ad
1284 2490 1385 2533 unum
1420 2489 1543 2545 omnes,
1576 2487 1634 2549 spe
1668 2467 1825 2533 mercedis
1859 2466 2011 2543 abscissa,
2047 2465 2088 2531 ad
2119 2466 2185 2532 Dei

188 2566 303 2622 testem
326 2555 415 2630 citat,
445 2573 509 2634 quc
538 2554 658 2618 certius
687 2554 880 2635 persuadeat
909 2555 1034 2619 sincere
1063 2575 1097 2618 se
1125 2564 1158 2617 et
1209 2553 1644 2637 misericordiamconl'ogere
1658 2551 1955 2618 necessehabeant.
1972 2552 2184 2635 Nequeenim

188 2664 229 2707 ex
259 2640 376 2705 intimo
407 2638 526 2703 affeetu
557 2638 656 2720 loqui.
706 2638 795 2718 Quia
823 2637 959 2702 verbnm
988 2653 1058 2722 Ἶῃῐ
1089 2648 1157 2703 tam
1210 2654 1362 2721 reputare
1398 2639 1477 2703 satis
1513 2647 1563 2703 est
1598 2638 1675 2720 quid
1712 2639 1794 2722 logis
1826 2638 1975 2704 doctrina
2006 2638 2184 2721 contineat,

187 2725 302 2793 docere
336 2744 433 2807 quam
467 2743 583 2787 cavere
616 2724 789 2807 significat,
829 2724 962 2806 quidam
995 2726 1055 2789 hoc
1089 2725 1157 2790 loco
1210 2726 1274 2790 nisi
1297 2724 1394 2788 ctiam
1418 2723 1593 2787 veniamus
1616 2726 1655 2786 ad
1678 2736 1806 2789 nostras
1830 2744 1984 2806 personas
2006 2724 2042 2786 in
2065 2723 2185 2805 quibus

188 2820 339 2877 vertunt:
369 2808 524 2885 Docetur,
556 2808 607 2871 vel
636 2808 831 2873 admonetur
860 2830 976 2875 servus
1002 2821 1077 2875 tuus
1100 2831 1158 2893 per
1210 2810 1390 2893 reperietur
1411 2808 1564 2873 delectus.
1587 2810 1743 2892 Papistae
1762 2810 1859 2875 simul
1881 2831 1919 2875 ac
1937 2808 2091 2873 audiunt:
2116 2807 2185 2891 Qui

189 2898 272 2980 legis
313 2891 478 2958 mandata.
529 2891 595 2958 Sed
628 2895 705 2976 quia
737 2894 864 2978 plenior
904 2898 1068 2961 sententia
1097 2906 1156 2974 est,
1210 2898 1321 2961 iecerit
1338 2895 1427 2974 haec,
1452 2896 1540 2959 viret
1551 2895 1585 2958 in
1597 2896 1686 2977 ipsis,
1717 2894 1839 2981 (Lavit.
1864 2895 1913 2971 18,
1936 2892 2184 2979 5)secureope·

189 2984 462 3061 circumspectum
486 2976 576 3042 reddi
599 2980 652 3042 vel
675 2994 806 3045 cautum
828 2982 882 3063 qui
902 3004 937 3046 se
956 2981 1026 3046 Deo
1046 3002 1158 3064 regen·
1210 3003 1283 3045 rum
1307 3004 1438 3046 suornm
1462 2980 1587 3045 meritis
1609 2994 1775 3046 aeternam
1799 2983 1900 3048 vitam
1923 2981 2070 3063 alligant,
2094 3001 2133 3046 ac
2155 2981 2187 3046 si

190 3068 267 3131 dum
286 3064 394 3143 tradit,
418 3063 499 3128 mihi
518 3065 598 3130 haec
616 3067 722 3131 versio
734 3068 838 3151 magis
851 3067 979 3148 placuit.
1004 3068 1157 3133 Secundo
1210 3068 1245 3131 in
1286 3088 1401 3132 eornm
1441 3065 1576 3131 arbitrio
1612 3077 1697 3130 esset-
1730 3067 1835 3150 legem
1874 3078 2050 3149 praestare,
2091 3066 2186 3131 cuins

188 3151 334 3217 membro
365 3150 517 3233 declarat,
549 3152 732 3234 quicunque
759 3175 795 3218 se
825 3153 895 3218 Deo
928 3153 1085 3219 addicunt
1117 3153 1157 3218 ad
1211 3173 1324 3218 omnes
1355 3175 1467 3218 sumus
1503 3160 1770 3234 transgressores,
1805 3174 1869 3216 non
1900 3163 2027 3216 tantum
2062 3152 2095 3217 in
2121 3173 2187 3217 uno

188 3238 384 3306 servandam
403 3256 502 3318 qnam
525 3239 716 3318 praescribit
734 3239 903 3322 iustitiam,
926 3240 1061 3305 minime
1084 3260 1158 3323 ope·
1210 3242 1309 3323 apice,
1333 3238 1442 3304 sedin
1461 3237 1600 3321 singulis
1620 3239 1776 3320 partibus.
1801 3238 1944 3321 Ideoque
1964 3236 2071 3302 David
2089 3238 2186 3319 qnasi

189 3346 261 3392 ram
294 3323 415 3404 ludere,
454 3323 530 3404 quia
565 3324 674 3404 ampla
705 3324 770 3389 illis
803 3345 928 3390 merces
965 3325 1050 3409 apud
1084 3347 1157 3390 eum
1210 3324 1397 3409 labyrintho
1441 3323 1601 3400 obsessus,
1651 3322 1841 3388 delictorum
1892 3321 2104 3388 multitudine
2148 3344 2187 3387 se

189 3411 334 3492 reposita
362 3419 421 3471 est.
467 3409 570 3471 Porro
592 3407 672 3474 haee
702 3429 832 3491 qnoque
855 3433 918 3474 non
940 3412 1087 3496 vulgaris
1110 3422 1158 3476 est
1210 3411 1303 3475 obrui
1333 3408 1646 3476 cumadmiratione
1677 3412 1806 3474 latetur.
1852 3409 1925 3475 Hoc
1948 3408 2051 3493 igitur
2075 3408 2185 3490 primo

189 3494 428 3562 commendatio
450 3492 542 3575 legis,
571 3494 657 3573 quod
685 3495 721 3557 in
744 3515 782 3557 ca
804 3494 967 3559 Dominus
991 3496 1157 3561 nobiscum
1210 3496 1397 3576 tenendum,
1420 3497 1497 3578 quia
1519 3494 1601 3579 legis
1623 3495 1749 3559 iustitia
1771 3494 1980 3559 destituimur
2001 3495 2037 3557 in
2060 3495 2187 3560 nostris

190 3583 374 3667 paciscitur,
405 3597 504 3659 seque
530 3577 570 3640 ad
601 3578 842 3642 remuneranda
870 3592 983 3644 nostra
1005 3580 1159 3663 obsequia
1210 3584 1369 3664 personis,
1398 3581 1470 3646 ideo
1493 3582 1591 3644 etiam
1614 3602 1633 3645 a
1655 3601 1712 3663 spe
1736 3580 1893 3646 mercedis
1915 3599 1999 3663 quae
2021 3578 2088 3645 illic
2110 3600 2187 3665 pro·

191 3663 430 3752 quodammodo
459 3662 591 3745 obligat.
636 3665 710 3728 Etsi
740 3665 829 3728 enim
851 3664 921 3728 inre
943 3686 1001 3728 suo
1024 3686 1043 3729 a
1065 3666 1159 3732 nobis
1211 3668 1361 3743 mittitur,
1380 3667 1528 3732 excludi:
1552 3665 1669 3730 deinde
1688 3687 1752 3730 non
1772 3688 1838 3730 uno
1857 3676 1915 3732 aut
1932 3666 2034 3731 altero
2054 3664 2186 3748 delicto,

190 3752 291 3836 exigit
309 3746 466 3835 quidquid
484 3749 539 3813 lex
557 3750 717 3813 continet:
738 3748 917 3814 liberaliter
934 3761 1042 3814 tamen
1062 3772 1159 3834 quam
1210 3751 1267 3815 sed
1295 3752 1476 3818 innumeris
1505 3772 1564 3816 nos
1592 3771 1700 3816 coram
1726 3752 1796 3817 Deo
1825 3772 1896 3817 reos
1917 3752 2115 3833 constringi:
2145 3760 2187 3817 ut

191 3862 256 3907 non
278 3838 375 3903 debet
396 3833 590 3914 mercedem,
612 3836 715 3901 servis
738 3836 806 3900 suis
828 3836 1000 3917 promittit.
1033 3836 1158 3901 Verum
1210 3857 1284 3901 cum
1307 3838 1516 3902 acerbissimo
1539 3835 1649 3901 dolore
1667 3834 1815 3903 deflenda
1833 3839 1876 3902 sit
1898 3846 2010 3903 nostra
2028 3838 2187 3920 pravitas,

191 3924 322 4008 quidem
345 3933 403 4005 est,
423 3921 537 4001 ¹irritas
559 3941 630 3985 esse
651 3920 775 4005 legales
796 3922 1027 4004 promissiones
1048 3930 1159 3987 nostro
1211 3941 1294 4003 quae
1315 3944 1379 3985 non
1404 3935 1531 3986 tantum
1557 3923 1615 3985 Dei
1646 3922 1870 3989 benedictione
1893 3944 1953 3988 nos
1997 3922 2095 4001 rivet,
2125 3923 2186 3989 sed

192 4011 283 4093 vitio,
305 4010 381 4091 quia
403 4008 499 4091 longe
522 4028 542 4072 a
563 4005 660 4088 plena
681 4007 806 4072 iustitia
828 4010 878 4071 vel
902 4008 1160 4089 perfectissimus
1212 4008 1311 4071 vitam
1339 4010 1501 4072 convertit
1522 4009 1556 4070 in
1579 4016 1735 4075 mortem:
1765 4009 1861 4075 sicuti
1884 4029 1951 4074 non
1973 3944 2109 4073 dubium
2131 4019 2187 4074 eet

193 4098 329 4181 quisque
351 4094 461 4158 abest:
483 4091 574 4156 nulla
595 4103 704 4157 antem
729 4093 914 4159 hominibus
931 4094 1094 4177 speranda
1111 4105 1161 4158 est
1211 4094 1289 4174 quin
1313 4092 1432 4170 David,
1462 4102 1635 4174 postquam
1660 4092 1766 4158 Deum
1798 4093 1976 4159 liberaliter
1999 4094 2185 4177 praemium

192 4201 329 4266 opernm
350 4198 484 4256 merces,
507 4176 609 4243 donee
632 4178 694 4257 legi
716 4179 750 4242 in
773 4177 914 4242 solidum
933 4179 1160 4244 satisfecerint.
1212 4178 1330 4242 offerre
1360 4176 1486 4242 dixerat
1508 4177 1661 4241 omnibns
1684 4179 1739 4261 qui
1761 4178 1867 4263 legem
1890 4180 2076 4259 observant,
2089 4179 2186 4273 qhor·

191 4269 245 4334 Ita
284 4265 363 4329 baec
397 4261 459 4325 dno
492 4262 573 4326 bane
613 4263 702 4327 inter
734 4283 770 4328 se
808 4265 1017 4340 conveniunt,
1058 4264 1160 4329 vitam
1212 4283 1284 4327 rore
1307 4263 1476 4345 perculsus
1494 4263 1638 4344 eruperit
1656 4263 1691 4326 in
1709 4263 1795 4331 hanc
1814 4285 1935 4331 vocem.
1957 4265 2024 4330 Per
2041 4276 2187 4349 nattum

192 4366 359 4420 aeternam
392 4368 528 4430 opernm
560 4349 743 4413 mercedem
776 4348 854 4425 fore,
887 4348 915 4412 si
949 4351 1023 4431 quis
1055 4350 1159 4434 legem
1213 4347 1264 4414 vel
1293 4368 1428 4429 errores,
1458 4346 1589 4430 quidam
1619 4348 1747 4413 minora
1775 4349 1894 4415 delicta
1916 4351 2022 4416 notari
2045 4363 2186 4434 putant:

192 4441 280 4508 omni
309 4443 466 4517 exparte
492 4433 644 4514 impleat:
673 4444 706 4498 et
735 4445 846 4498 tamen
875 4433 909 4496 in
939 4435 1011 4517 lege
1038 4435 1162 4499 denen·
1211 4454 1326 4497 verum
1347 4431 1453 4497 David
1478 4431 1562 4518 (meo
1584 4431 1715 4521 iudicio)
1734 4436 1924 4518 simpliciter
1943 4435 2050 4502 dicere
2068 4436 2186 4518 voluit,

194 4528 271 4595 ciari
306 4518 566 4587 maledictionem
596 4520 722 4584 cunctis
752 4517 946 4591 hominibus,
976 4521 1051 4601 quia
1073 4531 1161 4585 totus
1212 4519 1359 4599 pluribus
1385 4520 1527 4582 Satanae
1555 4517 1691 4585 fallaciis
1720 4542 1780 4585 nos
1809 4521 1979 4605 implicari,
2012 4542 2112 4605 qnam
2147 4536 2186 4588 ut

195 4610 335 4677 mundns
364 4625 500 4689 opernm
533 4603 658 4667 iustitia
686 4602 885 4670 destituitur.
935 4604 1031 4685 Quod
1061 4605 1159 4669 etiam
1211 4603 1348 4686 quisquc
1377 4605 1586 4667 centesimam
1616 4605 1776 4669 malcrum
1799 4628 1933 4671 suornm
1956 4619 2084 4689 partem
2106 4628 2185 4674 sen·

194 4721 269 4763 mox
288 4718 330 4761 ex
349 4694 604 4776 proximorersu
623 4692 755 4771 patebit.
795 4690 972 4770 Postquam
992 4690 1079 4752 enim
1098 4690 1160 4756 hoc
1211 4690 1281 4753 tiat.
1332 4688 1453 4752 Errore
1482 4687 1612 4769 quidem
1643 4701 1675 4755 et
1703 4690 1919 4774 incogitantia
1949 4713 2046 4776 saepe
2076 4692 2184 4759 delin-

194 4785 275 4868 legis
297 4780 488 4845 beneficium
518 4775 694 4841 celebravit
715 4774 834 4850 David,
862 4776 948 4856 qnod
970 4775 1034 4838 Dci
1056 4776 1160 4841 culto·
1210 4784 1313 4855 quunt
1336 4775 1456 4838 sancti:
1486 4773 1541 4837 scd
1572 4776 1730 4857 contingit
1760 4778 1858 4840 etiam
1880 4776 2023 4844 Satanae
2055 4778 2185 4861 laqueis

194 4870 285 4934 ribus
315 4867 457 4947 amplam
480 4861 662 4928 mercedem
685 4862 788 4935 offert,
818 4861 928 4923 statim
952 4859 1015 4925 alio
1038 4882 1160 4925 sermo·
1210 4859 1353 4923 irrctites
1371 4878 1434 4921 non
1456 4859 1637 4940 perspicere
1655 4882 1764 4926 crassa
1782 4874 1923 4944 peccata.
1947 4864 2046 4929 Unde
2063 4864 2184 4930 meritc

194 4977 269 5018 nom
300 4952 502 5016 transferens
532 4948 700 5025 exclamat,
731 4946 847 5010 delicta
877 4948 949 5025 quis
982 4945 1161 5029 intelligit?
1214 5000 1233 5005 .-

195 5039 251 5104 ubi
294 5059 366 5102 reos
411 5049 563 5101 aeternat)
607 5054 675 5096 ¹11⁰?
679 5033 719 5097 ils
763 5031 982 5113 ΡῙὌῙῙΠΠθῘΜῙ8
1026 5049 1160 5097 ⁰¹¹¹¹⁰l⁰⁸
1299 5078 1327 5143 ⁸)
1343 5093 1386 5129 scs
1405 5077 1513 5142 Fantcs,
1531 5097 1564 5133 en
1581 5097 1686 5148 meree.-
1703 5097 1738 5135 on
1757 5099 1875 5146 errenrs,
1892 5100 1927 5136 on
1942 5086 2111 5155 ignorsnoee.

195 5120 536 5222 h⁰ffll¹10⁸rquldll¹¹l¹l
562 5140 608 5216 ,⁰¹
637 5139 772 5217 ΟΡΘΓῙΨῙ
798 5117 922 5213 moritis
944 5118 1160 5216 ΫΟΠῧῙΡῘΡῨῑ·
1281 5144 1327 5213 “)
1351 5145 1399 5197 des
1429 5165 1589 5213 arrogances
1616 5166 1649 5201 en
1675 5164 1780 5218 marce:
1804 5169 1838 5205 on
1861 5152 1961 5222 pecher
1991 5157 2104 5209 commis
2135 5174 2184 5226 par

193 5222 243 5277 est
269 5210 408 5275 fiduciae
436 5231 471 5273 rn
500 5203 638 5271 nrhrlum
668 5203 798 5287 redrgrt.
847 5200 984 5283 Siquis
1020 5204 1160 5282 obiiciat,
1217 5220 1373 5269 contumace
1391 5230 1425 5267 ou
1443 5218 1581 5270 rebellior.
