4658 5856
100 334 164 401 825
850 335 1066 405 PSALMUS
1088 335 1288 403 LXXXIX.
2025 342 2090 408 826

100 532 214 589 nostra
252 514 353 606 usque
391 525 427 589 in
460 523 565 591 coeles
598 527 810 606 adscendent,
851 528 913 593 Dei
947 526 1073 592 bonitas
1124 524 1233 605 luerit,
1263 524 1366 589 videri
1396 525 1496 592 fallax
1524 527 1558 592 in
1583 529 1651 594 suis
1673 530 1842 612 promissis
1863 531 1955 598 Deus
1978 542 2095 616 posset.

100 609 206 677 coeles
229 609 488 688 transscendens,
511 611 576 676 illis
598 616 747 697 superior
770 622 828 678 est.
1126 610 1250 676 Verum
1273 612 1326 676 hic
1348 612 1506 691 surculus,
1530 615 1585 696 qui
1609 616 1743 680 emersit
1764 638 1805 681 ex
1824 627 1942 685 trunco
1961 618 2037 700 lsai,
2060 638 2096 683 re

188 694 240 760 36.
268 693 384 780 (Santi
410 696 540 783 iurari.)
584 697 660 765 Iure
689 699 828 765 iurando
858 718 946 764 nunc
968 698 1073 764 sancit
1124 696 1196 780 ipsa
1222 697 1365 762 ostendit
1394 697 1490 763 fidem
1521 700 1676 781 optimam
1700 701 1751 768 his
1771 703 1879 769 verbis
1901 705 2095 771 constitisse.
2132 768 2136 783 ,

101 779 194 848 Deus
216 781 300 864 quod
323 782 414 866 prius
436 804 470 848 se
493 782 606 849 retulit
622 785 803 869 pollicitum
822 785 923 850 luisse
940 783 1072 865 Davidi,

101 866 189 932 unde
212 876 356 950 apparet,
386 888 455 934 rem
479 890 544 934 nen
567 869 649 937 levis
671 871 826 936 momenti
849 871 965 935 fuisse:
995 871 1072 953 quia
1210 868 1262 933 39.
1288 868 1338 934 Tu
1366 874 1468 934 autem
1490 870 1688 937 abominatus
1708 892 1740 937 es
1762 878 1790 937 et
1810 873 1965 954 repulisti,
1995 876 2097 940 iratus

100 952 194 1019 Deus
216 973 280 1017 nen
303 953 424 1018 trustra
443 975 570 1020 sacrum
589 977 684 1022 suum
702 978 822 1022 nomen
840 958 1072 1039 interponeret.
1124 973 1156 1018 es
1184 953 1322 1019 Moesiae
1354 961 1414 1020 tuo.
1464 955 1515 1020 40.
1548 955 1676 1022 Cessare
1705 957 1846 1043 famia)
1874 958 1983 1039 foedus
2014 960 2098 1026 serui

103 1037 237 1104 Interea
264 1059 358 1103 rarae
387 1039 612 1122 indulgentiae
641 1043 774 1127 signum
797 1052 856 1125 cst,
885 1040 1072 1124 quoddam
1123 1039 1180 1117 tui,
1193 1040 1379 1123 profanasti
1396 1042 1439 1107 ati
1456 1045 1572 1106 umam
1590 1043 1735 1108 diadema
1752 1045 1829 1109 eius.
1862 1045 1914 1109 41.
1932 1045 2097 1126 Dirupisti

101 1144 161 1189 nos
184 1123 226 1189 ad
248 1124 464 1189 diffidentiam
486 1146 663 1209 propensos
681 1127 779 1207 videt,
803 1140 869 1193 tam
885 1128 1072 1193 humaniter
1125 1145 1231 1190 omues
1252 1146 1359 1192 muros
1375 1128 1452 1206 eius,
1469 1129 1607 1207 posuisti
1623 1130 1808 1194 munitiores
1825 1131 1894 1195 eius
1909 1132 2095 1214 fracturam.

101 1211 253 1289 occurrit,
290 1208 365 1290 Quo
387 1212 496 1277 minus
518 1215 737 1280 excusationis
759 1216 852 1280 nobis
875 1222 986 1296 restat,
1008 1213 1072 1280 nisi
1124 1211 1176 1275 42.
1199 1209 1353 1277 Haedau
1381 1218 1455 1277 suut
1476 1232 1547 1277 euru
1568 1233 1671 1280 omues
1691 1220 1886 1280 transeuntes
1907 1218 2009 1282 aiam.¹
2033 1218 2097 1299 fuit

100 1296 348 1379 promissionem
371 1306 438 1360 tam
460 1298 560 1380 probe
581 1299 740 1366 sancitam
761 1301 896 1365 indubia
918 1299 982 1365 fide
1004 1319 1072 1364 am·
1125 1295 1325 1377 opprobrium
1342 1297 1454 1364 aiciais
1470 1301 1548 1363 suis.
1580 1299 1632 1365 43.
1645 1299 1799 1366 Extulisti
1816 1301 1957 1367 dextram
1973 1323 2096 1384 oppres·

99 1380 283 1465 plectimur,
305 1402 407 1464 quum
429 1382 530 1461 Deus,
553 1384 669 1451 salutis
691 1396 823 1451 nostrae
845 1385 962 1464 studio,
993 1385 1071 1450 dum
1124 1402 1231 1446 sorum
1275 1385 1359 1458 eius,
1406 1384 1593 1450 triturasti
1636 1406 1740 1451 omues
1778 1387 1978 1454 moerores
2017 1390 2094 1453 eius.

100 1467 176 1532 vult
206 1488 265 1533 nos
287 1467 388 1533 verbo
418 1490 477 1535 suo
499 1468 645 1538 addictos
667 1493 747 1549 esse,
775 1473 900 1537 nomini
924 1492 982 1536 suo
1007 1492 1071 1536 non
1125 1468 1175 1531 44.
1200 1467 1309 1533 Etiam
1336 1470 1481 1534 retudisti
1509 1471 1603 1541 robur
1627 1472 1730 1555 piadii
1757 1474 1832 1548 eius,
1865 1477 1893 1537 et
1912 1473 2097 1556 confecisti

100 1563 224 1636 parcat.
257 1553 330 1619 Nisi
353 1554 440 1618 enim
458 1555 598 1622 sulficiat
620 1557 715 1623 nobis
732 1559 870 1641 simplex
891 1557 1071 1641 promissio,
1102 1564 1196 1617 'eum
1223 1559 1308 1619 stare
1337 1556 1370 1619 iu
1390 1554 1520 1635 proelio.
1564 1554 1616 1622 45.
1637 1557 1788 1622 Deleoisti
1810 1558 2000 1638 pmaoem
2018 1561 2096 1635 eius,

100 1638 182 1704 illud
222 1639 317 1722 quasi
349 1639 495 1722 pignoris
531 1643 600 1708 vice
632 1644 811 1708 substituit.
866 1644 1071 1708 Aduerbium
1124 1644 1152 1703 et
1176 1639 1290 1704 saliam
1323 1642 1392 1705 eius
1419 1641 1453 1705 ia
1484 1645 1600 1706 terram
1633 1643 1806 1708 detraxisti.
1858 1644 1911 1708 46.
1945 1643 2096 1709 Minuisti

103 1723 205 1790 Santi
231 1724 395 1808 signifieat
416 1726 643 1792 iusiurandum
667 1749 737 1795 esse
759 1730 979 1810 irrevocabile,
1012 1749 1072 1794 nec
1123 1725 1191 1790 dics
1211 1727 1380 1791 iuuentutis
1401 1727 1478 1804 eius,
1501 1729 1654 1807 operuisti
1674 1748 1743 1794 cum
1766 1730 1948 1813 ipuomiaia.
1991 1730 2093 1796 Sciat.

101 1809 206 1875 ullum
234 1831 305 1876 esse
336 1811 574 1877 inconstantiae
604 1814 796 1896 perieulum.
841 1815 932 1882 Dicit
961 1824 1071 1880 autem

100 1917 136 1962 se
166 1897 290 1962 iurasse
323 1917 382 1975 per
413 1898 621 1965 sanctitatem
656 1922 766 1966 suam:
800 1903 875 1983 quia
908 1921 1071 1984 nusquam
1208 1896 1259 1961 39.
1283 1894 1348 1981 (Tu
1369 1898 1494 1977 auum.)
1531 1897 1595 1963 Hic
1618 1900 1826 1982 conqueritur
1844 1900 2009 1983 propheta,
2032 1900 2096 1967 ool·

100 1983 288 2047 invenietur
315 1983 417 2047 maior
445 2004 504 2066 per
532 2006 629 2067 quem
658 1988 754 2051 iuret.
797 1987 883 2052 Nam
914 1988 991 2052 dum
1014 2007 1071 2051 nos
1124 1980 1213 2063 lapso
1242 1986 1334 2066 regni
1364 1995 1461 2061 statu,
1492 2004 1558 2046 ncn
1587 1997 1716 2048 exstare
1739 1985 1836 2049 fidem
1863 1986 1995 2065 oraculi,
2027 2008 2092 2051 non

99 2086 161 2150 per
201 2068 308 2149 ipsum
348 2068 510 2147 iuramus,
551 2092 625 2136 eum
659 2073 888 2138 constituimus
920 2072 1088 2151 iudicem,
1123 2067 1208 2149 quod
1235 2067 1343 2134 Deum
1378 2069 1536 2135 mendacii
1569 2069 1750 2154 insimulet,
1785 2092 1897 2136 verum
1932 2081 1969 2135 ut
2001 2091 2096 2137 curas

99 2152 257 2235 nobisque
289 2155 509 2235 praeficimus,
542 2157 637 2222 sicuti
667 2166 784 2224 natura
814 2173 951 2241 praeest.
1004 2157 1070 2223 Sed
1123 2173 1199 2218 suas
1229 2163 1260 2217 et
1290 2154 1415 2220 dolores
1444 2154 1647 2220 familiariter
1677 2157 1801 2221 reiiciat
1824 2158 1858 2221 iu
1881 2157 1952 2222 eius
1974 2158 2094 2236 sinum,

99 2239 247 2321 loquutio
268 2241 374 2323 magis
395 2249 445 2304 est
462 2241 655 2324 emphatica,
673 2266 732 2327 per
750 2246 950 2324 suauitatem,
974 2264 1071 2328 quam
1125 2249 1160 2302 ut
1188 2241 1281 2304 nobis
1311 2242 1471 2323 permittit
1500 2261 1611 2306 secum
1632 2242 1836 2307 familiariter
1858 2264 1964 2327 agere.
2008 2244 2094 2308 Nam

101 2325 129 2389 si
163 2323 298 2402 diceret,
332 2345 391 2407 per
420 2346 454 2390 se
475 2327 598 2409 ipsum,
631 2350 694 2394 uon
719 2330 814 2394 modo
836 2330 911 2412 quia
933 2330 1070 2414 gloriam
1123 2327 1184 2390 etsi
1207 2339 1282 2390 vota
1305 2338 1416 2392 nostra
1433 2327 1473 2391 ad
1492 2327 1562 2391 eius
1580 2328 1753 2391 arbitrium
1773 2329 1910 2394 formare
1929 2331 2093 2406 convenit,

102 2411 173 2475 eius
201 2410 414 2491 sommendat,
443 2414 499 2477 sed
527 2415 602 2496 quia
630 2415 670 2479 ad
694 2417 973 2480 confirmationem
997 2416 1070 2479 fidei
1124 2433 1190 2475 non
1223 2422 1334 2476 tamon
1363 2415 1445 2478 fines
1473 2411 1713 2496 transgreditur
1743 2413 1797 2496 qui
1827 2413 2016 2497 suppliciter
2039 2415 2094 2481 de·

101 2495 200 2581 longe
229 2507 279 2561 est
300 2497 417 2579 aptior,
448 2497 524 2561 dum
553 2498 664 2565 fideles
687 2511 819 2565 revocat
841 2501 881 2565 ad
905 2510 1069 2566 terrenum
1123 2498 1229 2581 plorat
1261 2498 1370 2563 ablata
1408 2497 1469 2563 sibi
1503 2519 1573 2562 esse
1607 2499 1732 2582 gratiae
1765 2508 1798 2562 et
1828 2500 1951 2565 favens
1983 2501 2094 2584 signa:

101 2581 300 2647 domicilium
322 2581 386 2646 Dei
407 2583 493 2665 quod
515 2584 578 2649 sibi
600 2586 751 2669 elegerat,
775 2609 816 2651 ne
839 2588 950 2669 procul
972 2608 1070 2669 quae·
1123 2583 1216 2648 modo
1250 2606 1290 2647 nc
1324 2605 1414 2666 spem
1444 2585 1581 2662 obiiciat,
1616 2585 1666 2649 vel
1696 2587 1934 2650 contumaciter
1963 2584 2093 2650 obmur-

101 2667 225 2733 rendus
247 2677 341 2734 esset.
374 2667 488 2750 Neque
510 2671 597 2736 enim
620 2670 732 2737 dubito
750 2673 830 2755 quin
848 2674 1070 2738 sanctuarium
1123 2680 1238 2744 murat,
1271 2669 1367 2734 sicuti
1398 2682 1509 2751 postca
1539 2669 1731 2734 videbimus.
1775 2669 1916 2735 Sublicit
1947 2672 2091 2736 testimo·

100 2752 250 2836 designet
272 2751 333 2819 hoc
354 2755 502 2820 nomine:
524 2777 630 2838 neque
652 2767 763 2824 tamen
784 2759 879 2823 aliter
897 2780 993 2842 quam
1013 2780 1071 2841 per
1123 2756 1215 2819 nium
1249 2755 1392 2836 placidae
1424 2754 1641 2837 obedientiae,
1675 2777 1736 2838 quc
1770 2777 1847 2822 suas
1876 2756 2094 2839 querimonias

99 2861 136 2905 se
164 2840 270 2922 ipsum
299 2840 397 2922 iurat,
427 2841 501 2923 quia
530 2843 688 2926 templum
718 2846 752 2910 in
780 2866 843 2927 quo
871 2845 991 2910 residet
1013 2866 1069 2909 no·
1124 2841 1282 2924 propheta
1304 2841 1436 2924 corrigit
1461 2842 1511 2904 vel
1534 2851 1694 2923 temperat
1717 2863 1817 2923 quum
1835 2843 1869 2906 in
1888 2843 1954 2905 fine
1970 2843 2093 2907 Psalmi

98 2925 239 3002 minans,
263 2934 357 2990 extra
378 2946 413 2991 se
436 2927 543 3009 ipsum
566 2950 632 2993 uon
654 2930 830 3013 egreditur,
861 2932 916 2996 sed
941 2942 1069 2996 tantum
1122 2925 1229 2991 Deum
1259 2924 1426 2991 benedicit.
1472 2926 1587 3007 Itaque
1609 2927 1753 3008 quisquis
1772 2928 1870 2990 luerit
1893 2927 1948 2991 ille
1971 2928 2093 2993 Rabbi-

98 3010 236 3091 ruditati
265 3023 394 3077 nostrae
423 3034 458 3077 se
487 3015 748 3094 accommodans,
776 3038 835 3098 per
864 3018 1068 3082 sanctitatem
1121 3034 1193 3087 nus,
1217 3012 1272 3094 qui
1294 3012 1342 3076 las
1366 3011 1505 3095 negabat
1527 3009 1613 3075 hune
1636 3011 1806 3076 Psalmum
1830 3012 1969 3091 recitari,
1991 3013 2093 3078 stulta

100 3116 194 3161 suam
223 3097 311 3161 iurat
340 3118 421 3178 quae
450 3098 484 3162 in
514 3108 602 3163 terra
631 3101 766 3167 visibilis
796 3102 925 3168 residet.
973 3102 1069 3184 Quod
1122 3110 1154 3161 et
1183 3097 1284 3179 impia
1313 3097 1502 3162 morositate
1531 3095 1698 3160 damnavit
1727 3097 1812 3180 quod
1836 3097 1928 3162 Deus
1957 3098 1993 3162 in
2016 3098 2092 3163 filiis

100 3180 304 3247 reformem
326 3182 456 3248 iurandi
478 3185 658 3268 eclipticam
681 3189 805 3264 attinet,
828 3188 904 3253 alibi
927 3189 1070 3255 vidimus
1122 3184 1191 3248 suis
1221 3183 1347 3246 tOlerat·
1392 3182 1506 3265 Neque
1531 3183 1617 3246 6111111
1642 3182 1722 3248 hato
1745 3182 1972 3263 expostulandi
1994 3182 2091 3249 liber·

99 3268 213 3332 trium
243 3269 343 3333 fuisso
365 3269 532 3335 Hebraeis.
578 3269 634 3338 Sio
664 3284 772 3339 ouum
802 3273 1070 3356 admonebantur,
1123 3281 1173 3333 tas
1203 3288 1266 3350 qua
1295 3268 1398 3333 utitur
1427 3267 1599 3352 propheta,
1634 3268 1696 3333 alio
1728 3267 1834 3333 tondit
1866 3290 1962 3350 quam
1994 3280 2030 3332 ut
2058 3290 2093 3335 se

99 3352 207 3417 sobrie
235 3354 431 3419 sumendum
461 3375 532 3420 esse
561 3357 625 3422 Dei
654 3380 782 3439 nomen,
814 3381 855 3425 ne
886 3374 1007 3426 temere
1038 3376 1071 3427 et
1122 3376 1231 3420 eoram
1260 3355 1330 3420 Deo
1359 3375 1551 3433 exonerans,
1586 3351 1779 3419 dubitationi
1810 3366 1841 3418 et
1870 3355 2093 3437 impatientiae

99 3437 256 3504 audacter
284 3439 437 3506 iudicium
469 3441 530 3506 sibi
560 3453 776 3511 accerserent:
806 3447 881 3528 quia
911 3447 1070 3531 abruptus
1122 3440 1262 3505 16818181·
1308 3438 1418 3520 Quum
1448 3450 1555 3504 autem
1584 3440 1662 3504 1111111
1684 3440 1880 3504 (limitatus
1901 3460 1933 3505 68
1955 3446 1982 3505 ei
2003 3461 2094 3523 repu-

98 3545 209 3589 sermo
237 3533 270 3591 et
291 3547 477 3609 suspensus,
504 3529 610 3593 instar
631 3532 734 3596 fraeni
756 3548 828 3597 erat
850 3532 889 3596 ad
911 3533 998 3614 ipsos
1019 3556 1069 3598 cc·
1122 3526 1197 3606 listi,
1217 3527 1244 3592 si
1257 3527 1329 3608 quis
1345 3525 1406 3590 hoc
1419 3526 1469 3591 vel
1487 3527 1618 3609 exigere
1636 3525 1715 3591 velit
1730 3525 1769 3588 ad
1789 3546 1938 3591 normam
1956 3547 2092 3608 graecae

98 3607 269 3675 1111161111θῦ·
321 3611 452 3677 Novum
484 3627 593 3679 autem
622 3638 687 3681 non
717 3629 775 3692 est,
808 3616 916 3682 Deum
947 3619 1069 3701 aliquid
1123 3612 1173 3677 vel
1203 3612 1324 3677 latinae
1358 3612 1504 3694 linguae,
1538 3613 1600 3675 erit
1628 3612 1792 3694 ineptum:
1826 3612 1902 3693 quia
1932 3611 2095 3692 praecedit

97 3697 244 3760 mutuari
267 3717 286 3761 a
307 3699 470 3762 communi
495 3700 661 3766 hominum
686 3724 784 3768 moro.
1121 3697 1206 3780 quod
1228 3699 1324 3781 longe
1347 3698 1488 3763 atrocius
1510 3708 1567 3769 est,
1598 3696 1740 3763 secundo
1761 3696 1831 3762 loeo
1855 3695 1985 3761 additur
2007 3697 2091 3778 quod

186 3781 238 3846 37.
262 3781 385 3865 (Scaea
407 3784 498 3869 eius.)
530 3785 688 3868 Sequitur
710 3811 797 3854 nune
817 3790 995 3871 promissio,
1018 3793 1069 3856 ius
1122 3797 1171 3849 est
1200 3784 1315 3848 levius.
1360 3782 1427 3848 Sed
1455 3784 1531 3865 quia
1552 3782 1696 3847 Hebraei
1723 3782 1845 3866 gradus
1876 3794 2003 3848 nostros
2028 3803 2093 3848 non

96 3867 192 3950 regni
226 3889 356 3951 semper
389 3891 579 3936 mansurum
612 3894 711 3955 penes
743 3887 888 3956 posteros
921 3877 1068 3943 Davidis,
1121 3883 1264 3946 servant,
1287 3869 1369 3932 nihil
1394 3881 1443 3933 est
1467 3875 1499 3932 in
1524 3868 1585 3932 hoc
1607 3868 1722 3933 ordine
1745 3867 1886 3933 absurdi.
1931 3868 1972 3932 Iu
1995 3869 2092 3933 tertio

95 3952 176 4017 Duo
208 3954 296 4018 enim
329 3955 424 4019 simul
453 3957 634 4041 coniungit,
667 3962 852 4044 progeniem
881 3970 914 4025 et
942 3964 1068 4044 solium¹
1121 3955 1229 4033 verbo,
1259 3976 1376 4020 causae
1408 3954 1546 4018 redditio
1580 3965 1644 4019 est:
1679 3955 1754 4037 quia
1787 3975 1898 4037 regem
1931 3954 2092 4018 abiectum

96 4038 218 4120 quibus
240 4040 349 4105 verbis
371 4043 572 4124 promittitur
600 4046 691 4128 regni
715 4049 891 4112 aeternitas
915 4046 975 4111 hac
997 4050 1068 4132 lege
1121 4062 1190 4106 esse
1217 4042 1377 4123 significat
1407 4040 1573 4122 propheto,
1606 4061 1643 4103 oo
1673 4039 1756 4122 quod
1785 4040 1890 4105 iratus
1916 4041 1959 4104 sit
1988 4038 2092 4104 Deus.

96 4145 142 4188 ne
169 4123 209 4189 ad
240 4125 363 4191 alienos
392 4147 536 4209 unquam
570 4140 724 4195 transeat.
776 4132 931 4197 citantur
960 4136 1006 4198 sol
1037 4146 1069 4199 ot
1121 4125 1264 4207 Quidam
1288 4127 1430 4191 hostium
1449 4124 1588 4190 ludibria
1607 4125 1660 4191 hio
1679 4125 1808 4191 recitari
1826 4136 1955 4207 putant,
1977 4146 2093 4208 nempe

96 4210 179 4274 luna
209 4219 321 4276 testes:
352 4212 428 4294 quia
457 4215 517 4277 etsi
547 4215 736 4281 subiaceant
758 4220 965 4301 corruptioni,
995 4220 1069 4302 plus
1121 4225 1158 4277 ut
1180 4213 1338 4295 effugiant
1360 4209 1601 4290 offendiculum,
1629 4211 1712 4293 quod
1736 4211 1907 4277 Rabbinus
1929 4210 1984 4277 ille
2006 4211 2092 4275 ferre

96 4297 136 4360 in
158 4316 193 4360 oe
216 4296 338 4363 habent
360 4298 525 4364 firmitatis
547 4321 645 4382 quem
667 4315 755 4367 terra
772 4304 826 4368 vel
845 4318 917 4369 aer:
940 4306 1069 4386 quando
1120 4318 1184 4362 non
1216 4299 1323 4382 potuit
1355 4297 1390 4360 in
1423 4296 1485 4361 hoo
1512 4318 1626 4378 aspero
1659 4295 1811 4380 loquendi
1844 4317 1972 4380 genero.
2025 4294 2092 4360 Sed

95 4379 262 4446 elementa
293 4383 440 4448 videmus
469 4386 633 4452 coutinuis
661 4389 897 4455 mutationibus
920 4412 990 4455 esse
1012 4391 1068 4456 ob-
1121 4383 1299 4449 notandum
1322 4393 1380 4459 est,
1406 4381 1598 4464 [11οΡ111111]
1623 4404 1664 4447 ⁶1
1687 4385 1851 4447 communi
1873 4403 1970 4447 ⁸0¹1⁵11
1994 4380 2093 4464 1011111,

96 4467 208 4532 noxia.
262 4467 347 4547 Quia
386 4489 464 4552 ergo
505 4480 609 4536 totum
644 4475 802 4539 mundum
837 4497 896 4540 sua
933 4478 1068 4559 agitatio
1120 4470 1269 4553 quamvis
1296 4478 1384 4535 certe
1414 4468 1501 4550 apud
1529 4489 1563 4533 se
1592 4478 1750 4533 statueret
1782 4490 1848 4532 non
1877 4488 1971 4549 posse
2001 4468 2092 4533 reiici

96 4551 228 4617 assidue
258 4564 437 4636 permutat,
466 4555 607 4623 conditio
637 4560 783 4625 stabilior
811 4562 1004 4644 preponitur
1033 4564 1067 4627 in
1121 4558 1175 4639 qui
1195 4555 1296 4622 semel
1318 4556 1440 4621 electus
1462 4555 1577 4618 luerat.
1623 4553 1748 4619 Eodem
1772 4554 1914 4635 partinet
1935 4551 2020 4634 qued
2043 4575 2092 4617 se-

97 4637 168 4703 sole
207 4652 239 4703 et
271 4639 366 4704 luna:
407 4661 449 4706 ne
482 4662 622 4725 reguum
654 4644 793 4712 Davidis
827 4647 1017 4712 aestimetur
1050 4670 1069 4712 a
1119 4644 1230 4725 quitur
1263 4641 1302 4706 de
1338 4639 1457 4704 abolito
1493 4639 1631 4705 foedere.
1684 4641 1798 4721 Neque
1830 4641 1917 4702 enim
1948 4637 2091 4704 levitatis

97 4725 263 4789 communi
293 4736 430 4791 naturae
456 4725 577 4793 ordine.
627 4728 699 4796 Iam
728 4754 827 4814 quum
858 4733 949 4799 sedes
978 4735 1070 4817 regia
1120 4739 1180 4793 aut
1208 4727 1446 4793 inconstantiae
1468 4725 1576 4789 Deum
1605 4725 1723 4809 arguit,
1754 4724 1810 4789 sed
1833 4734 1959 4788 tantum
1983 4723 2091 4806 queri·

97 4829 255 4875 concussa
277 4812 375 4876 fuerit
396 4813 456 4877 sub
478 4812 678 4896 Rehabeam‚
709 4829 746 4882 ut
767 4818 865 4901 paulo
889 4832 964 4883 aute
987 4819 1067 4884 dixi·
1121 4829 1185 4892 tur,
1215 4812 1382 4896 praeclara
1411 4811 1467 4876 illa
1490 4832 1572 4894 quae
1596 4812 1734 4875 vidimus
1768 4812 1927 4892 promissa
1956 4811 1988 4874 in
2020 4830 2091 4892 spe-

96 4916 189 4974 mus,
220 4906 331 4978 postea
362 4918 438 4964 vero
466 4898 576 4964 diruta
605 4913 637 4966 et
666 4924 794 4968 eversa:
829 4906 975 4986 sequitur
1003 4927 1067 4970 non
1121 4901 1203 4965 ciem
1243 4896 1430 4964 concidisse.
1485 4895 1569 4961 Nam
1608 4908 1696 4962 certe
1729 4897 1854 4978 quoties
1887 4897 2092 4977 interrogant

95 5001 192 5063 posse
223 4984 388 5050 oraculum
415 4982 476 5050 hoe
499 4987 652 5070 restringi
676 4987 717 5052 ad
740 4988 912 5054 Davidem.
956 4991 1069 5073 Neque
1121 4986 1248 5062 fideles,
1282 4982 1461 5065 Quousque
1490 4982 1621 5047 tandem
1653 4981 1817 5046 dormies?
1870 4982 1969 5061 Item,
1998 4979 2091 5061 Quo·

97 5067 187 5131 euim
218 5067 265 5132 sel
298 5068 440 5134 interdiu
473 5070 594 5149 lucere,
629 5083 663 5136 et
695 5073 773 5139 luna
807 5086 906 5140 noctu
936 5076 1069 5156 destitit,
1121 5093 1223 5154 usque
1250 5068 1450 5136 oblivisceris
1480 5067 1605 5132 nostri?
1650 5069 1722 5132 Deo
1745 5088 1906 5148 somnum,
1934 5067 1986 5133 val
2010 5066 2094 5131 obli·⁴

97 5153 250 5234 quamvis
268 5156 428 5221 exstincta
443 5164 529 5222 esset
543 5158 614 5224 sine
629 5179 686 5240 spe
702 5160 919 5226 restitutionis
934 5172 1071 5228 externa

96 5240 193 5321 regni
223 5240 375 5325 dignitas.
425 5240 504 5307 Ideo
531 5242 632 5310 donec
661 5245 702 5310 ad
732 5245 902 5313 Christum
935 5260 1069 5315 ventum
1209 5261 1237 5330 ⁸)
1255 5268 1286 5315 tu
1303 5276 1333 5313 ro
1351 5260 1400 5312 fait
1418 5274 1514 5325 aroer,
1532 5271 1567 5311 eu
1585 5273 1689 5327 marpe:
1708 5274 1743 5310 ou
1761 5273 1791 5310 ro
1809 5254 1903 5325 quiue.
