4672 5864
167 344 229 410 aa
902 308 905 315 ’
953 347 1194 420 essenus
1216 349 1343 416 xnvr.
1502 325 1506 332 ’
2091 353 2155 419 ssa

168 542 256 598 terra
278 533 348 600 loco
370 536 505 612 moveri,
528 545 561 602 et
581 546 710 603 montes
732 559 751 602 a
772 537 936 604 radicibus
958 537 1133 619 dehiscere,
1186 536 1253 604 sed
1282 539 1358 622 quia
1386 559 1553 621 nunquam
1584 549 1732 622 repertus
1763 550 1813 606 est
1841 541 1895 606 ille
1924 561 2018 624 quem
2047 544 2153 627 fingit,

168 632 293 685 stamus
315 631 425 685 tamen
448 623 634 704 tranquillis
656 634 690 688 et
711 624 836 690 securis
858 625 985 690 animis.
1022 624 1133 691 Facile
1185 624 1380 712 nihilaliud
1403 645 1500 706 quam
1523 635 1677 707 nugatur.
1722 625 1814 691 Haec
1836 625 1939 711 igitur
1960 628 2061 692 animi
2084 649 2153 693 ma·

168 705 255 769 enim
280 717 330 770 est
351 726 503 790 magnam
528 708 676 774 fiduciam
705 708 947 792 praeseferre
977 708 1133 793 quamdiu
1185 710 1322 794 gnitudo
1348 711 1383 774 in
1406 710 1475 773 solo
1499 709 1561 775 Dei
1583 709 1745 792 praesidio
1768 711 1906 776 lundata
1928 725 1988 787 est,
2016 723 2054 777 ut
2076 734 2154 778 vere

167 790 348 874 periculum
368 792 493 856 nullum
511 795 694 876 impendet:
716 816 830 860 verum
853 796 881 861 si
900 798 1001 861 totius
1019 795 1133 861 muudi
1185 797 1305 862 iactare
1327 806 1451 878 queant
1473 796 1526 877 qui
1550 795 1745 860 recumbunt
1767 798 1801 860 in
1823 796 1942 872 Deum,
1969 820 2035 862 non
2058 799 2153 863 modo

167 877 335 942 concussio
362 878 488 943 animos
517 891 645 944 nostros
674 880 856 959 labefactet,
889 903 994 964 neque
1021 902 1132 946 eorum
1186 903 1220 946 se
1242 880 1433 964 impavidos,
1462 880 1638 945 sedetiam
1662 883 1931 948 tutosetsalvcs
1959 883 2025 948 lore
2054 905 2152 967 quum

168 962 308 1044 quietem
339 965 514 1044 perturbet,
545 964 621 1030 hinc
643 966 736 1031 facile
757 975 902 1049 apparet,
931 967 994 1032 Dei
1020 976 1133 1050 poten·
1186 969 1299 1032 ruinae
1328 977 1432 1031 totum
1462 964 1621 1030 mundum
1651 967 1798 1032 obruent.
1844 968 2045 1033 Nominatim
2077 991 2154 1034 vero

167 1047 232 1112 tiae
261 1051 383 1112 iustum
416 1047 572 1114 honorem
603 1050 729 1116 deferri.
780 1052 883 1117 Porro
911 1074 1012 1136 quum
1045 1053 1133 1133 dicit,
1186 1055 1345 1137 propheta
1369 1051 1531 1116 Civitatem
1553 1050 1617 1116 Dei
1645 1052 1759 1117 laetam
1787 1054 1854 1118 fore
1881 1053 1974 1133 dicit,
2004 1057 2154 1137 quamvis

169 1132 243 1198 Non
270 1133 454 1208 timebimus,
483 1135 555 1218 pias
584 1146 709 1201 mentes
737 1137 777 1202 ab
799 1140 887 1203 omni
917 1138 1132 1204 sollicitudine
1185 1162 1248 1205 non
1271 1158 1362 1202 mare
1384 1136 1514 1220 aliquod
1537 1136 1776 1202 tumultuosum
1806 1139 1925 1204 habeat
1947 1141 2033 1223 quod
2056 1162 2153 1223 oppo-

167 1219 218 1282 rel
241 1228 331 1283 metu
354 1239 420 1283 non
443 1221 573 1303 penitus
599 1223 723 1301 eximit,
753 1243 790 1288 ac
813 1224 841 1289 si
863 1244 960 1288 sensu
984 1233 1133 1289 carerent
1185 1220 1417 1290 nat‘fluctibus
1438 1222 1504 1287 illis
1527 1243 1607 1304 quos
1626 1222 1747 1304 retulit,
1770 1225 1825 1289 sed
1845 1237 1976 1290 tenuem
1995 1225 2155 1291 duntaxat

166 1302 294 1388 (stupor
324 1305 410 1369 enim
441 1327 460 1370 a
488 1305 566 1371 fidei
595 1309 777 1373 constantia
809 1309 998 1393 longissime
1027 1309 1132 1394 abest)
1183 1313 1332 1389 fluvium,
1354 1308 1471 1373 alludit
1493 1322 1600 1373 autem
1621 1308 1660 1372 ad
1680 1310 1788 1374 rivum
1805 1311 1962 1374 fluentem
1982 1333 2022 1375 ex
2041 1311 2154 1376 Siloah

166 1389 223 1454 sed
246 1398 374 1454 tantum
398 1389 499 1469 dccet,
527 1393 681 1476 quidquid
704 1392 864 1475 acciderit,
886 1416 1055 1478 nunquam
1078 1416 1132 1460 cos
1184 1399 1238 1480 qui
1260 1394 1512 1480 praeterfluebat
1533 1392 1779 1477 Ierosolymam.
1817 1396 1930 1476 Porro,
1953 1417 2018 1460 non
2042 1397 2154 1461 dubito

167 1488 290 1539 terrore
320 1475 428 1553 obrui,
462 1477 516 1541 sed
547 1479 654 1561 potius
683 1480 770 1546 vires
800 1479 951 1564 colligere
979 1501 1062 1563 quae
1091 1480 1131 1545 ad
1185 1484 1261 1566 quin
1292 1482 1421 1562 oblique
1453 1480 1655 1562 perstringat
1686 1481 1846 1564 propheta
1877 1481 2009 1546 fallaces
2042 1503 2153 1546 eorum

165 1560 359 1644 placandum
389 1571 546 1628 terrorem
568 1564 741 1630 sufficiant.
789 1566 921 1631 Terram
948 1568 1077 1645 mauri,
1105 1572 1134 1630 u
1185 1567 1405 1645 confidentius,
1422 1566 1478 1648 qui
1494 1566 1635 1629 terrenis
1650 1565 1765 1648 opibus
1780 1567 1909 1646 muniti,
1925 1579 2019 1631 extra
2034 1568 2154 1632 iactum

164 1652 281 1712 mantea
300 1648 408 1712 eadem
427 1649 463 1711 r'n
484 1668 537 1713 eor
557 1651 667 1727 maris,
688 1649 893 1733 loquutiones
915 1660 993 1716 sunt
1016 1651 1133 1735 hyper·
1185 1655 1323 1720 telorum
1346 1672 1381 1717 se
1399 1673 1469 1716 esse
1491 1652 1664 1716 somniant.
1710 1651 1794 1716 Nam
1818 1653 1873 1735 qui
1897 1653 1957 1715 sibi
1980 1653 2057 1719 hinc
2079 1650 2156 1716 inde

166 1731 298 1812 bolioae,
325 1735 381 1797 sed
404 1754 487 1815 quae
508 1735 695 1818 significant
716 1739 816 1801 totius
838 1737 925 1802 orbis
947 1738 1131 1802 conversio·
1185 1741 1281 1805 anxie
1311 1745 1481 1804 accersunt
1509 1737 1631 1801 invicta
1660 1736 1774 1801 mundi
1801 1737 1971 1820 praesidia,
2003 1737 2155 1803 videntur

165 1839 251 1883 nem.
296 1817 381 1881 Nam
410 1819 495 1902 quod
521 1821 672 1885 nonnulli
694 1841 745 1888 eor
764 1824 873 1899 marie,
904 1824 943 1886 de
966 1835 1054 1888 terra
1075 1845 1132 1888 ex·
1185 1826 1313 1909 quidem
1344 1824 1453 1887 hostes
1482 1842 1575 1902 posse
1601 1820 1697 1904 longe
1720 1822 1760 1886 ab
1782 1842 1913 1888 accessu
1936 1843 2059 1902 arcere,
2089 1845 2154 1888 non

165 1910 302 1986 ponunt,
333 1903 413 1967 mihi
439 1926 504 1969 non
527 1907 692 1988 probatur.
738 1904 803 1973 Sed
827 1914 863 1972 ut
885 1918 1010 1974 constet
1039 1908 1132 1974 nobis
1185 1931 1277 1977 scens
1300 1930 1337 1974 ae
1352 1909 1379 1972 si
1403 1907 1546 1989 undique
1567 1907 1653 1972 mari
1674 1907 1773 1973 cincti
1795 1918 1913 1986 essent,
1936 1907 1992 1972 sed
2015 1929 2113 1992 saepe
2136 1930 2155 1973 a

164 1990 263 2071 plena
285 1987 440 2065 doctrina,
464 1991 504 2055 ad
527 1992 651 2073 reliqua
674 2013 860 2077 pergamus.
1185 1998 1252 2062 suis
1274 1994 1512 2060 munitionibus
1534 1992 1725 2074 pessundari
1748 1994 1924 2074 contingit:
1947 1993 2155 2075 quemadmo-

1185 2083 1261 2146 dum
1285 2082 1314 2146 si
1332 2092 1508 2161 tempestas
1530 2079 1671 2142 insulam
1694 2077 1818 2143 diluvio
1836 2090 1942 2143 vastet
1960 2100 1998 2144 ae
2018 2090 2155 2144 evertat.

252 2162 281 2225 4.
304 2159 461 2225 Sonabant
479 2167 506 2225 et
521 2163 828 2249 amoenantur)
849 2185 949 2246 aquae
966 2166 1044 2246 eiua,
1065 2185 1131 2231 oon·
1186 2168 1252 2248 Qui
1276 2187 1352 2232 vero
1381 2164 1444 2228 Dei
1475 2163 1594 2227 tulelae
1616 2184 1651 2228 se
1673 2166 1894 2241 committunt,
1925 2166 2076 2246 quamvis
2104 2185 2153 2230 se·

164 2246 318 2312 audientur
338 2251 455 2311 montes
475 2249 509 2312 in
531 2248 694 2315 motione
715 2251 793 2315 eiua.
832 2250 934 2317 aaut.
988 2250 1018 2315 b.
1050 2249 1133 2315 Flu-
1177 2251 1327 2318 'eundum
1361 2248 1519 2314 mnndum
1558 2248 1696 2331 expositi
1727 2249 1794 2314 sint
1826 2251 1976 2317 omnibus
2015 2250 2153 2329 iniuriis,

164 2331 263 2396 minua
290 2332 386 2397 rivuli
415 2333 483 2397 eius
508 2333 715 2414 lauifimbunt
735 2336 887 2401 anteum
909 2337 982 2417 Dei,
1008 2341 1133 2401 sanata·
1185 2359 1245 2403 nee
1266 2338 1346 2403 satis
1368 2335 1489 2400 muniti
1511 2334 1577 2398 sint
1594 2332 1634 2397 ad
1653 2334 1871 2416 prohibendos
1893 2335 2045 2420 insultus,
2068 2337 2154 2418 quie·

165 2419 274 2481 arium
302 2418 573 2483 tabernaculorum
600 2420 738 2486 Exclu.
792 2423 821 2486 6.
852 2422 943 2487 Deua
971 2425 1006 2486 in
1034 2422 1133 2486 medio
1185 2434 1280 2490 scunt
1309 2431 1418 2487 tamen
1441 2420 1555 2484 securi.
1598 2419 1673 2485 Hae
1694 2419 1734 2483 de
1756 2439 1855 2484 causa
1876 2418 2016 2486 Iudaeos
2043 2443 2153 2503 repre·

165 2504 249 2568 eius:
281 2524 341 2568 non
368 2502 546 2588 marhuan,
578 2505 739 2572 adiuvabit
770 2527 838 2573 eam
867 2507 957 2574 Deus
989 2507 1032 2573 od
1065 2527 1132 2572 cou-
1185 2509 1300 2575 hendit
1330 2506 1452 2571 Iesaias
1474 2505 1504 2585 8,
1526 2506 1556 2571 6.
1586 2504 1673 2587 quod
1702 2516 1894 2589 spernentes
1917 2527 2016 2588 aquas
2038 2504 2153 2571 Siloah

164 2594 300 2668 medum
323 2609 466 2653 aurorae.
1186 2595 1303 2660 leniter
1324 2594 1473 2669 fluentes,
1503 2590 1681 2674 profundos
1706 2605 1739 2655 et
1760 2591 1892 2673 rapidos
1913 2592 2033 2657 fluvios
2055 2612 2153 2675 apps-

1186 2691 1267 2745 tant.
1311 2678 1372 2743 Est
1393 2685 1499 2740 autem
1523 2676 1591 2741 illie
1612 2677 1772 2740 concinna
1801 2677 1974 2742 antithesis
2002 2677 2089 2740 inter
2109 2679 2153 2741 ri·

251 2759 282 2822 4.
306 2757 505 2847 (Sombrent.)
548 2761 631 2826 Oum
655 2762 716 2827 hoe
737 2784 834 2829 versu
857 2765 1011 2849 coniungi
1037 2763 1133 2830 debet
1185 2765 1299 2831 valum
1318 2762 1432 2830 Silcah
1449 2763 1489 2827 ab
1508 2783 1575 2826 una
1592 2773 1695 2844 parte,
1714 2771 1748 2827 st
1764 2762 1878 2827 Nilum
1897 2784 1934 2828 ac
1949 2761 2154 2844 Euphratem

164 2844 263 2908 etiam
287 2847 452 2929 posterior,
475 2848 550 2930 quia
571 2848 687 2932 implet
707 2850 912 2928 sententiam,
935 2872 972 2916 ac
987 2851 1015 2916 si
1031 2850 1132 2916 dixis·
1184 2852 1224 2918 ab
1243 2852 1360 2916 altera:
1383 2849 1475 2931 quasi
1493 2847 1623 2923 diceret,
1646 2847 1754 2912 Deum
1777 2848 1816 2913 ab
1834 2848 1914 2931 ipsis
1932 2847 2077 2912 fraudari
2095 2867 2155 2913 ruo

164 2942 231 3009 set,
260 2929 419 3012 Quamvis
448 2933 691 2999 tumultuentur
718 2947 752 2999 et
779 2938 1001 3002 intumescant
1031 2956 1133 3019 aquae
1186 2939 1325 3013 honore,
1360 2934 1452 3016 quasi
1481 2954 1545 2998 non
1576 2930 1757 3015 providerit
1785 2953 1883 3015 quum
1912 2934 2013 3018 elegit
2040 2932 2153 2998 urbem

165 3016 276 3093 maris,
306 3038 343 3082 ac
367 3017 507 3082 violento
528 3039 588 3083 suc
610 3021 732 3102 impetu
762 3030 885 3086 montes
906 3021 994 3105 ipsos
1016 3042 1132 3088 concu-
1185 3024 1436 3104 lerosolymam,
1468 3017 1585 3101 quibus
1611 3018 1783 3099 praesidiis
1812 3017 1854 3082 ad
1882 3040 1954 3082 eam
1984 3018 2153 3083 tutandam

165 3101 266 3178 tiant,
301 3103 386 3166 inter
418 3102 588 3170 horribiles
622 3105 734 3170 turbas
766 3106 917 3171 hilariter
947 3115 981 3171 et
1010 3107 1134 3189 placide
1185 3129 1266 3191 opus
1287 3106 1380 3171 foret.
1424 3104 1474 3168 Aa
1496 3102 1661 3185 probabile
1683 3113 1742 3182 est,
1765 3105 1793 3167 si
1814 3103 1968 3167 Psalmus
1990 3102 2052 3182 hic,
2082 3116 2155 3185 post

166 3186 310 3267 quiesset
331 3189 393 3252 Dei
423 3191 547 3267 civitas,
579 3191 705 3274 exiguis
734 3191 814 3257 rivis
841 3200 1003 3257 contenta.
1046 3191 1132 3257 Nam
1186 3194 1363 3260 exercitum
1382 3188 1605 3255 Sennacherib
1624 3207 1752 3252 caesum
1771 3199 1804 3252 et
1821 3187 2039 3272 profligatum,
2057 3189 2156 3253 fuerit

165 3290 347 3354 pronomen
373 3275 546 3340 relativum
567 3295 803 3359 supervacuum
833 3286 883 3342 est
903 3299 945 3343 ex
966 3278 1133 3343 communi
1185 3277 1392 3360 compositus,
1410 3284 1558 3340 autorem
1576 3273 1645 3338 sius
1664 3273 1809 3337 consulto
1827 3272 1963 3338 eandem
1979 3293 2154 3356 usurpasse

166 3377 228 3422 usu
263 3358 394 3442 linguae
430 3361 609 3427 hebraicae.
669 3359 870 3445 Simpliciter
906 3364 994 3428 enim
1027 3362 1133 3429 dicere
1185 3363 1426 3445 metaphoram:
1461 3372 1498 3424 ut
1525 3357 1639 3423 fideles
1666 3358 1700 3423 in
1731 3368 1912 3441 posterum,
1940 3360 2010 3425 sine
2040 3359 2155 3424 mundi

164 3443 271 3507 voluit
297 3446 465 3528 propheta,
495 3458 607 3514 tenues
630 3449 718 3512 rivos
740 3448 884 3513 fluminis
906 3458 1039 3513 sanctae
1061 3449 1133 3515 urbi
1185 3450 1301 3532 opibus
1321 3448 1450 3513 unicam
1474 3445 1536 3510 Dei
1563 3446 1701 3529 gratiam
1729 3445 1791 3510 sibi
1814 3445 1963 3510 sufficere
1984 3445 2155 3511 discerent.

165 3529 295 3610 plenam
328 3532 469 3598 laetitiae
499 3534 669 3599 materiam
699 3533 848 3616 daturos,
884 3535 912 3599 si
942 3535 1026 3599 forte
1055 3555 1133 3600 con·
1185 3535 1310 3601 Eadem
1328 3552 1455 3615 quoque
1474 3552 1573 3615 opera
1591 3550 1650 3594 nos
1669 3529 1765 3595 hodie
1783 3530 1822 3593 ad
1839 3530 1924 3596 hane
1939 3531 2152 3596 constantiam

167 3614 274 3698 tingat
295 3625 400 3680 tntum
423 3619 582 3684 mundum
600 3618 773 3687 labascere.
818 3620 890 3685 Iam
912 3641 1017 3702 nuper
1038 3620 1134 3706 attigi
1186 3622 1337 3686 hortatur
1366 3628 1400 3683 et
1421 3619 1546 3682 animat
1575 3615 1720 3698 spiritus,
1750 3627 1788 3680 ut
1817 3617 2012 3698 contemptis
2041 3636 2153 3680 eorum

167 3720 263 3782 quam
286 3702 400 3766 utilem
430 3704 609 3770 doctrinam
632 3706 796 3771 contineat
817 3705 871 3772 hic
893 3707 990 3786 loeus,
1017 3726 1133 3790 nempe
1185 3707 1286 3790 copiis
1315 3706 1372 3789 qui
1401 3702 1574 3786 magnifice
1603 3711 1718 3767 contra
1746 3721 1807 3766 nos
1835 3701 2037 3784 superbiunt,
2067 3701 2154 3766 inter

167 3796 246 3850 tnnc
275 3785 408 3853 demum
436 3790 499 3853 rite
527 3790 657 3874 probari
685 3790 783 3857 fidem
813 3801 971 3875 nostram,
1005 3792 1062 3856 ubi
1091 3792 1131 3857 ad
1185 3812 1297 3858 omncs
1314 3798 1422 3856 motus
1440 3799 1474 3853 et
1490 3787 1604 3852 turbas
1622 3786 1790 3868 tranquilli
1809 3796 1946 3852 stemus:
1969 3807 2027 3851 uec
2047 3787 2153 3869 pigeat

167 3872 376 3954 gravissimos
407 3877 575 3942 conflictus
604 3886 740 3943 ventum
769 3886 833 3955 est,
863 3877 1007 3961 adeoque
1036 3879 1132 3943 inferi
1185 3900 1245 3944 nos
1266 3877 1318 3944 vel
1342 3873 1462 3959 pudeat
1484 3883 1613 3937 nostrae
1635 3870 1802 3951 nuditatis,
1824 3869 1921 3935 modo
1943 3869 1983 3935 ad
2007 3890 2065 3936 nos
2087 3893 2153 3937 ser-

167 3958 227 4106 ipsi
251 3958 405 4025 videntur
433 3962 537 4044 aperti
566 3974 609 4045 ut,
632 3984 691 4028 nos
712 3961 915 4029 absorbeant.
959 3963 1012 4028 Ita
1040 3962 1133 4029 nobis
1186 3964 1310 4029 vandos
1331 3969 1466 4026 extenta
1487 3959 1530 4022 sit
1552 3956 1615 4021 Dei
1637 3977 1764 4021 manus.
1808 3957 1897 4039 Ergo
1919 3958 2068 4054 quamvis
2091 3957 2152 4022 Dei

188 4045 357 4129 epingitur
389 4046 465 4112 fidei
495 4049 644 4126 victoria,
677 4058 791 4114 contra
823 4058 926 4113 totum
959 4050 1132 4130 mundum,
1185 4049 1345 4114 auxilium
1376 4046 1517 4110 tenuiter
1542 4044 1576 4106 in
1600 4043 1739 4125 speciem
1762 4043 1854 4124 quasi
1877 4061 1936 4124 per
1957 4041 2082 4107 rivulos
2105 4042 2152 4107 di·

168 4129 222 4196 ubi
249 4131 373 4197 seilicet
401 4154 418 4198 e
447 4134 545 4200 rebus
574 4135 716 4201 confusis
739 4135 785 4200 sic
807 4135 953 4218 emergit,
983 4144 1021 4199 ut
1042 4155 1132 4200 crea·
1184 4135 1295 4220 stillet,
1314 4132 1388 4216 plus
1406 4128 1654 4212 tranquillitatis
1673 4127 1765 4192 nobis
1783 4127 1908 4203 afferat,
1926 4146 2022 4209 quam
2041 4128 2068 4193 si
2087 4138 2154 4192 tota

168 4217 250 4282 turis
278 4216 427 4285 omnibus
456 4221 594 4285 exitium
623 4220 859 4296 minitantibus,
888 4240 1000 4286 omnes
1023 4229 1132 4286 tamen
1185 4220 1298 4285 mundi
1329 4217 1475 4301 potentia
1503 4214 1543 4279 ad
1568 4234 1626 4278 nos
1647 4213 1808 4278 iuvandos
1836 4211 1935 4277 simul
1964 4226 2154 4279 coacervata

167 4309 276 4368 metus
298 4313 441 4387 raperet.
484 4306 560 4371 Non
584 4306 667 4388 quod
691 4304 820 4371 rideant
841 4306 876 4371 in
899 4305 1052 4389 perieulis
1074 4306 1131 4371 filii
1185 4316 1281 4371 esset.
1314 4303 1425 4384 Quum
1447 4299 1683 4383 lerosolymam
1702 4307 1798 4363 vocat
1817 4300 2035 4363 censuarium
2056 4300 2152 4363 taber-

167 4383 241 4469 Dci,
271 4397 329 4454 aut
355 4391 460 4456 iocose
483 4391 523 4457 de
545 4400 649 4456 morte
676 4393 838 4475 garriant:
868 4392 924 4458 sed
955 4391 1030 4475 quia
1059 4413 1132 4475 pro·
1184 4391 1369 4458 naculoram
1390 4387 1528 4466 Euoust‘,
1558 4383 1861 4484 concinnanallusio
1892 4394 1942 4484 est
1967 4384 2008 4448 ad
2031 4396 2152 4483 statum

167 4475 304 4540 missum
325 4475 387 4542 sibi
405 4499 424 4542 a
441 4476 513 4543 Deo
531 4477 689 4543 auxilium
707 4477 812 4562 pluris
830 4480 1012 4556 aestimant,
1034 4498 1133 4561 quam
1185 4478 1274 4542 illius
1303 4475 1475 4557 temporis:
1506 4471 1655 4555 quamvis
1682 4492 1769 4535 emm
1799 4491 1859 4554 per
1880 4469 2026 4554 srngulas
2049 4470 2153 4568 trrbus

167 4561 253 4626 mala
286 4562 397 4627 omnia
428 4584 512 4645 quae
542 4574 700 4629 terrorem
732 4563 907 4628 incutiunt.
960 4562 1134 4628 Praeclara
1186 4563 1360 4645 imperium
1386 4580 1480 4624 suum
1502 4559 1595 4623 Deus
1617 4555 1761 4635 haberet,
1788 4555 1874 4621 hanc
1896 4565 2004 4619 tamen
2029 4574 2152 4638 regrum

170 4644 300 4712 ridetur
321 4647 450 4720 Horatii
478 4650 641 4715 sententia
668 4648 708 4714 de
730 4649 803 4714 viro
832 4651 916 4715 iusto
938 4657 971 4713 et
992 4649 1052 4714 sibi
1076 4669 1132 4733 op·
1186 4648 1294 4715 sedem
1313 4648 1458 4730 elegerat
1475 4642 1561 4708 unde
1579 4651 1683 4707 totum
1702 4642 1858 4725 populum
1876 4651 2012 4723 regeret.
2038 4640 2152 4723 Itaque

169 4733 247 4797 tima
269 4734 407 4815 conscio,
1186 4754 1286 4816 quum
1308 4753 1366 4816 per
1388 4738 1490 4794 totam
1510 4727 1664 4794 Iudaeam
1687 4727 1791 4793 divisa
1813 4737 1922 4791 essent
1943 4725 2153 4790 tabernacula

369 4853 406 4919 3,-
426 4856 548 4936 fractus
568 4855 718 4922 illabatur
738 4855 832 4934 orbis,
1186 4820 1330 4895 Excelsi,
1352 4818 1413 4882 sub
1431 4835 1535 4879 unum
1557 4822 1667 4878 tamen
1690 4813 1913 4877 sanctuarium
1936 4811 2042 4894 colligi
2061 4832 2153 4893 opor·

373 4939 578 5023 Impauidum
597 4943 708 5024 ferient
728 4940 915 5026 ruinae:**)
1186 4900 1614 5073 turt,gqt(11))qtqs⁸2?ffi¹ig·
1636 4980 1729 5066 eiua)
1772 4981 1867 5044 Nunc
1896 4980 2040 5046 ostendit
2066 4983 2152 5048 unda

1185 5130 1388 5140 ———

238 5132 284 5228 J)
302 5142 507 5203 tempesteront,
525 5151 558 5188 en
577 5149 682 5202 marae:
700 5150 734 5185 cu
752 5131 913 5209 s’enlleront
1115 5201 1121 5212 ι
1158 5164 1162 5228 q
1205 5199 1211 5211 ,
1880 5185 1895 5207 ‚-
2029 5189 2035 5199 ·

255 5200 284 5266 ι)
305 5201 395 5258 carm·
413 5205 430 5259 ι,
448 5205 512 5260 111·
530 5203 572 5259 og·
592 5206 615 5256 3Ι
652 5202 701 5257 pp,
718 5200 860 5266 spamam
882 5201 990 5267 lorsque
1008 5201 1034 5253 10
1052 5200 1134 5254 bam.
1158 5241 1161 5290 Ι
1185 5213 1291 5276 preces,
1321 5197 1361 5248 les
1388 5195 1486 5247 esclats
1511 5192 1537 5245 le
1564 5190 1723 5258 frappsront
1751 5201 1812 5239 sans
1844 5186 1906 5253 qurl
1936 5202 1968 5238 en
1996 5195 2050 5240 sort
2076 5204 2152 5258 espo.

172 5279 244 5322 urent
267 5274 402 5327 universal
428 5276 464 5328 du
491 5275 588 5329 monde
615 5271 760 5326 tombcroit
786 5279 847 5321 tout
873 5285 905 5321 eu
933 5286 968 5319 nn
992 5286 1060 5337 coup
1084 5287 1134 5337 par
1186 5278 1274 5320 rante.
