4658 5856
160 323 222 388 lul

159 530 260 593 quum
284 507 362 572 dicit
385 507 498 573 hostes
521 505 710 590 suppliciter
735 507 850 590 iugum
879 507 979 573 fuisse
1008 507 1133 573 subitu-

159 618 228 672 ros,
263 595 325 658 nisi
353 593 426 657 illos
455 593 496 658 ad
524 593 686 658 licentiam
718 606 878 658 armasset
908 592 1133 660 Israelitarum

160 681 320 763 impietas,
342 679 420 752 dum
444 700 581 744 excusso
600 681 676 761 iugo
693 689 807 742 contra
824 677 930 743 Deum
947 680 1132 744 lasciviunt.
1198 738 1202 745 .

160 766 276 832 Hostes
315 763 449 830 lebooae
492 765 683 847 nominans,
723 766 917 849 perstringit
955 765 1133 848 Israelitas,

159 851 246 935 quod
268 851 407 933 abrupto
430 849 568 916 foederis
591 849 739 929 vinculo,
768 871 803 914 se
823 870 843 913 a
865 851 936 915 Deo
966 850 1133 935 disiunxe·

160 938 237 1015 rint,
260 958 301 1001 ne
326 936 444 1001 bellum
467 936 577 1000 statim
600 955 659 1019 pro
681 936 761 1018 ipsis
781 946 895 1000 contra
917 937 1028 1003 hostes
1045 958 1133 1002 com·

159 1044 276 1088 munes
313 1021 499 1105 susciperet.
568 1020 851 1101 Quemadmodum
892 1023 977 1087 enim
1012 1022 1135 1087 terreni

159 1109 335 1192 principes,
359 1108 387 1173 si
409 1129 429 1172 a
450 1108 545 1172 sociis
569 1107 770 1184 fraudentur,
798 1107 1001 1172 descendunt
1023 1107 1064 1172 ad
1085 1109 1136 1173 in-

161 1195 272 1259 ducias
294 1215 367 1261 oum
390 1193 524 1276 reliquis
546 1192 711 1257 hostibus:
735 1201 768 1257 et
791 1193 852 1259 hoc
874 1205 968 1276 pacto
987 1217 1021 1260 se
1040 1194 1135 1259 ulcis-

160 1289 281 1346 cuntur
302 1277 342 1344 de
364 1280 504 1361 periuris
524 1290 556 1342 et
574 1279 777 1362 foedifragis:
800 1280 848 1343 ita
865 1280 1029 1362 significat
1043 1280 1135 1344 Deus

161 1387 196 1430 se
218 1364 364 1430 hostibus
385 1365 454 1430 suis
475 1365 674 1447 pepercisse:
697 1365 771 1447 quia
794 1364 916 1447 perfide
931 1378 964 1430 ct
979 1366 1134 1431 scelerate

163 1473 182 1515 a
203 1451 321 1534 populo
343 1449 446 1515 Israel
470 1452 623 1532 deceptus
640 1461 721 1515 erat.
756 1449 824 1515 Our
840 1451 928 1515 enim
945 1451 1133 1516 manifestos

164 1537 275 1602 hostes
297 1535 377 1602 sinit
398 1534 522 1600 inultos
545 1556 625 1615 esse,
647 1548 679 1599 et
701 1537 735 1600 in
757 1535 934 1600 asserenda
955 1558 1016 1602 sua
1030 1536 1135 1620 gloria

160 1621 202 1686 ad
226 1632 353 1704 tempus
375 1631 495 1701 cessat,
530 1621 593 1685 nisi
621 1620 706 1704 quod
730 1621 841 1686 rebelli
864 1633 897 1685 et
926 1623 1053 1687 immori
1079 1644 1134 1687 ero

161 1707 280 1791 populo
314 1708 385 1772 illos
417 1708 567 1790 opponit,
601 1727 620 1770 a
652 1706 770 1790 quibus
804 1707 999 1791 subigatur?
1044 1645 1135 1788 {uid

161 1794 221 1860 sibi
246 1792 324 1859 velit
345 1793 484 1858 verbum
505 1805 615 1874 qm),
644 1792 720 1857 alibi
744 1792 896 1858 diximus.
942 1793 1135 1859 Subindicat

161 1891 270 1943 autem
293 1878 453 1962 propheta
474 1901 540 1943 non
564 1880 660 1943 aliam
680 1899 753 1944 oum
773 1879 918 1961 reprobis
941 1879 1133 1962 sperandam

161 1987 231 2030 csse
254 1985 375 2046 pacem,
397 1965 461 2028 nisi
484 1975 645 2046 quatenus
667 1985 780 2029 eorum
799 1963 921 2029 rabiem
937 1967 1136 2051 constringit

160 2050 253 2115 Deus
275 2050 409 2116 occultis
431 2051 571 2128 cetenis,
592 2050 689 2115 sicuti
711 2049 761 2114 leo
784 2052 888 2115 ferrea
909 2071 1009 2116 cavea
1032 2054 1135 2118 inclu-

160 2157 227 2214 sus,
247 2146 358 2200 manet
379 2156 509 2218 semper
531 2135 597 2214 leo,
625 2135 682 2200 aed
704 2135 873 2202 cohibetur
902 2159 943 2201 ne
975 2137 1076 2202 laniet
1098 2160 1136 2203 ac

162 2221 325 2303 discerpat
346 2222 401 2304 qui
429 2222 573 2303 quinque
601 2232 729 2286 tentum
761 2221 813 2286 vel
842 2245 900 2287 sex
929 2222 1065 2305 pedibus
1095 2223 1136 2287 ab

161 2328 199 2372 eo
222 2307 361 2372 distant:
395 2306 442 2372 sic
470 2307 579 2388 impii,
608 2307 684 2373 licet
714 2308 750 2371 in
780 2318 926 2374 nostram
956 2309 1134 2391 perniciem

160 2392 305 2469 inhient,
340 2393 474 2474 exsequi
506 2404 619 2468 tamon
646 2393 732 2475 quod
760 2407 916 2477 cuperent
949 2404 1133 2477 nequeunt:

159 2479 225 2547 imo
248 2498 364 2542 eorum
387 2478 539 2542 ferociam
559 2478 710 2543 humiliat
728 2478 829 2553 Deus,
854 2494 891 2544 ut
910 2480 1131 2544 mausuetudi-

158 2585 236 2629 nem
257 2564 423 2639 simulent.
458 2563 597 2630 Summa
618 2576 677 2640 est,
700 2564 796 2647 culpa
817 2566 1040 2630 Israelitarum
1060 2566 1132 2631 fieri

159 2662 195 2714 ut
218 2649 430 2731 praevaleant
451 2661 564 2714 contra
585 2669 641 2714 eos
664 2651 788 2729 hostes,
818 2664 851 2714 et
872 2650 1060 2730 petulanter
1081 2652 1132 2715 in·

159 2734 301 2812 saltent,
335 2734 389 2816 qui
420 2735 496 2799 filiis
526 2734 588 2798 Dei
619 2735 789 2817 morigeris
818 2747 851 2799 et
880 2737 1133 2818 obsequentibus

159 2819 321 2902 supplices
344 2831 438 2884 erant
470 2819 583 2883 futuri.
629 2819 764 2902 Tempus
793 2841 922 2904 quoque
946 2827 1133 2904 perpetuum

160 2903 202 2971 ad
224 2905 454 2988 promissiones
476 2905 591 2970 referri
612 2903 725 2987 debet,
746 2907 842 2971 sicuti
864 2908 956 2990 copia
979 2908 1079 2974 tritici
1100 2918 1134 2974 et

160 2989 267 3056 mellis
294 2988 335 3054 ad
364 2990 549 3057 satietatem
579 3012 695 3073 usque:
730 3001 868 3058 testatus
898 2993 989 3058 enim
1024 2994 1134 3060 fuerat

159 3075 252 3142 Deus
274 3097 309 3142 se
331 3077 399 3142 fore
420 3075 486 3142 illis
505 3088 720 3160 protectorem
738 3087 772 3141 et
788 3080 956 3145 custodem
974 3079 1015 3144 ad
1035 3081 1133 3145 finem

160 3183 271 3246 usque.
317 3162 457 3228 Mutatio
479 3163 581 3246 igitur
604 3172 671 3227 tam
693 3165 801 3229 subita
830 3185 912 3247 quae
942 3166 1132 3250 contigerat,

160 3248 271 3313 odiose
292 3248 359 3314 illis
380 3249 540 3329 obiicitur,
562 3246 648 3331 quod
671 3248 746 3314 data
767 3271 867 3332 opera
887 3273 978 3316 suam
998 3251 1133 3316 felicite-

160 3343 227 3398 tem
250 3334 401 3417 protinus
424 3333 611 3399 abiecerint.
656 3334 748 3400 Idem
771 3349 804 3399 ct
826 3335 866 3400 de
890 3350 996 3401 terrae
1019 3338 1134 3401 fertili·

162 3427 230 3483 tate
261 3418 444 3484 dicendum.
495 3417 562 3499 Qui
591 3422 627 3484 fit
657 3421 745 3484 enim
776 3432 813 3484 ut
847 3424 997 3486 esuriant
1033 3425 1066 3488 in
1096 3444 1135 3487 ea

87 3577 92 3588 ,
162 3513 251 3569 terra
280 3504 337 3570 ubi
366 3504 458 3569 Deus
488 3505 587 3568 tritici
612 3516 644 3570 et
674 3506 778 3571 mellis
808 3506 1041 3572 abundantiam
1071 3509 1135 3573 illis

164 3589 326 3673 pollieitns
356 3591 479 3670 fuerat,
515 3591 577 3654 nisi
605 3591 680 3673 quia
709 3592 773 3655 Dei
802 3591 983 3659 benedictio
1022 3615 1135 3658 eorum

164 3675 261 3758 culpa
283 3675 435 3741 exaruit?
470 3677 607 3757 Adipem
626 3676 778 3758 frumniti
800 3680 1019 3761 metaphorice
1042 3690 1137 3744 vocat

165 3762 401 3845 similaginem,
437 3761 498 3826 nisi
531 3763 603 3844 quis
625 3781 684 3844 pro
707 3764 830 3845 optimo
854 3764 961 3830 tritico
990 3766 1136 3849 accipere

165 3846 267 3912 malit
312 3847 382 3912 Mel
403 3867 442 3911 en
459 3851 551 3929 para
573 3847 704 3929 quidam
727 3849 936 3932 hyperbolice
954 3851 1135 3935 accipiunt:

165 3953 203 3996 ao
225 3933 254 3997 si
277 3932 400 3998 dictum
423 3934 520 4007 foret,
544 3934 651 4014 potius
673 3933 737 3997 mel
759 3936 894 4001 fluxisse
917 3958 957 4000 ex
980 3938 1060 4019 ipsis
1083 3959 1136 4001 ru-

166 4016 278 4100 pibus,
306 4039 404 4101 quam
434 4038 500 4083 non
530 4030 708 4084 saturasset
729 4019 820 4085 Deus
851 4022 939 4088 hune
969 4023 1134 4107 populum.

166 4100 233 4168 Sed
256 4125 356 4185 quum
378 4114 533 4187 appareat
555 4126 596 4169 cx
618 4126 710 4170 sacra
732 4104 878 4185 historia,
903 4108 966 4172 mel
989 4109 1024 4174 in
1046 4111 1136 4175 cavis

164 4187 302 4271 rupibus
332 4192 453 4270 passim
481 4191 580 4256 fuisse
609 4203 776 4271 repertum
808 4194 964 4275 quamdiu
1000 4194 1137 4259 florebat

166 4274 228 4340 Dei
253 4271 450 4350 benedictio,
473 4276 613 4358 simplex
635 4299 751 4343 sensus
773 4288 822 4343 est
845 4292 989 4344 tenorem
1012 4281 1136 4363 gratiae

165 4360 228 4425 Dei
252 4363 442 4424 continuum
464 4374 497 4424 et
521 4362 721 4444 aequabilem
752 4364 899 4428 futurum
927 4365 1042 4442 fuisse,
1073 4366 1136 4430 nisi

165 4445 291 4510 malitia
312 4456 345 4511 et
366 4444 542 4512 sceleribus
566 4448 676 4531 populi
697 4449 858 4532 abruptus
879 4463 974 4516 esset.

443 4836 650 4908 usmarus
672 4838 860 4908 LXXXII.

168 5024 252 5078 ABG.
272 5026 340 5090 Quia
358 5042 435 5095 reges
456 5032 485 5079 et
509 5027 663 5096 quicunqne
687 5033 823 5096 potestate
847 5031 964 5096 praediti
988 5040 1065 5100 sunt,
1090 5035 1138 5088 im·

271 5112 390 5147 mensam
413 5095 465 5148 sibi
489 5096 641 5164 licentiam,
667 5097 738 5148 fastu
764 5100 912 5162 excaecati,
940 5108 970 5152 nt
993 5103 1138 5169 plurimum

270 5164 425 5244 indulgent:
450 5165 592 5218 denuntiat
615 5166 780 5219 reddendam
804 5169 1014 5222 execrationem
1036 5189 1140 5226 summe

270 5232 354 5286 ludier
383 5234 430 5302 qni
459 5250 566 5287 omnem
599 5235 692 5288 mundi
721 5234 911 5290 celsitudinem
946 5243 1137 5308 supereminet.

948 316 1165 385 PSALMUS
1188 314 1372 383 LXXXII.

2097 316 2157 381 ‘168

1289 508 1438 577 Postquam
1457 512 1546 560 antem
1563 505 1644 560 oflicii
1657 512 1685 559 et
1697 506 1861 561 conditionis
1875 523 1939 559 suae
1952 522 1999 559 eoa
2011 505 2158 570 &monuit

1288 576 1378 631 aurdis
1396 591 1425 630 se
1444 575 1539 628 videns
1557 592 1662 640 canere,
1681 576 1768 629 Deum
1786 575 1921 629 vindicem
1938 576 2076 644 implorat.

1273 730 1422 796 Psalmue
1452 729 1573 812 Acapb.
1620 730 1648 793 1.
1680 729 1770 796 Deus
1797 730 1879 794 sedet
1906 730 1942 795 in
1972 733 2058 793 coetu
2087 727 2159 809 Dei,

1184 817 1218 880 in
1240 816 1341 880 medio
1359 817 1487 882 deorum
1507 815 1701 902 iudicabit.*)
1734 816 1764 881 2.
1792 814 1954 898 quuequc
1976 814 2162 880 iudicabitis

1185 903 1397 984 iniquitaten,
1437 907 1466 968 et
1501 903 1601 984 facies
1639 903 1809 983 impiemm
1849 901 2004 966 suman?
2057 898 2160 965 Sena.

1185 988 1215 1053 3.
1240 988 1383 1054 Iudicate
1390 988 1442 1074 “)
1460 1008 1632 1070 pauperem
1654 987 1874 1072 etpupitlum,
1903 988 2024 1069 inopem
2047 990 2075 1049 et
2095 1004 2161 1068 eye·

1183 1095 1259 1138 num
1280 1074 1454 1155 iustificate.
1498 1074 1529 1137 4.
1552 1069 1679 1155 Eripite
1696 1093 1870 1156 pauperem
1891 1077 1919 1137 ct
1947 1071 2119 1154 afflictum,
2145 1092 2162 1136 e

1183 1180 1282 1224 mann
1303 1159 1473 1241 impiorum
1495 1159 1631 1225 libnale.

1272 1331 1301 1396 1.
1324 1329 1427 1417 (Deus
1448 1332 1531 1397 sedet
1553 1333 1588 1395 in
1616 1328 1699 1396 coetu
1720 1330 1808 1416 Dei.)
1853 1328 1920 1394 Hoc
1950 1328 2049 1393 valde
2079 1328 2163 1392 indi·

1184 1439 1286 1501 gnum
1309 1428 1366 1497 est,
1391 1438 1489 1500 quum
1510 1429 1615 1481 certos
1639 1416 1787 1481 homines
1811 1416 1888 1479 velit
1908 1415 1999 1481 Dens
2015 1416 2161 1480 humano

1185 1523 1304 1586 genere
1326 1523 1479 1586 praeesse
1501 1504 1726 1568 incommune
1750 1503 1882 1580 bonum,
1901 1522 1955 1566 ecs
1974 1524 2040 1566 non
2061 1521 2161 1585 agno-

1185 1609 1274 1654 scere
1296 1588 1331 1651 in
1353 1610 1449 1671 quem
1473 1589 1572 1653 finem
1595 1588 1773 1664 excellant,
1808 1609 1911 1670 neque
1939 1588 2039 1652 etiem
2069 1588 2161 1652 cuius

1185 1675 1340 1739 beneficio
1363 1675 1459 1739 locati
1481 1676 1548 1738 sint
1571 1676 1604 1738 in
1629 1684 1696 1738 tam
1720 1673 1846 1738 excelso
1869 1674 1983 1758 gradu,
2006 1673 2065 1738 sed
2087 1694 2162 1738 con-

1185 1769 1310 1842 tempta
1342 1761 1432 1823 omni
1470 1761 1633 1843 aequitate
1669 1758 1839 1824 libidinose
1870 1760 2041 1825 dominari.
2091 1758 2160 1823 Suo

1186 1846 1272 1910 enim
1307 1845 1480 1930 splendore
1506 1846 1711 1911 ‚hebetantur
1743 1857 1779 1908 ut
1811 1857 1916 1909 totum
1949 1845 2064 1910 orbem
2101 1845 2161 1908 sibi

1187 1942 1300 1996 natum
1323 1953 1393 1996 esse
1415 1940 1541 2014 putent.
1586 1930 1682 1996 Adde
1704 1930 1790 2014 quod
1813 1951 1891 1996 suae
1914 1930 2083 1995 altitudini
2102 1931 2160 1994 mi-

1186 2019 1274 2081 nime
1307 2025 1561 2082 consentaneum
1595 2039 1666 2082 esse
1699 2015 1840 2094 ducunt,
1881 2017 1951 2100 regi
1986 2015 2160 2081 moderatis

1185 2103 1344 2169 consiliis:
1382 2113 1416 2167 et
1445 2124 1543 2186 quum
1575 2104 1640 2167 iam
1672 2122 1732 2167 sua
1759 2103 1924 2167 dementia
1951 2101 2029 2186 plus
2059 2122 2160 2184 aequo

1185 2188 1362 2270 insaniant,
1385 2201 1547 2271 quaerant
1568 2198 1678 2253 temen
1702 2188 1888 2254 adulatores
1910 2189 1967 2271 qni
1991 2187 2160 2253 blandian-

1185 2285 1241 2339 tur
1270 2285 1303 2339 et
1331 2273 1533 2358 applaudant
1561 2295 1672 2339 eorum
1705 2275 1799 2338 vitiis.
1849 2275 1946 2340 Hanc
1975 2276 2159 2357 superbiam

1186 2370 1223 2425 ut
1244 2361 1387 2445 corrigat
1409 2360 1593 2443 Propheta,
1627 2360 1731 2444 princi
1756 2361 1787 2424 ic
1810 2370 1909 2444 negat
1928 2360 1984 2440 ,sic
2007 2359 2157 2444 occupari

1185 2446 1267 2511 solia
1289 2458 1322 2511 ct
1345 2445 1521 2511 tribunalia
1543 2445 1583 2510 ab
1607 2382 1793 2511 hominibus
1815 2449 1893 2528 quin
1911 2446 2004 2511 Deus
2021 2448 2158 2510 retineat

1185 2552 1348 2596 summum
1371 2531 1524 2616 gradum:
1562 2532 1646 2597 sicut
1668 2532 1766 2596 etiam
1790 2532 1895 2596 voluit
1916 2530 2009 2596 Deus
2031 2532 2157 2615 profani

1183 2626 1216 2681 et
1238 2618 1359 2700 impuri
1381 2631 1494 2700 poetae
1516 2638 1572 2681 ore
1595 2619 1657 2684 hoc
1678 2639 1750 2682 esse
1772 2628 1937 2697 testatum,

1371 2745 1475 2814 Regum
1494 2744 1676 2798 timendorum
1694 2746 1723 2797 in
1740 2746 1867 2815 proprios
1883 2762 1988 2826 greges,

1371 2813 1460 2881 Reges
1479 2813 1506 2865 in
1524 2813 1598 2881 ipsos
1616 2814 1760 2893 imperium
1779 2815 1920 2878 eatlcv1e‚

1372 2881 1445 2935 Olari
1462 2882 1590 2951 giganteo
1608 2882 1755 2952 triumpho,

1373 2950 1477 3006 Onncta
1494 2950 1639 3019 supercilio
1656 2950 1872 3032 moventium)

1186 3061 1275 3146 Ergo
1297 3083 1338 3127 ne
1360 3062 1433 3145 plus
1457 3083 1560 3146 aequo
1582 3063 1643 3128 sibi
1671 3075 1826 3147 arrogent
1853 3064 1968 3130 mundi
1997 3084 2156 3147 proceres,

1185 3147 1345 3231 propheta
1367 3147 1420 3213 hic
1440 3148 1513 3213 Deo
1535 3148 1652 3213 solium
1677 3149 1772 3234 erigit
1796 3149 1882 3216 unde
1897 3171 2010 3215 omnes
2028 3150 2156 3228 iudicet,

1185 3254 1222 3299 aa
1245 3244 1340 3318 cogat
1363 3235 1396 3298 in
1419 3233 1584 3312 ordinem,
1615 3235 1701 3317 quod
1725 3236 1819 3302 valde
1849 3237 2071 3302 necessarium
2100 3248 2156 3302 est.

1186 3319 1260 3384 Etsi
1283 3319 1369 3384 onim
1393 3339 1532 3395 regnare
1555 3341 1589 3385 se
1612 3320 1758 3385 fatentur
1781 3344 1837 3405 per
1860 3321 1923 3386 Dei
1944 3323 2105 3405 gratiam,
2127 3332 2157 3387 et

1185 3406 1398 3470 caeremoniis
1420 3406 1528 3471 Deum
1558 3406 1688 3471 colunt:
1719 3408 1860 3472 infatuat
1889 3417 1998 3472 tamen
2021 3428 2078 3473 eos
2100 3428 2157 3474 sua

1187 3490 1395 3576 magnitudo,
1430 3502 1466 3556 ut
1495 3490 1578 3556 falsa
1606 3491 1840 3578 imaginatione
1869 3492 1978 3557 Deum
2016 3515 2035 3557 a
2065 3504 2157 3560 coetu

1186 3596 1245 3641 suo
1270 3576 1381 3659 procul
1404 3577 1579 3660 expellant,
1603 3579 1817 3660 nequeenim
1840 3579 1958 3643 rationi
1981 3589 2016 3643 et
2033 3577 2159 3664 legibus

1186 3660 1318 3727 subesse
1347 3663 1520 3729 sustinent.
1573 3663 1669 3729 Hane
1698 3666 1881 3743 vesaniam,
1916 3686 1980 3746 qua
2009 3664 2159 3730 fascinati

1187 3760 1264 3812 sunt
1286 3747 1402 3812 mundi
1425 3748 1604 3833 principes,
1635 3749 1755 3825 ridere,
1787 3750 1956 3815 consilium
1980 3751 2160 3833 prophetae

1187 3833 1263 3898 fuit:
1287 3833 1372 3917 quod
1395 3834 1466 3900 Deo
1489 3837 1595 3901 locum
1618 3834 1651 3898 in
1674 3848 1768 3900 coetu
1791 3857 1849 3901 sno
1871 3858 1936 3901 non
1960 3835 2161 3919 relinquunt.

1188 3920 1232 3984 lft
1264 3940 1327 4002 quo
1359 3920 1476 3986 melius
1509 3920 1635 3985 refellat
1668 3922 1791 3985 ebriam
1829 3921 2063 3986 confidentiam
2100 3943 2163 4006 qua

1188 4005 1338 4070 inebriati
1361 4018 1439 4071 sunt
1460 4006 1574 4070 mundi
1605 4007 1783 4089 principos,
1814 4008 1961 4071 ordinem
1990 4006 2162 4092 politicum

1187 4090 1331 4240 appellat
1351 4097 1466 4156 οοοιιιοι
1487 4091 1568 4157 Dei:
1602 4094 1677 4174 quia
1706 4103 1872 4174 utcunque
1902 4092 2065 4176 refulgeat
2094 4094 2164 4160 eins

1223 4178 1291 4240 oria
1307 4176 1339 4240 in
1359 4177 1497 4260 singulis
1518 4176 1630 4241 mnndi
1649 4177 1805 4260 partibus,
1824 4179 2036 4260 praecipuum
2052 4190 2166 4246 tamen

1186 4198 1297 4327 iumen
1331 4262 1389 4328 hac
1414 4264 1449 4325 in
1479 4273 1571 4344 parto
1600 4263 1734 4340 emittit,
1764 4261 1840 4327 dum
1869 4263 2017 4347 legitima
2043 4267 2166 4349 guber·

1275 4466 1289 4495 ‘
1321 4467 1343 4521 ll
1361 4469 1455 4536 iugera
1472 4484 1506 4519 an
1519 4467 1612 4520 milies
1631 4467 1679 4520 des
1691 4468 1782 4535 dicax,
1799 4482 1836 4521 cn
1846 4482 1955 4535 morpa:
1974 4485 2010 4522 on
2021 4469 2062 4523 lea
2075 4471 2170 4529 dicax.

1259 4534 1291 4564 ‘⁸
1322 4536 1413 4589 faites
1432 4535 1528 4599 droiet,
1547 4551 1582 4590 en
1598 4551 1706 4605 marpe:
1725 4553 1760 4589 ou
1777 4537 1856 4590 faites
1874 4538 1979 4591 iustice.

1242 4604 1306 4672 aas)
1325 4604 1423 4657 Horat.
1451 4603 1501 4657 Od.
1521 4602 1543 4658 1
1565 4605 1626 4659 Lib.
1645 4605 1708 4658 ΙΙΙ.
1745 4605 1782 4659 In
1804 4607 1904 4675 palliae
1926 4606 2079 4675 manua·
2101 4609 2170 4665 baec

1190 4676 1226 4728 ait
1244 4673 1380 4728 translata
1399 4674 1525 4740 lepumur

1292 4759 1344 4812 Les
1362 4757 1538 4811 redcntables
1557 4759 1622 4812 Rois
1641 4765 1690 4813 ont
1707 4759 1810 4830 empire
1828 4767 1857 4812 οι
1875 4761 2018 4828 pniasance

1292 4828 1345 4880 Sur
1362 4827 1401 4878 les
1420 4828 1532 4895 psuples
1550 4828 1656 4880 reduits
1674 4845 1736 4882 sous
1755 4831 1813 4881 leur
1830 4829 2002 4882 cbeiesance:

1292 4897 1362 4947 Mais
1381 4896 1406 4949 le
1423 4896 1510 4962 grand
1528 4897 1660 4964 luppiter,
1678 4898 1869 4951 tresexccllent
1886 4916 1921 4951 en
1938 4900 2034 4968 gleire,

1294 4963 1369 5016 Ροιιι·
1387 4964 1463 5016 avoir
1481 4965 1582 5018 obtenu
1600 4983 1647 5018 sur
1666 4967 1705 5019 los
1724 4967 1813 5020 Geans
1831 4968 1952 5031 victoira,

1294 5031 1331 5083 Et
1349 5031 1395 5099 qni
1414 5040 1481 5101 peut
1499 5034 1639 5087 esbranlcr
1656 5034 1717 5087 d’nn
1737 5035 1788 5088 elin
1806 5034 1884 5089 d’oeil
1902 5036 2055 5090 seulement

1295 5099 1366 5152 Tant
1383 5116 1413 5152 cc
1433 5101 1478 5169 qui
1498 5109 1540 5153 est
1556 5102 1651 5154 dessus
1670 5119 1722 5170 que
1740 5120 1802 5155 sons
1820 5104 1846 5157 le
1864 5104 2029 5165 firmament,

1295 5168 1386 5238 loelny
1405 5186 1421 5221 a
1439 5171 1555 5238 pouvoir
1573 5179 1602 5223 et
1619 5171 1787 5224 domination

1295 5236 1349 5289 Sur
1366 5239 1405 5290 les
1424 5239 1489 5292 Boia
1507 5246 1536 5292 et
1553 5239 1692 5308 seigneurs
1709 5240 1743 5292 de
1762 5246 1837 5294 tonte
1855 5242 1956 5296 nation.
