4672 5864
453 1672 660 1742 asianos
679 1676 711 1742 I.
1127 1678 1312 1745 felicitatem
1347 1698 1460 1745 omnes
1482 1685 1646 1761 appetant,
1682 1676 1832 1746 videmus
1855 1689 1966 1745 tamen
1996 1701 2096 1764 quam

1127 1784 1240 1829 secure
1269 1763 1332 1829 sibi
1354 1762 1545 1848 indulgeant
1565 1764 1601 1828 in
1623 1765 1781 1845 peccatis:
1811 1766 1877 1830 imo
1899 1773 1938 1830 ut
1960 1769 2097 1850 quisque

93 1844 367 1901 ARGUMENTUM·
403 1844 564 1911 siveEara,
587 1847 731 1900 rivoaltus
750 1849 885 1919 quispiam
904 1850 1073 1905 Psalmosin
1126 1869 1185 1931 pro
1208 1870 1268 1915 sua
1289 1849 1425 1915 libidine
1447 1871 1467 1914 a
1486 1849 1610 1914 institia
1633 1849 1826 1933 longissime
1847 1852 1990 1929 reoessit,
2018 1853 2096 1936 quia

200 1915 588 2052 ffiblffiegmffigffps
597 1915 706 2052 'ms
720 1919 1074 2054 ἕξὲᾞοέᾞῃξᾞξ
1126 1945 1278 2000 votorum
1290 1956 1423 2001 suorum
1436 1955 1567 2017 compos
1578 1943 1637 2014 est,
1656 1936 1770 2002 beatus
1787 1943 1949 2003 censetur.
1972 1937 2096 2005 Contra

202 2059 279 2105 retur
303 2052 338 2105 ad
361 2051 430 2121 legis
445 2053 503 2132 'Dei
525 2052 738 2106 meditationem.
775 2052 884 2109 Summa
906 2061 999 2110 antem
1023 2061 1073 2124 est,
1127 2041 1205 2085 vem
1226 2021 1281 2084 hic
1304 2021 1464 2121 pmphqta
1486 2020 1587 2100 doeet’
1610 2021 1774 2121 hminefn
1797 2022 1838 2087 ad
1857 2021 1921 2087 Dei
1945 2024 2095 2125 ᾗῃῖωθφ

202 2121 297 2175 felices
321 2137 381 2173 esse
405 2137 452 2189 qm
470 2121 588 2175 studium
604 2138 683 2174 suum
701 2122 813 2176 coelesti
831 2125 981 2192 sapientiae
1000 2125 1074 2178 eddi·
1127 2114 1161 2169 Ot
1195 2105 1331 2185 (mltum,
1364 2106 1512 2191 legisque
1544 2106 1690 2172 studium
1722 2115 1783 2175 me
1817 2128 1910 2190 P⁰⁵⁸⁰
1946 2129 2094 2189 ammam,

203 2195 283 2244 sunt:
307 2189 428 2258 proauis
451 2196 542 2244 auam
560 2190 611 2242 Dei
628 2192 870 2270 mntsnptoribua
898 2195 1022 2274 quamvis
1039 2194 1074 2247 ad
1127 2190 1230 2255 donee
1240 2193 1401 2270 statuerit,
1420 2192 1556 2258 miseros
1573 2211 1644 2257 esse
1660 2213 1773 2259 omnes
1784 2193 1912 2276 impios,
1931 2203 1964 2258 et
1981 2194 2093 2262 eodem

203 2263 311 2328 tempus
343 2274 372 2311 ΒΘ
397 2258 493 2313 b⁰⁸t0⁸
515 2263 627 2329 putent,
656 2274 802 2328 pessimum
825 2261 935 2316 “fldffi
962 2263 1074 2318 wilm
1124 2276 1297 2359 implicitos
1316 2278 1384 2342 iore
1402 2277 1501 2341 exitio
1519 2277 1576 2358 qui
1597 2297 1665 2340 non
1682 2279 1794 2359 procul
1818 2279 1858 2344 ab
1880 2300 1993 2344 eorum
2016 2301 2093 2346 oon·

207 2327 318 2380 instare.
1126 2363 1226 2428 sartio
1239 2361 1455 2428 discesserint.
1480 2360 1546 2427 Sed
1564 2362 1640 2444 quia
1656 2383 1709 2427 res
1731 2374 1781 2428 est
1803 2364 1954 2444 difficilis,
1977 2366 2095 2450 impios

188 2466 215 2529 1¹
246 2463 369 2529 Rem,
398 2464 449 2528 vir
478 2464 535 2545 qm·
562 2483 623 2529 Μ
653 2467 792 2534 ampulat
811 2467 847 2532 a„
868 2467 995 2532 consilio
1017 2468 1074 2533 im.
1127 2448 1244 2529 quibus
1262 2448 1412 2530 permisti
1435 2468 1550 2513 sumus
1568 2445 1616 2512 ita
1634 2448 1761 2531 fugere,
1790 2460 1828 2513 ut
1842 2451 1945 2515 simne
1961 2472 2094 2532 prorsus

98 2554 239 2635 piorum,
264 2551 349 2614 etia
371 2549 661 2616 membraturam
682 2572 745 2618 aaa
765 2554 895 2636 insistit,
918 2558 946 2617 et
965 2554 1001 2617 in
1023 2573 1074 2619 ω,
1126 2533 1166 2598 ab
1184 2532 1264 2615 ipsis
1275 2533 1383 2632 alieni,
1407 2533 1567 2617 propheta
1584 2532 1625 2599 ad
1648 2533 1831 2633 aagendam
1855 2535 2094 2636 exhortationis

100 2637 211 2703 Mra
242 2637 418 2701 acrama
446 2655 509 2700 ,um
535 2635 632 2700 sedet,
660 2637 691 2702 2,
716 2637 780 2704 Sed
803 2641 838 2704 i„
860 2639 924 2722 139,
940 2637 1074 2713 Domini
1127 2619 1376 2695 vehementiam,
1399 2618 1574 2684 verborum
1597 2638 1749 2703 congerie
1771 2629 1886 2685 ntrtur.
1915 2620 1965 2686 Ac
1987 2643 2093 2705 primo

100 2724 293 2789 meam
311 2721 388 2800 gius,
410 2722 489 2785 etp,
508 2721 570 2805 239,
587 2721 655 2787 eius
675 2724 844 2790 medam,
864 2724 915 2789 (ἦε
936 2730 1072 2790 mm,
1126 2704 1256 2804 quidem
1287 2704 1455 2805 ambulare
1484 2712 1582 2804 vetat·
1604 2705 1638 2769 in
1661 2725 1775 2769 eorum
1798 2705 1950 2772 consilio:
1976 2705 2094 2774 deinde

460 2818 463 2824 ·
1126 2801 1270 2854 starem
1293 2811 1363 2855 vra:
1387 2798 1551 2874 postremo
1573 2812 1608 2854 in
1630 2790 1787 2856 cathedra
1809 2790 1930 2857 sedere.
1955 2791 2094 2860 Summa

188 2878 218 2942 1.
242 2874 377 2961 (Beatus
398 2874 475 3025 cing
504 2874 596 2942 Haeo
619 2875 670 2962 (ut
690 2899 796 2962 nuper
817 2878 927 2963 attigi)
949 2880 1073 2962 praeci·
1126 2873 1256 2958 quidem
1285 2889 1343 2951 est,
1367 2875 1509 2941 dandam
1530 2897 1601 2942 esse
1624 2895 1755 2959 operam
1779 2878 1884 2943 servis
1906 2879 1972 2943 Dei
1993 2891 2031 2944 nt
2053 2880 2094 2945 ab

102 2983 165 3044 pua
185 2978 238 3028 est
259 2962 431 3040 sententia,
477 2981 537 3024 ene
559 2982 690 3044 semper
711 2965 780 3028 fore
801 2965 865 3047 piis
883 2963 947 3028 Dei
971 2964 1073 3029 culto·
1124 2961 1255 3026 illorum
1289 2960 1435 3027 moribus
1462 2962 1498 3025 in
1528 2969 1633 3026 totum
1663 2960 1870 3029 abhorreant.
1922 2962 1990 3030 Sed
2017 2965 2095 3049 quia

102 3048 190 3113 ribus
223 3048 281 3129 qui
314 3046 443 3111 assidue
476 3047 511 3109 in
544 3047 612 3112 eius
642 3049 715 3132 lege
745 3051 902 3131 proficere
930 3050 1072 3122 student.
1125 3056 1234 3113 astute
1263 3067 1339 3114 suas
1368 3047 1512 3112 fallacias
1541 3047 1686 3111 insinuat
1715 3046 1837 3128 Satan,
1870 3069 1912 3113 ne
1941 3051 2015 3132 quis
2042 3052 2093 3115 in·

103 3132 188 3213 Quia
223 3135 311 3197 enim
342 3154 362 3197 a
388 3132 503 3197 maiori
533 3144 625 3213 parte
653 3136 771 3199 mundi
799 3136 928 3201 ridetur
957 3156 1072 3201 eornm
1126 3132 1395 3209 cautusfellatnr,
1418 3130 1561 3197 ostendit
1578 3131 1739 3213 propheta
1757 3133 1917 3215 quomodo
1934 3135 2093 3217 paulatim

103 3219 293 3302 simplicitas
306 3238 344 3283 ao
356 3219 384 3281 si
401 3238 534 3301 operam
552 3216 711 3298 luderent,
735 3219 798 3284 hoo
816 3220 929 3368 clppeo
948 3221 1072 3287 muniri
1126 3225 1252 3282 erecta
1275 3218 1327 3282 via
1348 3216 1519 3282 deflectere
1541 3217 1668 3283 soleant
1689 3217 1848 3284 homines.
1871 3219 1921 3284 Ne
1944 3237 1986 3284 ue
2004 3221 2092 3285 anim

103 3305 181 3370 utile
212 3304 287 3386 fuit,
315 3311 448 3368 cunctos
477 3302 631 3368 mortales
659 3305 729 3370 eine
751 3305 816 3371 Dei
867 3306 1071 3373 enedietione
1125 3303 1231 3387 primo
1259 3303 1369 3368 statim
1400 3303 1505 3387 gradu
1532 3301 1573 3368 ad
1603 3302 1779 3386 superbum
1807 3324 1911 3388 nsque
1966 3309 1995 3371 ei
2018 3326 2093 3372 oon·

102 3392 238 3457 miseros
256 3409 344 3455 esse:
369 3387 477 3453 Deum
495 3410 573 3453 vero
591 3389 690 3456 nullis
712 3392 778 3457 nisi
800 3391 969 3457 doctrinae
991 3412 1070 3457 suae
1126 3397 1286 3471 temptum
1307 3388 1506 3473 procedunt:
1529 3386 1585 3455 sed
1607 3400 1781 3472 postquam
1803 3400 1981 3473 coeperunt
1997 3391 2092 3456 malis

103 3477 255 3542 studiosis
284 3475 460 3558 propitium
491 3494 571 3539 esse.
608 3475 806 3556 Caeterum,
837 3478 914 3560 quia
943 3497 1071 3560 semper
1126 3475 1269 3541 consiliis
1288 3495 1399 3539 aurem
1417 3476 1583 3558 praebere,
1606 3475 1737 3558 longius
1759 3475 1900 3541 subinde
1921 3497 1977 3542 eos
1989 3475 2093 3543 Satan

104 3571 196 3628 tanta
229 3561 395 3642 corruptio
427 3562 462 3625 in
495 3559 620 3625 mundo
653 3573 800 3645 grassata
834 3573 899 3643 est,
934 3572 969 3627 ut
1002 3563 1071 3628 fore
1127 3558 1274 3640 abducit,
1311 3560 1413 3626 donee
1442 3561 1477 3624 in
1507 3559 1713 3625 manifestam
1740 3561 1956 3628 deiectionem
1984 3572 2094 3628 ruant.

104 3649 288 3714 eommunis
307 3647 441 3711 vivendi
462 3647 545 3710 ratio
568 3646 653 3711 nihil
674 3648 762 3713 aliud
784 3660 871 3715 esset
893 3668 992 3732 quam
1015 3648 1069 3713 de·
1127 3647 1206 3712 Ideo
1228 3667 1247 3712 a
1268 3647 1399 3712 coasilio
1422 3646 1537 3728 incipit
1558 3645 1734 3729 propheta:
1763 3668 1826 3729 quo
1850 3650 1979 3712 nomine
2001 3649 2095 3714 intel·

103 3735 198 3798 feotio
226 3756 247 3798 a
273 3733 346 3816 loge
369 3732 442 3808 Dei,
472 3741 647 3814 antequam
677 3734 836 3816 propheta
857 3736 967 3802 felices
988 3736 1071 3819 legis
1123 3732 1189 3817 ligo
1231 3732 1423 3814 pravitatem
1463 3751 1545 3812 quae
1579 3731 1723 3796 nondum
1756 3733 1865 3816 palam
1894 3754 1929 3799 se
1961 3734 2093 3800 exserit.

103 3818 281 3903 discipulos
299 3838 370 3883 esee
388 3818 592 3899 pronunciet,
616 3819 798 3884 cavendum
821 3841 892 3886 esse
914 3822 1071 3902 praecipit
1124 3817 1252 3882 Deinde
1281 3817 1430 3881 nominat
1458 3817 1551 3892 amm,
1583 3837 1666 3898 quae
1696 3820 1838 3882 sumitur
1867 3839 1927 3901 pro
1957 3819 2095 3885 vivendi

101 3926 142 3969 ne
173 3926 229 3969 eos
258 3904 397 3986 abripiat
425 3903 518 3986 vulgi
547 3902 707 3985 impietas.
752 3904 838 3969 Nam
868 3906 1070 3970 amalorum
1124 3904 1250 3968 ratione
1273 3902 1326 3966 vel
1350 3902 1508 3965 instituto.
1553 3901 1665 3966 Tertia
1687 3904 1779 3983 ponit
1802 3903 1999 3970 cathedram:
2029 3926 2095 3989 qua

100 3990 318 4056 detestatione
348 3988 507 4070 incipiens
533 3990 603 4052 fieri
634 4009 698 4053 non
723 4011 815 4072 posse
838 3991 1002 4072 admonet,
1033 4003 1071 4055 nt
1124 4009 1203 4055 voce
1232 3985 1452 4070 metaphorice
1483 3985 1634 4071 designat
1655 3996 1847 4070 conceptam
1871 4010 1912 4055 ex
1936 3993 2093 4057 continuo

96 4096 156 4141 cor
179 4096 276 4142 suum
299 4076 468 4156 qnisquam
492 4074 631 4155 applicet
654 4074 695 4139 ad
717 4075 963 4141 meditationem
986 4077 1070 4143 divi·
1124 4075 1256 4139 vivendi
1275 4092 1365 4137 more
1387 4072 1547 4138 duritiem
1570 4072 1695 4138 Eodem
1717 4075 1816 4139 etiam
1835 4074 1951 4141 referri
1974 4077 2095 4143 debent

95 4183 165 4227 nae
182 4162 275 4244 legis,
295 4160 358 4225 nisi
377 4162 416 4225 ab
439 4160 614 4241 impiorum
638 4162 793 4226 socictate
816 4184 850 4226 se
874 4163 1013 4246 colligat,
1032 4183 1070 4227 ao
1125 4161 1188 4224 tria
1217 4158 1317 4223 verba
1339 4157 1511 4237 ambulacra,
1540 4159 1687 4224 insistere
1715 4165 1742 4225 a
1770 4161 1884 4226 redae.
1929 4162 2014 4226 Nam
2038 4164 2096 4229 ubi

93 4255 241 4332 separet.
263 4245 363 4312 Utilis
375 4257 463 4310 certe
482 4245 669 4325 admonitio,
691 4248 840 4312 videmus
862 4249 950 4311 enim
973 4268 1069 4329 quam
1124 4245 1198 4326 quis
1238 4252 1351 4326 sponte
1391 4254 1465 4328 post
1497 4265 1616 4327 pravas
1648 4248 1928 4330 concupiscentias
1961 4250 2093 4329 erravit,

92 4331 342 4399 inconsiderate
353 4333 388 4395 in
402 4330 546 4397 Satanae
557 4330 688 4413 laqueos
705 4353 739 4397 se
757 4353 870 4397 omnes
882 4333 1069 4416 proiioiant:
1124 4351 1198 4395 cum
1211 4329 1350 4394 inebriat
1367 4327 1521 4411 peccandi
1544 4331 1752 4410 consuetudo,
1775 4342 1813 4396 ut
1834 4334 1884 4396 sui
1916 4334 2036 4399 oblitus
2057 4335 2093 4398 in

90 4420 218 4484 saltem
231 4438 327 4502 quam
340 4418 433 4500 pauci
446 4417 506 4482 sibi
526 4425 666 4482 caveant
684 4438 703 4480 a
721 4418 877 4483 vitiorum
899 4418 1071 4484 illecebris.
1123 4414 1250 4480 malitia
1272 4413 1481 4481 obdurescat:
1502 4416 1588 4498 quod
1610 4416 1769 4499 propheta
1793 4428 1888 4484 vocat
1909 4421 1944 4483 ia
1965 4421 2021 4485 aia
2042 4421 2094 4484 ia·

91 4505 215 4586 Quare
235 4525 276 4568 ne
297 4513 363 4566 tam
387 4503 488 4567 simus
509 4502 696 4584 improvidi,
723 4504 784 4569 hoc
806 4513 917 4568 tenere
940 4524 1071 4569 neeesse
1123 4503 1241 4567 sistere.
1264 4500 1410 4566 Tandem
1429 4504 1575 4584 sequitur
1593 4502 1764 4586 desperata
1786 4502 1971 4585 obstinatio,
1993 4524 2091 4587 quam

93 4604 160 4669 est,
192 4587 356 4653 mundum
384 4588 569 4653 exitialibus
591 4589 785 4672 corruptelis
807 4590 962 4654 refertum
983 4609 1070 4654 esse:
1124 4587 1278 4655 sessionis
1288 4587 1480 4669 metaphora
1491 4586 1649 4671 designat.
1673 4590 1729 4654 An
1748 4589 1861 4653 eadem
1879 4591 1922 4655 sit
1944 4590 2091 4670 gradatio

92 4686 138 4743 nt
161 4676 290 4759 primus
313 4673 353 4738 ad
377 4682 465 4740 reate
485 4674 662 4740 vivendum
684 4677 729 4740 sit
751 4676 927 4758 ingressus,
950 4697 1072 4740 renun·
1125 4674 1160 4737 in
1172 4672 1308 4739 vocibus
1326 4685 1445 4752 ortivi,
1464 4685 1570 4742 oraha
1588 4683 1622 4739 et
1644 4660 1728 4754 ΜΒ,
1751 4675 1895 4740 viderint
1917 4677 1987 4739 alii:
2011 4674 2093 4739 mihi

94 4763 185 4826 tiare
214 4760 389 4843 impiorum
419 4759 655 4840 consuetudini,
684 4781 767 4842 quae
790 4782 849 4826 nos
872 4761 992 4844 alioqui
1014 4782 1073 4828 sua
1125 4760 1254 4842 quidem
1274 4778 1340 4822 non
1358 4758 1497 4839 videtur,
1520 4759 1583 4823 nisi
1602 4760 1716 4824 saltem
1738 4763 1773 4825 in
1796 4771 1970 4844 postrema.
1993 4759 2092 4826 Deri-

92 4845 175 4912 labe
206 4846 364 4912 inficeret.
420 4844 508 4926 Quia
536 4852 645 4910 autem
678 4848 785 4928 priore
815 4847 884 4912 loeo
915 4847 1074 4930 propheta
1125 4865 1210 4910 sores
1239 4845 1325 4909 enim
1348 4843 1511 4927 dicuntur,
1542 4846 1597 4927 qui
1621 4845 1744 4911 abieoto
1767 4847 1856 4911 omni
1878 4845 1942 4909 Dei
1964 4846 2091 4924 timore,

93 4953 219 5000 cavere
244 4933 314 5014 pios
343 4932 439 4997 iussit
460 4953 480 4996 a
501 4932 597 4995 malis
615 4930 799 5010 obstaculis,
829 4932 917 4997 hunc
939 4954 1066 5016 qnoque
1127 4928 1280 5013 peccandi
1302 4930 1465 4995 licentiam
1487 4951 1527 4995 ex
1550 4930 1669 4997 fiducia
1692 4932 1897 5015 impunitatis
1919 4931 2093 5016 arripiunt,

96 5018 250 5084 ordinem
274 5037 458 5100 sequamur.
493 5015 591 5099 Quod
613 5015 723 5083 beatos
745 5038 815 5083 esse
836 5020 977 5083 affirmat
995 5020 1066 5102 qui·
1128 5025 1161 5081 et
1187 5016 1281 5099 quasi
1308 5037 1475 5098 nunquam
1506 5016 1550 5080 sit
1578 5017 1744 5082 reddenda
1765 5016 1859 5094 ratio,
1890 5035 2004 5082 secure
2026 5018 2091 5084 Dei

98 5102 163 5171 bns
191 5103 273 5169 nihil
298 5124 469 5168 commune
491 5114 636 5168 osteum
659 5103 775 5188 impiis,
806 5105 863 5168 vix
886 5104 1068 5170 commanis
1127 5102 1245 5167 iudicio
1266 5099 1419 5165 illudunt.
1450 5100 1537 5182 Quia
1554 5112 1664 5167 tamen
1687 5114 1793 5171 otaht'l
1811 5110 1929 5168 vocant
1947 5103 2092 5169 Hebraei

101 5210 218 5256 sensus
230 5189 282 5254 vel
301 5191 410 5273 opinio
433 5187 629 5269 admitteret,
653 5212 728 5255 nam
751 5210 851 5271 quum
875 5190 1069 5256 naturaliter
1128 5188 1237 5271 palam
1258 5185 1442 5268 sceleratos,
1462 5208 1527 5251 non
1546 5188 1630 5251 male
1649 5190 1835 5270 iunguntur
1853 5210 1926 5254 cum
1946 5191 2091 5273 professa

1854 5286 1889 5342 a·
