4658 5856
168 332 233 398 501
1024 338 1237 407 Psanites
1262 341 1300 406 L.
2096 344 2161 411 502

169 541 237 586 uon
260 542 374 603 parum
397 521 479 587 lucis
502 522 592 587 addit
613 524 769 606 superiori
793 523 968 591 doctrinae.
1005 524 1088 591 Nam
1110 527 1138 591 si
1190 551 1318 594 summa
1346 531 1578 614 gratitudinem
1601 554 1619 595 a
1641 531 1718 596 filiis
1741 531 1821 597 Dei:
1856 553 1952 613 quam
1976 533 2052 597 olim
2076 536 2160 599 sole·

169 618 298 672 tautum
320 608 487 674 sacrificiis
510 609 591 674 nihil
615 609 712 693 pretii
734 630 806 676 esse
828 610 972 685 dixisset,
994 610 1138 677 dubitari
1189 615 1269 680 bant
1292 619 1404 682 testari
1434 617 1622 682 solennibus
1647 619 1823 682 sacrificiis.
1869 615 1935 684 Sed
1963 620 2039 701 quia
2070 619 2159 688 locus

169 703 299 776 poterat
320 713 378 757 cur
400 693 461 758 sibi
483 694 575 759 Deus
604 695 714 761 offerri
741 695 905 762 iussisset:
938 717 1023 762 nunc
1050 718 1136 763 com·
1189 702 1337 783 apprime
1367 705 1539 768 observatu
1571 704 1690 787 dignus
1719 716 1783 781 est,
1818 705 1921 767 fusius
1951 706 2159 770 tractandum

169 780 295 863 paratio
318 780 389 843 veri
419 779 526 846 cultus
556 779 646 845 illam
676 781 905 847 obscuritatem
937 781 1032 860 tollit,
1061 784 1137 865 quia
1189 805 1238 850 est
1260 786 1322 852 hoc
1343 786 1509 855 doctrinae
1539 800 1644 871 caput.
1689 788 1739 853 Ac
1763 790 1868 871 primo
1901 789 2078 854 notandum
2109 799 2160 857 est

169 863 245 929 inde
275 864 438 964 subigitur
467 887 532 930 non
563 866 729 932 contemni
756 890 775 931 a
805 868 876 932 Deo
906 868 1079 948 sacrificia,
1109 870 1137 934 si
1189 872 1275 954 quod
1294 873 1347 937 hic
1363 874 1512 949 traditur,
1531 874 1640 938 Deum
1659 874 1872 957 spiritualiter
1889 874 2059 939 colendum
2077 898 2159 956 esse,

168 950 265 1015 modo
284 949 451 1033 legitimus
473 972 551 1017 usus
569 950 709 1017 accedat.
753 953 957 1035 Principium
979 953 1060 1018 illud
1083 975 1137 1018 na·
1188 956 1318 1022 Iudaeis
1341 960 1509 1025 uobiscum
1539 960 1642 1024 fuisse
1671 980 1841 1025 commune
1864 960 1904 1023 ab
1927 962 2027 1025 initio.
2071 962 2156 1027 Nam

169 1036 319 1101 turaliter
341 1035 485 1100 omnium
516 1037 666 1103 cordibus
696 1039 834 1102 infixum
861 1049 918 1117 est,
948 1061 1008 1105 neo
1029 1050 1137 1123 potest
1189 1044 1266 1107 dum
1289 1043 1443 1110 Obristus
1472 1045 1609 1126 probare
1632 1045 1704 1110 vult
1727 1066 1792 1109 non
1816 1045 1915 1109 alium
1940 1045 2063 1110 cultum
2087 1048 2158 1114 Deo

170 1123 288 1197 excuti,
319 1120 426 1186 Deum
456 1143 527 1187 esse
556 1124 735 1190 colendum.
781 1123 868 1205 Quia
890 1147 969 1189 vero
990 1126 1135 1190 omnium
1188 1140 1319 1212 gratum
1342 1151 1423 1209 esse,
1453 1131 1513 1195 hac
1536 1132 1661 1215 ratione
1684 1131 1810 1210 nititur,
1834 1131 1940 1194 Deum
1969 1152 2040 1196 esse
2062 1134 2156 1215 spiri·

170 1209 303 1292 ingenio
331 1206 412 1270 nihil
436 1210 539 1293 magis
562 1220 732 1292 repugnat,
762 1229 860 1292 quam
883 1232 965 1293 pure
987 1224 1019 1276 et
1040 1211 1135 1294 spiri·
1188 1224 1273 1294 tum,
1301 1215 1391 1280 Ioan.
1414 1216 1445 1293 4,
1468 1216 1518 1280 24.
1564 1217 1666 1298 Atqui
1695 1237 1760 1280 non
1791 1216 1896 1297 coepit
1926 1214 2055 1281 demum
2086 1239 2157 1283 esse

169 1294 303 1360 tualiter
331 1292 442 1356 Deum
471 1296 586 1372 colere,
614 1293 772 1378 figmenta
800 1297 973 1380 imaginari
1005 1315 1137 1362 necesse
1187 1301 1324 1382 spiritus
1353 1323 1454 1384 quum
1484 1300 1655 1384 abrogavit
1679 1304 1897 1368 caeremonias
1921 1302 2050 1385 legales.
2096 1302 2157 1369 Sc·

169 1392 219 1446 est
249 1379 366 1462 quibus
397 1381 543 1446 umbram
575 1379 717 1463 aliquam
748 1381 938 1447 obtendant.
982 1380 1078 1462 Quod
1108 1384 1136 1447 si
1188 1386 1300 1467 quitur
1322 1389 1442 1469 itaque,
1471 1385 1583 1451 eodem
1608 1407 1673 1469 quo
1696 1406 1784 1451 nunc
1806 1387 1900 1451 modo
1924 1388 2064 1452 voluisse
2094 1390 2156 1454 coli

168 1465 357 1548 intelligant
379 1485 414 1528 se
436 1466 516 1531 nihil
539 1468 705 1549 proficere,
737 1478 873 1532 manent
894 1476 1004 1531 tamen
1026 1467 1135 1551 impli·
1186 1472 1385 1553 apatribus.
1431 1472 1526 1554 Quod
1557 1484 1664 1537 autem
1687 1494 1743 1537 eos
1765 1472 1977 1537 caeremoniis
1999 1478 2156 1554 oneravit,

169 1552 226 1618 citi
255 1553 325 1615 suis
354 1550 419 1615 illis
448 1550 602 1617 fallaciis:
631 1552 709 1634 quia
732 1561 895 1634 verentur,
925 1554 991 1618 imo
1020 1552 1136 1617 exhor·
1186 1557 1247 1622 hoc
1270 1557 1345 1622 fecit
1362 1578 1422 1640 pro
1441 1560 1595 1640 temperis
1618 1559 1753 1635 ratione,
1777 1558 1870 1622 sicuti
1894 1559 1928 1622 in
1947 1557 2156 1638 abrogatione

169 1650 252 1715 rent,
275 1655 404 1702 omnem
422 1638 484 1703 Dei
503 1637 625 1702 cultum
648 1638 794 1704 abiicere.
828 1638 881 1703 Ita
899 1637 1002 1703 donee
1024 1640 1137 1723 regula
1187 1643 1280 1708 nobis
1297 1644 1473 1709 consuluit.
1518 1644 1690 1709 Caeterum
1714 1645 1800 1708 idem
1822 1642 1931 1708 cultus
1951 1643 2056 1725 quoad
2079 1646 2154 1710 sub·

168 1724 269 1806 probe
290 1735 324 1786 et
347 1723 408 1788 rite
430 1722 557 1789 colendi
579 1724 643 1789 Dei
665 1724 857 1803 innotuerit,
885 1744 1024 1808 reguum
1053 1745 1136 1789 sem·
1187 1729 1355 1802 stantiam,
1378 1743 1514 1794 externa
1536 1741 1664 1794 tantum
1688 1730 1793 1812 specie
1816 1727 1963 1793 diversus
1985 1741 2044 1809 est,
2070 1730 2156 1812 quod

169 1830 228 1892 per
248 1808 397 1874 obtinent
418 1809 652 1875 caeremoniae.
698 1810 800 1874 Porro
822 1811 857 1874 iu
876 1810 1011 1876 vocibus
1030 1809 1137 1878 biudis
1188 1812 1279 1879 Deus
1307 1814 1386 1881 olim
1417 1815 1457 1879 ad
1488 1815 1578 1879 rudis
1608 1826 1640 1880 et
1668 1815 1789 1881 infirmi
1819 1815 1929 1897 populi
1960 1825 2090 1898 captum
2121 1835 2157 1879 se

170 1899 200 1960 et
222 1895 415 1978 uacationis
445 1906 495 1960 est
523 1895 741 1978 synecdoche,
775 1896 851 1978 qnia
879 1904 1006 1978 partem
1035 1917 1136 1960 unam
1187 1909 1416 1982 attemperans,
1436 1922 1493 1983 per
1507 1903 1710 1965 caeremonia
1728 1913 1778 1964 set
1795 1898 1954 1965 eiusmodi
1971 1899 2156 1965 rudimenta

167 1980 331 2046 duntaxat
352 1982 423 2046 veri
443 1983 550 2046 cultus
573 1981 705 2064 attingit
727 1981 894 2064 propheta,
925 2002 1024 2064 quum
1047 1982 1137 2046 iubet
1187 2006 1321 2050 manum
1350 1987 1528 2069 prorrexit:
1562 1985 1730 2051 uobiscum
1756 2007 1834 2051 vero
1857 1987 1912 2067 qui
1934 1997 2009 2067 post
2030 1985 2155 2051 Christi

167 2065 276 2132 Deum
313 2088 489 2150 agnoscere
525 2079 669 2131 autorem
706 2068 864 2133 bonorum
903 2067 1068 2143 omnium,
1104 2079 1137 2134 et
1187 2069 1364 2157 adveutum
1395 2071 1605 2148 adolevimus,
1636 2072 1814 2156 simplicius
1842 2073 1926 2155 agit:
1957 2072 1991 2135 in
2014 2071 2084 2154 ipso
2105 2073 2155 2136 in·

168 2172 266 2233 quam
296 2166 442 2218 meretur
475 2152 603 2217 laudem
637 2155 666 2216 ei
697 2151 858 2230 tribuere,
900 2175 940 2217 ne
977 2154 1047 2216 iure
1077 2174 1136 2217 suo
1188 2158 1281 2221 terim
1313 2157 1403 2222 nulla
1433 2159 1579 2221 mutatio.
1623 2157 1707 2222 Nam
1738 2158 1823 2239 quod
1856 2155 2060 2221 blaterabant
2086 2157 2156 2221 Ma·

167 2238 352 2302 fraudetur:
383 2238 501 2304 deinde
524 2237 564 2303 ad
587 2237 656 2303 eius
678 2237 776 2303 fidem
798 2239 984 2321 confugere,
1008 2239 1041 2301 in
1064 2240 1135 2304 eius
1186 2243 1315 2308 nichaei
1342 2252 1506 2307 mutatum
1529 2245 1629 2307 fuisse
1653 2244 1759 2308 Deum
1790 2252 1923 2325 propter
1945 2242 2073 2305 varium
2103 2261 2153 2306 ec

168 2324 276 2388 sinum
306 2323 468 2408 deponere
496 2345 609 2388 omues
638 2343 748 2389 curas:
780 2344 839 2389 nec
862 2324 959 2389 alium
982 2335 1136 2406 expetere
1187 2327 1305 2394 clasiae
1327 2328 1490 2411 regimen:
1513 2348 1579 2392 nou
1601 2329 1711 2393 minus
1732 2327 1882 2411 putidum
1906 2328 1968 2391 luit
1989 2326 2155 2407 cavillum,

168 2407 375 2474 liberatorem
398 2411 432 2474 in
455 2410 612 2493 precibus,
639 2422 676 2474 ut
697 2408 830 2473 tandem
853 2432 911 2492 pro
930 2423 1062 2492 accepta
1083 2433 1134 2475 sa·
1188 2434 1286 2496 quam
1304 2414 1417 2497 siquis
1435 2413 1623 2477 mutabilem
1641 2415 1832 2479 csseDeum
1848 2413 1979 2495 garriat,
1998 2414 2154 2494 quianon

168 2495 235 2559 late
262 2495 291 2561 ei
314 2497 438 2580 gratiae
461 2508 611 2578 agantur.
665 2494 765 2560 Fides
795 2497 882 2559 enim
906 2508 940 2560 et
960 2495 1135 2581 abnegatio
1188 2497 1367 2581 aequabilis
1389 2507 1440 2564 est
1461 2499 1540 2563 anui
1562 2510 1664 2573 tenor,
1687 2499 1743 2564 sed
1763 2520 1822 2563 ver
1843 2497 1951 2569 hiemi,
1974 2507 2008 2560 et
2025 2517 2155 2563 rursum

167 2583 278 2663 nostri,
310 2592 342 2646 et
366 2583 451 2647 vitae
480 2584 618 2659 novitas,
648 2592 681 2646 et
705 2581 877 2646 tolerantia
905 2581 1026 2657 crucis,
1056 2602 1136 2645 vera
1188 2587 1256 2647 veri
1280 2598 1401 2663 aestas,
1432 2586 1518 2650 sicut
1548 2587 1662 2649 aestati
1686 2596 1863 2649 autumnus
1892 2603 1952 2664 per
1975 2584 2060 2647 vices
2082 2602 2154 2647 suc·

167 2678 245 2733 sunt
275 2668 433 2733 sacrificia
461 2687 543 2751 quae
571 2667 632 2734 sibi
663 2667 791 2749 placere
814 2667 904 2732 Deus
933 2668 1134 2749 pronuntiat.
1187 2672 1280 2735 ccdit.
1334 2671 1403 2735 Iam
1437 2691 1538 2752 quum
1567 2691 1626 2753 per
1655 2692 1690 2736 se
1720 2670 1860 2753 frigeant
1889 2690 1926 2734 ac
1955 2669 2054 2732 ieiuni
2088 2670 2156 2732 sint

167 2752 234 2820 Sed
257 2756 332 2838 quia
353 2775 395 2817 ex
416 2753 480 2818 fide
503 2752 728 2820 nasciturDei
750 2755 911 2819 invocatio
934 2766 1057 2819 etcum
1081 2773 1135 2835 ps·
1159 2822 1162 2839 Ι
1188 2775 1301 2821 omnes
1331 2757 1459 2820 externi
1492 2757 1592 2836 ritus,
1625 2765 1659 2820 et
1689 2767 1816 2821 tantum
1851 2756 1890 2819 ad
1921 2752 2156 2818 aedificandam

166 2841 285 2905 tientia
305 2860 435 2922 semper
456 2841 629 2906 coniuncta
651 2852 711 2922 est,
734 2852 767 2903 ct
788 2838 897 2905 caruis
919 2839 1135 2905 mortificatio·
1187 2840 1284 2906 fidem
1316 2842 1383 2906 sint
1416 2840 1522 2914 utiles,
1555 2853 1594 2905 ut
1622 2862 1703 2922 pure
1736 2842 1908 2906 invocetur
1936 2837 2044 2903 Deus:
2079 2860 2156 2904 vere

166 2948 240 2992 nem
262 2946 374 2992 secum
392 2925 505 3005 trahit,
527 2945 633 3008 neque
650 2925 749 2990 etiam
768 2934 875 3007 potest
892 2936 1040 2991 constare
1058 2945 1135 2990 vera
1187 2928 1361 2992 denuntiat
1381 2926 1541 3009 propheta
1563 2925 1686 2990 frustra
1709 2927 1894 3008 hypocritas
1916 2933 2074 3008 satagere,
2101 2925 2156 3008 qui

166 3013 331 3096 gratitudo
365 3012 438 3076 siue
470 3011 599 3095 integro
632 3021 664 3075 et
698 3011 823 3075 sincero
857 3009 962 3075 cordis
995 3010 1133 3075 affectu:
1186 3012 1302 3077 inanes
1324 3023 1451 3078 tautum
1475 3031 1609 3094 pompas
1637 3021 1814 3077 ostentant.
1859 3010 1897 3075 Si
1920 3011 1992 3092 quis
2014 3010 2155 3088 obiiciat,

166 3121 231 3164 non
255 3099 374 3162 mirum
398 3106 448 3160 est
465 3099 493 3160 si
512 3098 572 3162 sub
591 3097 651 3162 hac
669 3097 777 3179 specie
799 3106 901 3160 tetum
923 3117 1028 3179 genus
1049 3117 1134 3160 com·
1186 3097 1345 3163 sacrificia
1373 3117 1545 3179 perperam
1573 3096 1688 3174 omitti,
1719 3117 1856 3179 quorum
1887 3117 1967 3161 usus
1998 3116 2061 3159 non
2093 3095 2154 3158 luit

165 3186 283 3267 plexus
311 3184 409 3248 merit
437 3183 606 3264 propheta.
651 3183 755 3246 Porro
777 3191 816 3246 ut
838 3181 953 3246 doceat
981 3181 1134 3263 spiritua·
1187 3203 1409 3266 supervacuus
1428 3182 1486 3247 sub
1505 3180 1591 3265 lege:
1615 3180 1733 3246 solutio
1751 3183 1785 3245 in
1804 3191 1955 3264 promptu
1974 3190 2033 3256 est,
2052 3199 2153 3261 quum

166 3271 229 3336 lem
253 3290 323 3336 esse
345 3267 410 3333 Dei
432 3269 567 3342 cultum,
598 3266 729 3333 laudem
748 3266 812 3331 Dei
841 3275 874 3331 et
894 3266 1134 3332 invocationem
1187 3267 1348 3352 propbeta
1369 3265 1507 3332 Iudaeos
1529 3266 1707 3331 admotam
1733 3278 1837 3348 vocat,
1859 3265 1913 3332 vel
1936 3285 2068 3349 scopum
2091 3265 2155 3330 illis

166 3356 376 3424 caeremoniis
409 3354 608 3437 quibuslibet
641 3374 678 3419 ac
710 3364 867 3417 externae
898 3353 1031 3435 pietatis
1064 3371 1135 3434 pro·
1186 3353 1348 3438 proponit,
1377 3373 1442 3418 nou
1472 3352 1586 3418 tollere
1615 3352 1813 3429 adiumenta,
1842 3349 1900 3416 sed
1926 3350 2043 3415 vitium
2073 3350 2154 3415 dun·

164 3444 297 3509 sessioni
324 3439 470 3522 opponit.
513 3439 583 3505 Nec
602 3459 681 3504 vcro
702 3437 851 3503 ordinem
872 3438 1008 3503 invertit
1029 3456 1049 3501 a
1070 3437 1135 3501 Dei
1186 3448 1279 3504 taxat
1295 3437 1469 3523 corrigere,
1488 3438 1573 3521 quod
1590 3437 1655 3503 illis
1666 3437 1778 3503 Iudaei
1798 3449 1951 3520 tanquam
1970 3434 2154 3514 obstaculis,

164 3528 262 3595 laude
289 3526 458 3609 incipiens.
506 3524 618 3590 Videri
648 3523 778 3606 quidem
807 3534 916 3606 poscat
945 3522 1027 3588 haec
1050 3523 1134 3588 ratio
1186 3534 1316 3590 crecta
1337 3523 1392 3589 via
1417 3523 1664 3590 abducerentur.
1709 3522 1898 3588 Notandum
1928 3531 2037 3586 autem
2066 3521 2154 3604 quod

165 3636 236 3681 esse
257 3620 477 3697 praepostera,
505 3631 605 3694 quum
635 3610 798 3676 invocatio
826 3610 1006 3692 gratiarum
1034 3608 1134 3674 actio·
1187 3631 1283 3676 versu
1307 3609 1348 3675 15
1370 3611 1511 3693 primum
1534 3610 1697 3675 invocatio
1719 3609 1935 3693 praecipitur:
1964 3606 2082 3671 deinde
2104 3608 2154 3670 iu·

164 3722 239 3766 uem
271 3698 459 3783 praecedat:
491 3695 549 3762 sed
571 3697 647 3779 quia
677 3695 755 3761 hinc
787 3693 903 3760 orandi
935 3694 1133 3777 principium
1184 3695 1305 3761 seritur
1326 3695 1508 3779 promissio,
1530 3716 1594 3760 non
1613 3696 1680 3760 fore
1699 3696 1809 3760 irritas
1831 3713 1945 3759 eorum
1963 3712 2075 3776 preces
2098 3691 2154 3776 qui

165 3786 312 3863 ducitur,
343 3803 445 3866 quum
474 3781 671 3847 adscribitur
699 3782 770 3847 Deo
803 3781 908 3846 iustus
937 3801 975 3846 ac
1004 3779 1133 3845 debitus
1185 3781 1226 3846 ad
1259 3780 1370 3846 Deum
1401 3781 1624 3864 confugerint:
1665 3781 1800 3845 tertium
1832 3781 1937 3844 locum
1972 3777 2153 3861 gratiarum

163 3870 281 3950 honor,
320 3878 418 3952 atque
451 3868 531 3934 haec
564 3869 663 3932 stiam
695 3865 775 3932 fidei
815 3865 1004 3930 rudimenta
1043 3877 1132 3944 sunt,
1185 3867 1271 3932 actio
1292 3875 1437 3950 occupat.
1482 3865 1592 3947 Quum
1614 3875 1723 3930 sutem
1745 3865 1863 3932 dicitur
1885 3864 1920 3929 ia
1937 3864 1989 3928 dic
2010 3862 2154 3946 afflictio·

162 3957 274 4022 Deum
296 3974 463 4038 quaerere,
484 3963 641 4035 tanquam
659 3954 791 4019 unicum
810 3953 967 4017 bonorum
986 3952 1132 4016 omnium
1183 3954 1245 4029 nis,
1268 3973 1331 4016 non
1354 3952 1399 4017 ita
1416 3951 1627 4037 restringitur
1649 3951 1710 4017 hac
1732 3950 1886 4034 temporis
1908 3949 2154 4015 circumstantia

161 4042 305 4122 fontem,
345 4060 410 4105 non
443 4047 564 4105 tommo
603 4038 763 4121 propbeta
795 4036 925 4102 laudem
960 4038 995 4102 in
1027 4037 1133 4119 primo
1184 4039 1328 4103 officium
1350 4035 1474 4116 orandi,
1496 4040 1577 4120 quin
1599 4035 1744 4119 quotidie
1766 4047 1800 4100 et
1817 4034 1956 4118 singulis
1978 4033 2152 4100 momentis

163 4128 268 4212 gradu
285 4126 415 4193 locavit.
449 4124 552 4204 adde,
570 4145 669 4206 quum
687 4126 755 4190 suis
774 4121 937 4189 boneficiis
956 4142 1015 4188 nos
1032 4125 1131 4187 etiam
1182 4123 1265 4188 illud
1288 4123 1438 4206 persequi
1460 4122 1599 4188 debeant
1619 4120 1741 4188 fideles.
1775 4122 1864 4205 Ergo
1886 4120 2034 4205 quamvis
2053 4119 2153 4203 quieti

162 4213 310 4279 noudum
341 4223 433 4278 natos
463 4211 660 4294 praeveniat,
689 4221 863 4292 antequam
885 4208 926 4272 ad
944 4229 1038 4290 opem
1061 4209 1132 4274 eius
1184 4209 1303 4286 umus,
1336 4219 1369 4273 et
1400 4209 1564 4272 immunes
1597 4209 1637 4273 ab
1671 4209 1759 4272 omni
1774 4274 1775 4277 ,
1792 4206 1959 4285 molestia,
1998 4225 2153 4289 prospere

162 4297 402 4383 implorandam
424 4317 485 4362 nos
502 4309 618 4380 urgeat
638 4294 707 4360 ulla
728 4297 914 4377 necessitas,
936 4295 1001 4359 iam
1024 4294 1054 4358 ei
1077 4292 1133 4359 de·
1183 4296 1291 4359 fluant
1312 4292 1405 4359 nobis
1427 4293 1545 4372 omnia,
1568 4313 1627 4358 nec
1645 4292 1712 4358 ullo
1729 4290 1933 4359 incommodo
1956 4311 2152 4375 premamur,

162 4385 235 4450 heri
264 4383 473 4469 gratitudinis
502 4381 734 4448 testimonium.
783 4381 935 4463 Denique
964 4381 998 4446 si,
1019 4400 1131 4446 secum
1183 4381 1318 4445 minime
1339 4388 1449 4445 tamma
1467 4398 1487 4443 a
1503 4377 1654 4462 precibus
1675 4377 1883 4444 cessandum:
1908 4378 1983 4462 quia
2001 4374 2041 4441 de
2059 4375 2152 4440 nobis

164 4493 207 4536 ex
227 4480 322 4535 utero
344 4470 499 4534 afferrent
518 4467 667 4533 homines
689 4466 848 4531 rationem
870 4478 904 4531 et
923 4465 1089 4546 iudicium,
1111 4487 1132 4532 a
1184 4476 1293 4531 autum
1315 4466 1384 4530 fore
1401 4464 1530 4543 scimus,
1552 4465 1581 4529 si
1598 4465 1651 4529 vel
1669 4475 1834 4529 momento
1856 4462 2049 4528 submoveat
2059 4461 2151 4526 Deus

164 4557 325 4624 sacrificio
357 4555 462 4620 laudis
488 4575 543 4619 eos
572 4553 714 4634 incipere
743 4551 879 4618 deceret.
933 4550 1131 4632 Quanquam
1184 4571 1277 4618 suam
1300 4549 1453 4635 gratiam.
1496 4549 1562 4615 Sed
1585 4551 1664 4633 qnia
1686 4549 1784 4616 rebus
1806 4548 1952 4614 adversis
1974 4547 2078 4631 magis
2101 4568 2150 4612 se·

164 4644 228 4709 bac
255 4643 291 4706 in
313 4663 349 4706 re
379 4661 445 4705 uon
474 4638 554 4705 adeo
582 4637 681 4704 anxie
713 4636 897 4703 sudandum
930 4648 995 4702 est:
1029 4656 1131 4719 quum
1184 4640 1268 4703 rium
1292 4635 1368 4701 fidei
1390 4643 1520 4701 nostrae
1542 4656 1679 4700 examen
1703 4636 1820 4721 agitur,
1842 4655 1908 4700 non
1931 4635 1988 4699 abs
2010 4653 2046 4696 re
2069 4644 2151 4697 tem·

164 4730 246 4795 satis
279 4726 458 4812 prophetae
489 4726 589 4790 fuerit
621 4745 680 4806 pro
702 4723 793 4808 vulgi
821 4736 919 4806 captu
945 4742 1054 4789 orasse
1076 4722 1132 4788 de·
1207 4744 1246 4788 us
1274 4721 1446 4806 angustiae
1473 4721 1681 4804 exprimitur:
1716 4741 1753 4785 ac
1775 4721 1801 4784 si
1830 4719 1952 4785 diceret
1981 4717 2150 4803 propheta,

164 4817 306 4880 scrihere
328 4812 530 4896 spiritualem
541 4810 606 4875 Dei
624 4807 748 4876 cultum
767 4809 828 4875 sub
845 4808 953 4887 laude,
973 4806 1131 4892 precibus,
1218 4829 1292 4873 eum
1321 4807 1466 4872 inomni
1493 4807 1686 4872 necessitate
1715 4804 1937 4888 quaerendum
1965 4823 2046 4884 esse,
2077 4804 2153 4887 quia

164 4911 199 4966 et
221 4901 404 4985 gratiarum
426 4896 562 4964 actione.
607 4893 705 4976 Quod
727 4895 767 4960 de
788 4894 866 4960 cotia
886 4894 1054 4961 reddendis
1074 4894 1132 4959 sd·
1183 4894 1300 4960 unicus
1329 4893 1373 4957 sit
1401 4891 1515 4957 salutis
1544 4901 1667 4975 portus.
1711 4891 1783 4956 Iam
1811 4891 1888 4973 quia
1916 4889 1957 4953 ad
1979 4889 2044 4954 Dei
2072 4907 2150 4956 oon·

165 4987 264 5064 ditur,
294 4985 411 5050 allusio
436 4982 548 5048 estad
571 4990 714 5047 veterem
736 4978 768 5046 le
793 4980 800 4994 ’
840 4980 950 5056 ritum,
979 4979 1077 5046 sicuti
1099 4988 1133 5046 et
1184 4989 1331 5064 spectum
1353 4978 1420 5043 fere
1442 4977 1608 5061 trepidant
1629 4977 1786 5056 homines,
1808 4977 1862 5041 val
1884 4974 1969 5058 quod
1991 4975 2152 5040 immensa

164 5072 300 5139 Psalmo
330 5071 408 5150 116,
439 5069 495 5135 13:
540 5067 629 5149 Quid
658 5088 694 5132 re
717 5087 759 5132 en
782 5086 835 5131 am
864 5063 1007 5132 Domino
1035 5086 1133 5149 super
1184 5067 1256 5131 eius
1275 5063 1380 5149 gloria
1400 5072 1576 5146 terrentur,
1598 5062 1650 5127 vel
1669 5060 1754 5144 quod
1772 5061 1923 5146 propriae
1945 5059 2151 5144 indignitatis

164 5159 316 5223 omuibus
338 5177 421 5241 quae
442 5155 581 5221 contulit
602 5086 716 5218 mihiij
748 5151 891 5219 (lalicem
913 5151 1028 5217 salutis
1050 5152 1133 5218 acci·
1184 5171 1300 5217 sensus
1323 5169 1378 5216 eos
1400 5148 1517 5230 delicit,
1540 5169 1617 5214 mox
1640 5146 1771 5214 additur
1792 5147 1964 5232 promissio
1987 5167 2069 5230 quae
2091 5165 2152 5210 nos

166 5245 269 5327 piam,
303 5256 336 5308 et
368 5263 487 5307 nomen
520 5238 662 5305 Iehovae
693 5235 863 5305 invocabo.
914 5236 1066 5303 Postulat
1097 5239 1133 5303 in
1184 5234 1364 5303 adorandi
1392 5234 1545 5302 fiduciam
1573 5234 1711 5318 animet,
1746 5240 1842 5317 atque
1870 5232 1969 5299 etiam
1994 5230 2151 5298 stimulet.

1895 5334 1947 5388 32*
