4658 5856
198 340 241 405 ‘ib

197 526 270 609 nui)
292 545 357 589 non
381 530 532 587 sevocat
552 523 629 603 quia
650 530 806 605 aegrotet,
836 521 892 587 sed
921 522 998 603 quia
1028 521 1172 588 deiectus

196 634 236 676 ac
265 612 387 674 fractas
416 608 469 671 sit.
513 605 601 687 Quia
630 619 738 672 autem
762 607 849 672 hunc
878 608 979 672 finem
1001 607 1036 672 in
1059 608 1172 688 poenis

197 693 364 763 sumendis
387 692 460 756 Deo
482 692 684 775 propositam
715 714 786 756 esse
807 692 938 767 scimus,
969 702 1004 756 ut
1027 713 1087 757 nos
1109 693 1172 756 hu·

198 780 311 852 miliat,
343 777 441 842 simul
472 796 510 840 ae
532 777 646 841 ferulis
678 778 748 842 eins
775 777 901 841 subacti
938 797 1061 853 sumus,
1101 778 1170 841 eius

198 860 440 930 misericordiae
468 874 581 942 aperta
608 870 657 926 est
684 863 792 926 ianua.
837 861 932 925 Adde
961 862 1171 944 quodquam

197 950 366 1034 proprium
395 948 438 1013 sit
460 948 531 1010 eins
552 968 672 1011 munus
700 948 848 1011 infirmos
870 968 997 1023 sanare,
1028 947 1171 1011 iacentes

196 1037 335 1118 erigere,
378 1032 493 1097 fulcire
532 1030 662 1107 debiles,
709 1033 847 1096 mortuis
886 1031 1026 1113 denique
1068 1032 1169 1095 vitam

198 1120 387 1186 restituere:
411 1115 491 1181 haec
509 1138 575 1180 una
593 1118 675 1180 ratio
693 1116 732 1179 ad
753 1116 925 1199 petendam
941 1117 1011 1181 cius
1029 1119 1168 1199 gratiam

198 1206 292 1270 nobis
309 1203 438 1278 sufficit,
461 1202 489 1266 si
508 1201 601 1266 malis
620 1203 870 1267 succumbimus.
894 1201 959 1267 Ubi
978 1223 1055 1266 vero
1077 1222 1167 1282 spem

197 1291 314 1355 salutis
345 1310 411 1353 non
442 1286 519 1351 alibi
549 1306 647 1367 quam
676 1289 709 1350 in
737 1286 807 1352 sola
826 1287 888 1350 Dei
912 1287 1085 1351 elementia
1106 1285 1167 1349 sibi

198 1375 375 1458 repositam
405 1393 474 1436 esse
503 1382 640 1436 testatus
673 1381 732 1451 est,
765 1393 921 1453 suamquc
955 1370 1166 1436 deiectionem

196 1461 351 1526 flebiliter
381 1459 414 1521 in
437 1457 580 1520 medium
604 1457 757 1537 protulit:
787 1477 902 1522 causae
921 1457 1052 1521 subiicit
1070 1477 1166 1520 suum
1191 1514 1194 1523 .

196 1547 348 1611 effectum
378 1543 553 1606 sanitatem
576 1562 596 1605 a
618 1542 690 1605 Deo
711 1556 836 1624 petens.
881 1543 990 1623 Atque
1013 1542 1067 1608 bie
1089 1538 1167 1604 ordo

1074 335 1291 403 Psanites
1316 335 1371 401 VI.

1195 545 1200 647 Ι

2157 328 2200 394 te

1310 524 1341 587 5.
1374 519 1570 606 (Oorrcertere
1596 520 1756 606 Domine.)
1782 519 1888 587 Sicuti
1921 517 2104 584 absentiam
2134 514 2201 580 Dei

1225 629 1329 690 nupor
1352 606 1493 679 deflevit,
1516 626 1603 670 nune
1626 607 1770 687 postulat
1791 606 1852 670 sibi
1874 604 1948 669 dari
1970 604 2103 685 signam
2126 600 2200 665 eius

1223 693 1438 776 praesentiae.
1481 689 1568 754 Nam
1591 690 1623 754 in
1649 712 1686 755 eo
1708 692 1771 756 sita
1793 699 1843 754 est
1865 698 1978 755 nostra
1999 686 2148 764 felicitas,
2171 686 2200 750 si

1223 798 1244 840 a
1265 779 1337 842 Deo
1359 775 1561 857 respicimur.
1584 776 1745 840 Putamus
1764 784 1874 841 autem
1897 796 1916 840 a
1939 773 2032 839 nobis
2049 771 2199 837 alionum

1223 884 1303 938 esse,
1334 863 1398 927 nisi
1425 859 1538 942 probet
1569 880 1604 924 ee
1634 861 1754 927 babere
1776 880 1890 925 curam
1912 860 2025 925 nostri.
2069 855 2198 922 Ultimo

1222 948 1257 1011 in
1285 947 1471 1013 discrimine
1504 951 1672 1010 versatam
1704 945 1806 1011 fuisse
1835 957 1915 1011 tunc
1945 940 2121 1023 Davidem,
2156 962 2200 1005 ex

1223 1032 1275 1096 his
1305 1031 1413 1097 verbis
1439 1029 1634 1112 colligimus,
1663 1029 1741 1095 dum
1772 1039 1805 1094 et
1826 1031 1972 1095 animam
1995 1047 2089 1093 suam
2113 1025 2198 1108 eripi

1221 1118 1313 1198 quasi
1335 1139 1376 1180 ex
1399 1115 1513 1180 mortis
1536 1116 1692 1193 saucibus,
1721 1125 1754 1180 et
1783 1137 1818 1180 sc
1846 1117 1881 1180 in
1905 1113 2042 1180 salutem
2063 1111 2198 1177 restitui

1220 1212 1384 1282 precatur.
1430 1199 1537 1265 Morbi
1569 1209 1678 1264 tamen
1709 1201 1801 1265 nulla
1829 1202 1867 1265 fit
1889 1199 2026 1265 mentio:
2056 1196 2199 1279 ideoque

1221 1286 1261 1351 de
1283 1307 1403 1368 genere
1426 1286 1610 1350 afflictionis
1632 1285 1789 1350 iudicium
1818 1284 1991 1367 suspendo.
2017 1281 2197 1347 Caeterum

1219 1393 1336 1436 rursus
1365 1372 1537 1437 confirmat
1565 1369 1676 1435 David
1706 1370 1791 1453 quod
1820 1370 1964 1436 seeundo
1996 1388 2094 1434 versu
2119 1366 2196 1431 atti·

1220 1466 1313 1539 gerat
1342 1456 1382 1519 de
1414 1455 1636 1519 misericordia
1659 1455 1741 1519 Dei:
1771 1476 1889 1537 nempe
1910 1453 2136 1519 liberationem
2161 1472 2199 1516 se

1220 1564 1287 1604 non
1305 1541 1438 1606 aliunde
1456 1561 1554 1622 quam
1578 1540 1618 1605 ab
1640 1543 1711 1622 ipsa
1729 1561 1870 1622 sperare.
1893 1540 2007 1620 Quare
2024 1557 2200 1619 nunquam

195 1632 288 1694 nobis
322 1626 484 1692 tenendus
514 1636 572 1706 est,
607 1641 643 1688 ut
676 1627 833 1709 quidquid
867 1629 1008 1710 petimus
1042 1647 1061 1689 a
1094 1625 1167 1689 Deo
1219 1627 1360 1691 miseriis
1388 1628 1456 1690 suis
1484 1625 1666 1690 remedium
1696 1626 1869 1690 invenient
1899 1623 2062 1702 homines,
2092 1622 2199 1687 donoc

195 1715 367 1791 bonorum,
411 1713 554 1776 sciamus
598 1733 640 1773 ox
682 1713 771 1776 fonte
811 1713 972 1795 gratuitae
1013 1711 1167 1775 bonitatis
1218 1713 1351 1794 propria
1372 1712 1497 1787 merita,
1520 1730 1660 1792 quorum
1683 1710 1802 1775 fiducia
1829 1732 1865 1774 se
1888 1708 2067 1792 decipiunt,
2101 1705 2199 1771 obliti

194 1802 311 1865 fluere:
355 1808 389 1861 et
423 1801 535 1879 poenis
567 1810 644 1861 tune
678 1797 809 1861 demum
843 1798 953 1872 eximi,
994 1808 1166 1879 postquam
1190 1820 1194 1907 p
1218 1796 1259 1860 ad

1291 1797 1468 1878 gratuitam
1492 1796 1554 1858 Dei
1588 1796 1765 1859 bonitatem
1797 1794 1974 1878 confugere
2008 1791 2198 1858 didicerint.

194 1885 297 1950 nostri
320 1885 474 1948 misertus
502 1896 561 1946 eet.
605 1881 705 1964 (Quia
724 1884 835 1947 territo
855 1882 952 1965 aurat.)
985 1882 1194 1979 Confirmat3
1304 1882 1334 1945 6.
1358 1880 1458 1965 (Quia
1479 1880 1569 1944 trullo
1590 1882 1624 1944 ia
1647 1879 1772 2029 mortep
1787 1882 1968 1962 Postquam
1988 1879 2098 1942 omnia
2120 1898 2199 1961 gra·

194 1969 279 2052 quod
308 1990 414 2049 nuper
437 1968 540 2049 attigi,
571 1987 605 2030 se
635 1988 677 2031 ex
707 1967 867 2032 malorum
890 1968 1052 2051 gravitate
1075 1987 1166 2048 spem
1190 1990 1194 2019 ι
1219 1967 1262 2030 tis
1283 1966 1318 2029 in
1342 1987 1402 2030 nos
1423 1964 1564 2029 contulit
1584 1966 1684 2041 Deus,
1714 1966 1748 2028 ni
1774 1966 1797 2029 il
1819 1965 1962 2031 vicissim
1986 1964 2101 2047 exigit,
2132 1963 2199 2027 nisi

193 2056 366 2136 concipere
397 2052 583 2117 levationis:
618 2053 694 2133 quia
723 2054 814 2118 Deus
843 2051 885 2116 ad
914 2073 1008 2134 opem
1039 2052 1167 2116 miseris
1189 2024 1194 2173 l
1218 2059 1256 2115 ut
1277 2052 1379 2116 simus
1410 2052 1641 2116 beneficiorum
1674 2072 1809 2115 suorum
1831 2047 2200 2114 memorassem

193 2138 361 2204 ferendam
392 2158 431 2202 oo
459 2138 641 2220 promptior
674 2151 733 2216 est,
770 2159 833 2220 quo
862 2138 967 2219 magis
997 2138 1105 2219 urgeri
1134 2148 1167 2200 et
1218 2136 1450 2219 gratitudinem
1481 2136 1621 2200 refertur
1648 2135 1733 2217 quod
1756 2136 1835 2200 dicit
1856 2134 1977 2211 David,
2008 2132 2138 2197 nullam
2160 2132 2199 2197 in

193 2225 263 2289 iere
291 2224 385 2289 obrui
407 2223 520 2287 cernit.
551 2224 654 2286 Porro
676 2232 835 2287 terrorem
858 2223 1008 2286 attribuit
1029 2222 1166 2294 ossibus,
1190 2248 1193 2317 Ι
1219 2230 1324 2285 morto
1346 2222 1414 2285 lore
1437 2220 1501 2286 Dei
1524 2224 1727 2297 memoriam,
1750 2222 1784 2285 in
1802 2220 1951 2302 sepulcro
1974 2217 2100 2283 nullam
2124 2217 2200 2283 fore

192 2331 261 2374 non
291 2309 379 2391 quod
407 2328 507 2372 sensu
536 2306 684 2390 praedita
711 2309 793 2373 sint:
822 2307 879 2372 scd
902 2309 978 2389 quia
1001 2330 1043 2370 ex
1068 2307 1165 2370 vehc·
1189 2324 1193 2399 ξ
1218 2307 1288 2371 eius
1317 2306 1457 2371 laudem.
1502 2306 1587 2370 Nam
1619 2306 1786 2388 intelligit,
1814 2304 1964 2369 siluerit
1994 2304 2065 2367 eius
2086 2303 2200 2385 gratia

194 2395 318 2459 mentia
346 2393 466 2458 doloris
494 2401 599 2457 totum
626 2414 743 2474 corpus
765 2393 959 2458 concutitur.
1004 2393 1072 2456 Nec
1095 2413 1165 2455 car·
1190 2412 1238 2465 ,a
1271 2406 1375 2455 morte
1405 2402 1563 2469 servatus,
1600 2404 1732 2475 gratum
1762 2414 1797 2455 sc
1833 2410 1871 2455 ae
1900 2410 2081 2453 memorem
2116 2388 2198 2453 foro.

192 2501 270 2544 nem
293 2478 438 2543 nominat
461 2498 542 2560 quae
565 2479 706 2542 tenerior
729 2490 787 2555 est,
809 2477 865 2542 sed
889 2478 1009 2540 ossium
1033 2472 1193 2539 nomine*
1222 2476 1377 2557 Deplorat
1405 2494 1515 2540 autem
1543 2478 1627 2542 hane
1660 2476 1721 2541 sibi
1748 2475 1936 2540 theultatem
1962 2484 2115 2556 ereptum
2144 2474 2200 2551 iri,

192 2565 347 2647 intelligit
366 2563 687 2645 praecipunmrobnr
702 2563 910 2626 suumfuisso
928 2562 1165 2625 tremefactum.
1190 2542 1194 2629 l
1219 2561 1245 2623 si
1276 2562 1374 2623 fucrit
1400 2583 1418 2623 e
1441 2560 1547 2623 medio
1569 2563 1733 2627 sublatas:
1761 2561 1837 2641 quia
1865 2559 2006 2640 amplius
2029 2578 2097 2621 non
2121 2579 2199 2624 ver·

193 2650 337 2716 Causam
361 2648 478 2711 deinde
500 2647 658 2727 assignat,
681 2647 825 2709 animam
848 2665 941 2709 suam
962 2645 1056 2709 valde
1075 2645 1166 2709 terri·
1219 2644 1345 2708 subitur
1378 2648 1465 2708 inter
1505 2647 1663 2721 homines,
1702 2658 1740 2710 ut
1770 2644 1835 2708 Dei
1869 2664 1998 2708 nomem
2040 2643 2226 2708 celebret·

192 2745 260 2798 tom
282 2754 353 2797 csse
376 2733 496 2795 dicens.
541 2729 628 2791 Nam
651 2730 776 2810 copula,
807 2750 879 2793 mco
902 2727 1030 2806 iudicio,
1052 2750 1164 2794 causa·
1219 2730 1324 2793 Porro
1354 2730 1431 2794 binc
1461 2752 1632 2813 perperam
1662 2742 1694 2795 et
1726 2732 1841 2794 inscite
1871 2729 2002 2812 quidam
2033 2727 2200 2811 colligunt

192 2819 259 2883 lem
301 2813 496 2898 particulam
531 2813 628 2887 valet,
661 2835 698 2877 ac
720 2815 748 2876 si
782 2813 906 2877 dictum
939 2823 1038 2878 esset:
1083 2815 1165 2878 'Pam
1191 2864 1194 2899 ,
1220 2830 1366 2878 mortuos
1402 2836 1513 2880 carere
1548 2818 1639 2883 omni
1671 2836 1779 2892 sensu,
1815 2834 1876 2878 nec
1906 2814 2012 2878 ullum
2045 2814 2081 2876 in
2115 2814 2201 2895 ipsis

193 2900 307 2985 gravis
336 2914 386 2963 est
416 2921 453 2962 ac
484 2897 627 2961 violenta
655 2898 790 2961 interior
818 2898 925 2962 cordis
953 2901 1104 2963 anxietas
1131 2909 1167 2962 ut
1190 2904 1195 2981 l
1220 2900 1345 2978 vigere:
1376 2901 1541 2981 quianon
1572 2904 1635 2967 nisi
1659 2901 1698 2965 de
1727 2908 1842 2964 mutua
1863 2899 1990 2981 gratiae
2012 2896 2200 2980 Deiprae·

193 2996 299 3050 totum
343 2984 488 3063 corporis
527 2983 627 3046 robur
667 2983 848 3047 conturbet.
903 2982 989 3046 Nam
1022 2985 1166 3047 animam
1191 3020 1195 3055 ,
1220 2985 1381 3049 dicatione
1409 2986 1517 3066 agitur
1546 2987 1581 3051 in
1612 3008 1675 3069 qua
1703 3007 1737 3049 se
1766 2985 1833 3049 vivi
1857 2985 2006 3048 homines
2029 2993 2199 3047 exercent.

193 3092 254 3153 pro
283 3072 351 3131 vita
381 3067 491 3147 accipi,
526 3066 608 3129 mihi
638 3088 702 3129 non
732 3068 899 3148 probatur,
933 3087 1038 3148 neque
1067 3069 1166 3131 ctiam
1191 3070 1195 3153 Ι
1220 3070 1351 3134 Scimus
1372 3070 1460 3132 enim
1484 3071 1555 3135 ideo
1585 3093 1644 3136 nos
1666 3073 1701 3134 in
1723 3070 1784 3134 hae
1807 3080 1895 3133 terra
1916 3068 2040 3133 locatos
2062 3088 2136 3132 csse
2160 3086 2199 3133 ut

193 3154 354 3220 convenit.
1191 3164 1287 3219 'uno
1323 3175 1482 3218 consensu
1520 3167 1554 3220 et
1584 3179 1639 3221 ore
1670 3156 1779 3218 Deum
1816 3154 1997 3229 laudemus,
2038 3153 2198 3234 huncque

281 3240 311 3302 4.
335 3236 393 3320 (Et
414 3241 447 3298 ta
471 3233 586 3297 Icleoca
604 3238 800 3319 ιιεᾳιιεςιιιοὲ)
819 3236 978 3318 Ecliptica
1000 3238 1103 3301 oratio
1125 3237 1167 3302 ad
1191 3302 1195 3317 ,
1220 3262 1292 3303 esse
1310 3241 1396 3303 vitae
1418 3250 1550 3305 nostrae
1568 3245 1676 3306 finem.
1700 3241 1797 3304 Nunc
1814 3241 1964 3321 quamvis
1983 3258 2072 3302 mors
2091 3238 2198 3303 finem

195 3321 442 3405 experimendam
471 3318 591 3382 doloris
614 3318 855 3416 vehementiam
879 3322 963 3393 lacit,
996 3342 1078 3404 quae
1102 3343 1165 3386 non
1191 3330 1195 3409 t
1218 3326 1332 3388 afferat
1356 3325 1475 3389 talibus
1497 3327 1686 3407 praeconiis,
1708 3346 1774 3388 non
1798 3338 1907 3388 tamen
1931 3324 2089 3405 sequitur,
2113 3322 2198 3387 fide-

195 3410 324 3471 animos
353 3404 449 3468 modo
479 3412 569 3466 tenet
597 3414 797 3482 constrictos,
828 3405 883 3469 sed
914 3406 1022 3470 lauces
1051 3407 1165 3469 etiam:
1191 3409 1265 3473 iles
1294 3409 1422 3474 animas
1453 3413 1642 3493 corporibus
1671 3424 1788 3474 exutas
1815 3409 1938 3491 privari
1960 3407 2196 3491 intelligentia,

196 3506 232 3556 ut
262 3509 446 3554 sermonem
476 3488 510 3549 in
539 3486 646 3549 medio
678 3509 775 3552 eursu
808 3489 986 3554 absorbeat.
1041 3490 1167 3555 Sensus
1190 3476 1194 3553 i
1219 3495 1268 3558 vel
1293 3495 1383 3557 nullo
1407 3497 1497 3578 tangi
1521 3497 1584 3560 Dei
1606 3497 1735 3560 affectu.
1780 3494 1885 3571 Adde,
1918 3493 2004 3576 qnod
2027 3493 2062 3555 in
2087 3504 2198 3557 morte

196 3587 308 3641 tamen
331 3574 384 3637 hic
407 3573 442 3635 in
464 3572 610 3634 oratione
631 3572 772 3654 abrupta
793 3573 966 3655 ambiguus
988 3584 1047 3638 est.
1085 3574 1166 3653 Qui·
1190 3582 1193 3599 '
1218 3580 1289 3658 ipsa
1309 3577 1374 3642 Dei
1396 3579 1553 3644 iudicium
1576 3580 1836 3663 apprehenderat
1858 3579 1984 3643 David:
2006 3577 2093 3660 quod
2115 3600 2196 3644 eum

196 3660 272 3726 dam
302 3660 389 3723 enim
418 3654 631 3721 subaudiunt:
666 3657 721 3721 Me
750 3657 886 3739 affliges.
922 3658 974 3721 vel
1004 3659 1166 3740 corripere
1190 3608 1194 3725 i
1217 3662 1438 3727 obmutescere
1467 3665 1612 3747 cogebat,
1641 3665 1749 3747 quoad
1774 3665 1887 3729 laudes
1916 3665 1989 3729 Dco
2016 3662 2196 3729 canendas.

197 3744 337 3828 perges?
361 3742 437 3817 Atii,
460 3760 626 3822 quousque
639 3741 769 3806 differes
780 3743 1035 3807 misericordiam
1054 3742 1166 3806 taam?
1190 3728 1193 3793 Ι
1216 3747 1301 3809 Nam
1338 3768 1437 3829 quum
1467 3750 1535 3813 sola
1567 3752 1629 3814 Dei
1664 3751 1791 3816 bonitas
1823 3772 1921 3815 sensu
1958 3758 2123 3831 percepta,
2157 3770 2197 3814 os

197 3830 264 3895 Sed
295 3848 378 3909 quac
408 3826 557 3922 proxime
584 3825 732 3907 sequitur
754 3829 845 3906 ratio,
875 3828 963 3892 hunc
986 3827 1165 3892 secundum
1190 3862 1193 3905 t
1218 3832 1312 3895 nobis
1341 3832 1381 3895 ad
1405 3854 1479 3897 eum
1509 3834 1738 3899 celebrandum
1761 3836 1896 3916 aperiat,
1927 3833 1983 3897 nbi
2006 3831 2119 3899 ablata
2141 3842 2196 3899 est

197 3933 329 3979 sensum
368 3930 473 3988 magis
513 3911 711 3991 probabilem
745 3933 815 3975 csso
848 3912 1007 3977 ostendit:
1049 3933 1165 3995 nempe
1190 3914 1193 3949 ¹
1217 3913 1374 3991 hilaritas,
1398 3918 1510 3983 laudes
1532 3941 1659 4002 quoque
1682 3940 1809 3984 cessare
1832 3942 1961 3985 neccsse
1983 3926 2044 3983 est.
2080 3918 2197 4000 Quare

199 3998 276 4063 dum
306 4006 396 4077 optat
428 3995 535 4059 David
565 4016 601 4059 sc
628 4016 647 4057 a
671 3997 813 4059 Domino
845 3997 968 4079 respici.
1014 3997 1165 4077 tanque-
1218 4002 1299 4063 nibil
1323 4003 1440 4065 mirum
1463 4005 1491 4066 si
1515 4006 1564 4068 ira
1587 4006 1659 4081 Dei,
1687 4026 1770 4087 quae
1793 4025 1853 4069 nos
1876 4016 2002 4069 terrore
2024 4003 2195 4090 absorbet,

197 4085 282 4147 ritur
304 4101 383 4162 ergo
401 4100 436 4144 sc
455 4101 542 4143 nunc
564 4102 584 4143 a
608 4079 677 4144 troo
695 4081 843 4144 relietum
866 4100 945 4155 esse,
970 4082 1022 4145 vel
1040 4081 1166 4146 nullum
1217 4084 1329 4150 laudes
1347 4088 1416 4150 eius
1438 4088 1649 4170 exstinguere
1671 4088 1807 4154 dicatur.
1831 4091 1941 4171 Atque
1952 4090 2030 4154 binc
2048 4090 2196 4158 solvitur

198 4165 312 4232 haberi
351 4164 400 4228 sui
429 4178 612 4245 respectum
641 4166 736 4229 sicuti
765 4164 861 4246 longo
888 4186 908 4227 a
935 4165 1026 4230 nobis
1056 4168 1167 4231 abesse
1218 4168 1321 4232 altcra
1339 4173 1495 4252 quaestio,
1517 4195 1575 4236 cur
1595 4174 1702 4237 David
1721 4187 1858 4238 mortem
1881 4185 2052 4257 tantopere
2071 4176 2197 4242 exhor·

198 4251 328 4318 videtur
361 4251 486 4330 quotics
515 4248 586 4311 cius
616 4249 777 4312 auxilium
811 4247 864 4312 rel
893 4252 1000 4331 gratia
1034 4272 1069 4314 ro
1097 4252 1167 4331 ipsa
1218 4256 1329 4336 ruerit,
1364 4256 1456 4336 quasi
1487 4272 1582 4319 extra
1616 4259 1773 4323 mundum
1808 4261 1889 4323 nibil
1919 4263 1990 4343 spei
2021 4260 2195 4327 residuum

197 4359 262 4403 non
291 4343 436 4416 apparot.
482 4332 555 4397 Hoc
584 4342 693 4396 attatum
723 4333 815 4397 nobis
838 4354 895 4414 pro
917 4354 975 4397 sua
998 4334 1169 4417 indulgen·
1191 4374 1195 4429 ἶ
1218 4338 1309 4401 lorot.
1355 4340 1451 4403 Docti
1474 4341 1536 4403 viri
1571 4358 1636 4403 tros
1657 4361 1770 4407 causas
1793 4362 1968 4410 numerant
1988 4368 2049 4410 cur
2070 4347 2196 4413 Patres

199 4425 244 4487 tin
266 4419 414 4484 concedit
439 4418 538 4493 Deus,
567 4428 603 4480 ιιι
624 4418 730 4500 ipsum
754 4418 933 4483 accelerare
955 4429 1104 4500 optemus
1126 4419 1167 4481 ad
1191 4432 1195 4511 Ι
1219 4423 1279 4486 snb
1298 4423 1369 4504 lego
1388 4438 1479 4487 tanto
1496 4427 1662 4489 constricti
1681 4427 1803 4491 luerint
1816 4432 2049 4496 mortismetu:
2071 4453 2196 4516 nempe

198 4527 292 4588 opem
331 4505 424 4568 nobis
457 4501 643 4567 ferendam:
686 4502 741 4565 ubi
785 4500 824 4565 dc
868 4523 958 4567 mora
1001 4504 1168 4585 conquesti
1192 4520 1196 4591 Ι
1219 4505 1304 4588 quod
1327 4510 1433 4589 gratia
1455 4508 1518 4571 Dei
1545 4508 1689 4574 nondum
1713 4512 1835 4576 Christi
1857 4514 2004 4580 adventu
2027 4518 2198 4597 patefacta

198 4612 321 4666 sumus,
353 4609 394 4651 nc
425 4597 538 4651 votum
568 4598 716 4650 nostrum
749 4587 800 4649 vel
830 4586 921 4650 dolor
950 4586 1037 4652 ultra
1065 4601 1169 4651 metas
1220 4591 1351 4655 norrnisi
1370 4592 1526 4655 obscurae
1544 4596 1774 4673 promissiones
1796 4610 1929 4663 tenuem
1948 4601 2080 4667 futurae
2099 4603 2196 4667 vitae

198 4685 360 4757 erumpat,
389 4670 644 4753 permittendum
669 4692 739 4735 esso
761 4670 824 4735 Dei
848 4672 990 4745 arbitrio,
1014 4694 1054 4736 uo
1075 4673 1170 4735 aliter
1221 4686 1351 4753 garsttrm
1373 4676 1505 4740 dabant.
1529 4678 1664 4759 Deinde,
1687 4682 1772 4762 quod
1792 4703 1947 4762 praesens
1968 4687 2046 4763 rita,
2069 4688 2106 4750 in
2124 4708 2196 4769 qua

199 4769 344 4823 maturet
367 4778 464 4839 qaam
489 4756 595 4821 visam
620 4756 726 4819 luerit.
1220 4780 1255 4821 so
1270 4761 1360 4823 llens
1378 4776 1505 4841 patrem
1521 4760 1672 4841 declarat,
1694 4788 1804 4847 perse
1822 4769 1865 4831 sit
1883 4769 2044 4852 optabilis.
2068 4773 2195 4851 Tertio,

1220 4844 1303 4923 quod
1327 4845 1414 4906 anxit
1438 4862 1531 4908 crant
1554 4868 1594 4910 no
1612 4870 1677 4929 (pua
1697 4866 1769 4931 post
1791 4873 1887 4917 suum
1906 4854 2085 4921 discessum
2107 4860 2196 4923 acci·

285 4928 314 4990 5.
354 4926 535 4992 Centuriam
565 4924 708 4995 Doctrina,
748 4925 833 5003 eripe
873 4926 1014 4988 ιιιιιιιιιιηι
1053 4947 1171 4989 areatas
1194 5002 1197 5007 Ι
1221 4925 1312 4990 deret.
1342 4928 1374 4989 in
1405 4928 1560 5010 religione
1590 4937 1737 4999 mutatio.
1782 4940 1883 5019 Atqui
1911 4941 1993 5004 mihi
2021 4944 2195 5008 nonsatis

197 5012 321 5077 solcum
345 5032 390 5075 ate
408 5014 460 5092 tiro
477 5015 608 5091 propter·
629 5008 878 5073 taiaericorditua
900 5014 995 5073 ιιιιιιιι,
1029 5013 1058 5073 a,
1087 5012 1171 5089 tpaia
1220 5011 1342 5075 stalidao
1367 5010 1516 5077 ritlontur
1538 5016 1619 5080 istac
1641 5021 1793 5095 rationes,
1824 5026 2042 5104 nequeenim
2059 5048 2195 5110 semper

199 5096 288 5161 sitella
320 5097 351 5157 ia
383 5102 477 5160 tetrarte
505 5095 654 5159 amatoria
681 5096 744 5158 lui:
774 5094 804 5157 ia
827 5094 967 5173 epulcro
992 5096 1064 5175 prtia
1081 5098 1169 5173 attriti·
1222 5093 1305 5158 idem
1330 5098 1426 5159 titnor
1451 5097 1586 5163 llavidis
1608 5101 1753 5167 animum
1776 5110 1967 5188 «recuparitz
1998 5118 2111 5192 utpote
2135 5115 2195 5195 qui

197 5181 308 5247 debitur
329 5179 410 5243 titt?
1194 5192 1314 5245 ,ιιιιιιιι
1344 5180 1478 5253 iliorum,
1511 5186 1654 5249 animam
1686 5190 1717 5250 in
1747 5191 1857 5254 sinum
1887 5193 1950 5257 Dei
1980 5195 2110 5276 placide
2132 5218 2196 5262 suo
