4658 5856
239 336 301 403 747
756 369 758 373 -
1037 328 1253 398 PSALMUS
1276 331 1441 398 LXXIX.
2172 332 2233 399 748

237 538 365 607 tompus
398 531 629 605 argumentum
670 520 790 603 optime
829 518 974 600 quadrat.
1029 517 1208 585 Sumamus
1259 519 1331 584 ideo
1367 541 1455 586 mors
1487 530 1677 586 sanatorum
1718 521 1858 603 pretiosa
1891 523 1924 584 in
1957 531 2135 603 conspectu
2170 519 2232 587 Dei

236 612 339 695 igitur
362 630 419 691 pro
441 608 587 674 confesso
610 605 763 671 dictatam
787 605 887 669 fuisse
910 606 973 687 piis
996 604 1080 669 hanc
1099 607 1204 687 queri·
1258 627 1329 671 esse
1351 605 1487 671 desinit:
1518 607 1575 672 sed
1597 606 1651 671 ubi
1675 607 1795 672 iniuste
1816 608 1851 671 iu
1875 627 1972 672 carne
1994 608 2138 690 opprimi
2162 629 2231 690 pas·

236 697 396 772 moniam,
425 714 525 775 quum
559 712 713 774 oppressa
741 690 876 755 ecclesia
904 712 957 755 res
986 689 1026 754 ad
1054 690 1205 755 ultimam
1258 712 1314 756 sus
1336 704 1402 767 est,
1433 691 1577 758 vindicta
1607 691 1751 757 ostendit
1779 712 1877 776 quam
1906 691 1968 757 sibi
1999 695 2067 757 cari
2096 694 2230 760 fuerim.

236 781 494 863 desperationem
517 788 625 843 essent
647 776 815 841 adductae.
850 774 981 842 Scimus
1003 777 1090 841 enim
1108 798 1204 859 quam
1258 776 1314 842 Sic
1337 790 1373 842 ut
1394 778 1462 842 irae
1484 799 1562 842 suae
1585 790 1679 843 notas
1701 779 1800 843 etiam
1822 787 1895 861 post
1913 788 2051 843 mortem
2069 779 2231 863 insculpat

234 865 410 931 crudeliter
440 865 618 930 saevierint
647 862 785 947 Assyrii.
830 862 876 926 Et
898 861 1019 945 siquis
1041 882 1099 944 pro
1122 883 1206 927 asse·
1257 862 1417 946 reprobis,
1447 864 1557 946 privat
1586 884 1641 928 eos
1671 864 1836 946 sepulcro:
1868 874 1901 927 et
1929 863 2001 928 ideo
2030 864 2131 946 impio
2162 867 2231 951 regi

234 950 335 1016 reudo
360 952 421 1016 Dei
444 951 533 1016 cultu
556 947 616 1013 sub
638 947 813 1031 tyrannide
835 948 991 1012 Antiochi
1014 949 1133 1012 mutire
1149 969 1205 1011 au·
1257 951 1403 1013 minatur
1419 950 1503 1013 asini
1522 950 1734 1032 sepulturam,
1752 947 1867 1014 Ierem.
1888 950 1939 1025 22,
1960 949 2009 1014 19.
2043 948 2109 1016 Sed
2129 972 2229 1033 quum

233 1059 290 1102 sue
322 1038 452 1114 fuisset,
493 1034 639 1118 iugulum
674 1034 864 1098 mactationi
896 1033 1008 1098 statim
1050 1034 1204 1116 praebere
1256 1055 1331 1100 suos
1354 1035 1490 1117 exponit
1507 1036 1607 1100 simili
1626 1034 1752 1118 probro,
1775 1034 1852 1100 licet
1869 1036 1909 1100 ad
1928 1047 2059 1117 tempus
2078 1037 2231 1102 credatur

234 1143 367 1189 necesse
400 1132 478 1187 erat.
528 1120 641 1185 Primo
675 1128 784 1184 autem
819 1122 852 1183 in
886 1140 1026 1203 persona
1058 1119 1203 1184 fidelium
1255 1140 1311 1184 eos
1330 1121 1488 1199 deserere,
1508 1119 1574 1185 illis
1594 1133 1704 1203 postea
1721 1123 1755 1184 in
1774 1120 1999 1186 adiumentum
2018 1121 2135 1187 salutis
2155 1143 2229 1188 con·

234 1209 444 1292 conqueritur
458 1207 617 1290 propheta
635 1205 674 1268 de
694 1206 814 1287 templo
832 1206 964 1288 polluto,
988 1216 1021 1268 et
1040 1204 1205 1270 destructa
1257 1207 1371 1269 vertit:
1394 1207 1473 1289 quia
1494 1204 1576 1271 fides
1597 1227 1709 1272 eorum
1733 1207 1794 1270 hae
1817 1208 1996 1271 tentatione
2015 1207 2154 1291 probata
2172 1231 2229 1275 no·

234 1294 332 1360 urbe:
365 1293 482 1358 deinde
503 1290 647 1357 secundo
669 1311 766 1357 versu
789 1300 822 1355 ct
844 1292 949 1370 tertio,
973 1304 1103 1356 sanctos
1130 1312 1204 1374 pro·
1256 1311 1332 1355 vam
1357 1292 1500 1374 palmam
1523 1293 1585 1358 sibi
1616 1292 1764 1373 acquirit.
1808 1292 1893 1356 Nam
1921 1293 2004 1374 quod
2034 1293 2113 1357 olim
2144 1316 2228 1358 mor·

233 1381 356 1444 miscus
374 1379 472 1444 fuisse
489 1398 609 1457 caesos,
627 1386 659 1440 et
677 1377 748 1441 sine
766 1376 888 1441 honore
907 1377 1046 1460 sepulcri
1060 1377 1203 1460 proiecta
1254 1385 1326 1442 tuos
1360 1378 1544 1461 ungebant,
1587 1377 1718 1442 nonnisi
1754 1377 1794 1442 ad
1838 1379 1929 1443 vivos
1969 1389 2002 1442 et
2034 1382 2229 1463 superstites

233 1486 346 1531 eorum
368 1464 539 1529 cadavera.
584 1462 724 1546 Singula
753 1472 862 1527 autem
890 1464 960 1528 fere
990 1462 1090 1527 verba
1119 1462 1203 1528 indi·
1254 1464 1420 1543 spectabat
1443 1463 1523 1528 haeo
1545 1464 1758 1538 caeremonia,
1789 1474 1827 1528 ut
1847 1476 2019 1529 cernentes
2049 1486 2171 1548 corpus
2194 1468 2228 1531 iu

232 1551 390 1634 gnitatem
414 1550 612 1632 exprimunt.
657 1547 742 1612 Nam
765 1569 866 1631 quum
889 1559 1011 1614 terram
1034 1547 1124 1613 illam
1154 1570 1204 1614 se·
1253 1548 1400 1613 custodie
1430 1551 1557 1631 reponi,
1595 1570 1685 1632 spem
1717 1550 1805 1614 vitae
1832 1550 1976 1615 melioris
2002 1551 2038 1614 in
2074 1551 2228 1619 cordibus

232 1646 400 1720 gregasset
422 1636 514 1700 Deus
542 1633 660 1718 populo
689 1655 764 1710 suo,
795 1634 939 1716 profanis
968 1633 1134 1717 gentibus,
1166 1644 1204 1698 ut
1253 1635 1320 1697 suis
1343 1636 1498 1699 foverent
1522 1634 1631 1715 Quare
1652 1637 1722 1698 sine
1744 1637 1870 1701 iactura
1887 1635 2035 1717 sepulcro
2055 1640 2227 1719 privantur

231 1743 303 1786 eam
326 1722 558 1786 contumeliose
580 1720 752 1795 calcarent,
776 1741 813 1786 ac
836 1740 893 1803 pro
915 1742 976 1785 sua
998 1719 1131 1784 libidine
1154 1730 1203 1783 to·
1254 1720 1374 1800 fideles,
1404 1719 1480 1783 dum
1505 1722 1568 1785 fido
1590 1721 1670 1786 haec
1691 1721 1799 1786 media
1819 1720 2017 1786 adminicula
2039 1732 2228 1789 transscen-

232 1818 298 1872 tam
313 1806 507 1885 disiicerent,
527 1806 679 1889 prostitui
697 1805 834 1869 minime
851 1826 989 1888 aequum
1008 1805 1079 1870 fuit.
1113 1807 1202 1889 Ergo
1253 1804 1351 1885 dunt,
1382 1816 1418 1869 ut
1439 1806 1480 1870 ad
1510 1807 1637 1871 beatam
1669 1807 1945 1871 immortalitatem
1973 1821 2165 1890 properent.

230 1892 321 1975 quasi
352 1893 392 1956 de
423 1914 576 1974 perverso
606 1901 744 1956 naturae
772 1890 884 1956 ordine
913 1891 1098 1975 expostulat
1127 1914 1201 1973 pro·
1337 1891 1367 1955 4.
1391 1890 1542 1975 (Fuimus
1560 1891 1784 1975 opprobrium.)
1828 1891 1903 1957 Alia
1933 1894 2155 1975 expostulatio
2184 1895 2223 1959 ad

230 1978 347 2061 pheta,
378 1989 491 2062 gentes
523 1978 651 2043 venisse
673 1977 784 2042 dicens
805 1977 840 2042 in
869 1976 1103 2042 haereditatem
1130 1978 1200 2045 Dei.
1253 1977 1493 2058 provocandam
1519 1980 1579 2042 Dei
1605 1979 1869 2043 misericordiam.
1915 1977 2000 2042 Nam
2025 2000 2089 2062 quo
2111 2001 2223 2063 super·

231 2063 489 2145 temptantem
519 2063 664 2142 eversio,
693 2062 733 2126 de
761 2083 824 2146 qua
853 2063 994 2128 secundo
1024 2064 1094 2130 loco
1123 2066 1200 2146 agit,
1253 2062 1326 2127 bius
1345 2063 1506 2128 insultant
1529 2064 1620 2129 nobis
1643 2063 1742 2145 impii,
1774 2085 1812 2128 eo
1838 2066 1972 2147 propior
1994 2065 2225 2148 redemptionis

229 2151 339 2214 minus
360 2150 423 2213 fuit
441 2149 629 2221 tolerabilis,
650 2148 802 2231 quiahoc
818 2148 913 2212 modo
929 2149 1202 2233 exstinguebatur
1251 2169 1326 2230 spes
1349 2149 1500 2232 affulget:
1524 2151 1599 2232 quia
1621 2149 1756 2215 minime
1768 2149 1839 2214 Deo
1859 2149 2036 2216 tolerabilis
2048 2160 2099 2215 est
2110 2172 2223 2217 eorum

230 2235 293 2299 Dei
316 2235 423 2301 cultus
446 2238 480 2298 in
504 2246 600 2310 terra,
623 2245 655 2298 et
677 2234 790 2316 religio
812 2235 948 2318 peribat.
994 2234 1097 2300 Addit
1115 2234 1201 2300 Iero-
1252 2235 1441 2315 petulantia,
1476 2235 1553 2300 dum
1584 2250 1650 2300 tam
1672 2235 1840 2301 licentiose
1872 2238 2016 2312 effertur,
2050 2239 2224 2320 praecipue

229 2320 390 2404 solymam,
413 2342 497 2402 quae
520 2323 612 2405 regia
633 2333 704 2385 erat
726 2320 788 2384 Dei
811 2320 921 2400 sedes,
951 2321 987 2384 iu
1008 2341 1132 2386 aceruos
1154 2322 1200 2385 lu·
1251 2339 1353 2401 quum
1376 2321 1411 2384 in
1434 2342 1566 2386 sacrum
1587 2321 1650 2384 Dei
1674 2343 1793 2386 nomen
1815 2320 1977 2386 redundet
2005 2324 2223 2388 contumelia:

229 2407 293 2471 isse
326 2408 500 2472 redonum:
536 2428 600 2489 qua
633 2428 711 2472 voce
744 2418 876 2470 notatur
909 2407 1062 2471 deformis
1097 2409 1199 2471 ruina.
1250 2405 1347 2470 sicuti
1376 2407 1462 2488 apud
1485 2405 1625 2472 Iesaiam
1654 2408 1733 2472 dicit
1755 2427 1824 2491 cap.
1846 2407 1898 2484 37,
1922 2408 1980 2472 22:
2011 2406 2120 2487 Quem
2152 2410 2223 2474 sub

228 2492 420 2558 Prolanatio
450 2505 558 2558 eutem
591 2492 703 2575 templi
734 2503 767 2556 et
794 2503 925 2557 sanctae
955 2492 1044 2556 urbis
1074 2495 1199 2556 eversio
1251 2491 1413 2556 renuant?
1438 2504 1472 2556 et
1493 2514 1591 2574 super
1613 2514 1708 2576 quem
1728 2494 2223 2577 concutiuntcaput,virgolilia

227 2577 322 2643 sicuti
346 2579 446 2660 impio
470 2579 640 2662 sacrilegio
663 2598 728 2641 nou
752 2577 915 2655 carebant,
939 2577 985 2640 ita
1008 2580 1122 2641 merito
1145 2578 1200 2642 de·
1251 2574 1356 2645 Sion?
1401 2579 1446 2642 Et
1476 2593 1563 2643 certe
1586 2580 1684 2644 vicini
1707 2580 1762 2660 qui
1785 2580 1907 2663 partim
1929 2589 2098 2660 apostatae
2120 2591 2221 2650 erant.

226 2664 347 2728 babent
386 2673 499 2727 contra
537 2664 647 2727 hostes
687 2662 750 2726 Dei
789 2661 968 2726 vindictam
1009 2684 1200 2744 provocare:
1251 2662 1303 2724 vel
1337 2663 1515 2746 degeneres
1536 2664 1691 2729 Abrahae
1724 2664 1792 2740 filii,
1827 2664 1942 2746 partim
1977 2686 2053 2729 vero
2087 2666 2222 2746 professi

227 2749 363 2830 ideoque
386 2748 426 2811 ab
456 2749 521 2813 illis
550 2748 676 2812 orditur
705 2747 881 2830 propheta,
913 2746 1028 2812 deindo
1058 2749 1200 2813 secundo
1253 2747 1419 2830 religionis
1451 2749 1570 2823 hostes,
1605 2753 1761 2816 miserum
1795 2750 1950 2832 populum
1979 2751 2135 2815 vexando
2158 2772 2221 2816 non

226 2835 296 2898 loco
319 2832 360 2898 ad
382 2833 497 2898 caedes
520 2834 646 2916 piorum
670 2834 797 2896 transit.
836 2833 909 2898 Hac
931 2843 1041 2898 autem
1064 2834 1200 2898 eircum-
1251 2831 1459 2897 abstinebant
1479 2857 1499 2898 a
1521 2834 1741 2917 blasphemiis.
1786 2835 1897 2916 Quare
1919 2836 2060 2901 sciamus
2094 2858 2160 2901 non
2182 2834 2220 2901 de

228 2918 352 2983 stantia
373 2920 477 2982 maior
500 2929 633 2984 notatur
653 2917 843 2998 erudelitas,
872 2918 957 3001 quod
981 2940 1048 2984 non
1071 2928 1197 2984 tantum
1253 2918 1391 3000 privatis
1413 2918 1561 2984 ludibriis
1583 2920 1637 2985 bic
1658 2922 1813 3002 conqueri
1834 2920 1959 3001 fideles,
1987 2921 2043 2986 sed
2066 2942 2151 3005 quae
2172 2923 2220 2988 vi·

228 3003 407 3071 occiderint
428 3026 539 3070 servos
556 3004 630 3085 Dei,
652 3002 709 3069 sed
726 3005 892 3088 insepulta
909 3024 1020 3070 eorum
1041 3006 1199 3070 cadevera
1252 3003 1371 3068 debant
1393 3006 1521 3088 oblique
1544 3007 1579 3070 in
1600 3006 1707 3071 Deum
1730 3019 1764 3071 et
1787 3008 1890 3089 legem
1913 3007 1983 3072 eius
2004 3009 2150 3092 congeri,
2180 3008 2221 3073 si·

226 3092 422 3176 proiecerint
451 3091 563 3156 bestiis
593 3100 626 3155 et
654 3089 769 3156 avibus
798 3093 832 3154 in
861 3090 1026 3174 praedam.
1070 3091 1199 3176 Religio
1250 3092 1316 3155 cuti
1339 3111 1452 3156 rursus
1474 3093 1509 3157 in
1532 3095 1596 3157 fine
1619 3093 1745 3158 Psalmi
1766 3092 1965 3158 videbimus.

227 3188 336 3243 autem
359 3176 518 3259 quaedam
541 3197 670 3258 semper
688 3176 795 3241 tenuit
813 3176 983 3241 homiuum
1002 3178 1138 3252 animos,
1162 3188 1198 3241 ut

226 3284 269 3327 nc
291 3262 402 3327 hostes
424 3262 556 3343 quidem
580 3260 770 3326 fraudarent
793 3262 934 3345 sepulcri
959 3263 1089 3340 honore,
1113 3263 1199 3328 unde
1336 3261 1364 3327 5.
1391 3264 1555 3344 Quousque
1578 3263 1692 3328 lebeus
1714 3264 1864 3328 irasceris
1885 3264 1920 3328 iu
1936 3264 2149 3345 mecum?
2172 3286 2222 3331 or·

225 3348 374 3431 sequitur
395 3346 594 3412 immanibus
616 3347 732 3412 belluis
756 3369 827 3412 esse
849 3348 972 3412 similes
999 3370 1081 3430 quos
1111 3349 1199 3414 dele·
1249 3347 1330 3413 debit
1350 3349 1432 3414 uelut
1452 3351 1537 3432 mnis
1556 3349 1643 3414 aelus
1664 3347 1803 3434 tuus?*)
1825 3350 1855 3414 6.
1869 3347 2007 3429 Effuude
2028 3351 2114 3414 iram
2135 3355 2221 3415 tussa

225 3442 292 3497 ctat
313 3434 377 3497 ista
400 3431 574 3510 barbaries,
598 3432 709 3497 videre
732 3444 878 3498 mortuos
897 3434 1042 3501 lacerari.
1077 3434 1198 3500 Ostcn·
1248 3454 1347 3516 super
1377 3440 1481 3517 pentes
1512 3455 1592 3515 quoe
1623 3439 1651 3499 te
1680 3455 1741 3499 uois
1770 3438 1929 3517 manunt,
1958 3440 1988 3500 et
2007 3455 2104 3517 super
2125 3457 2221 3519 regno

226 3516 274 3583 dit
288 3519 385 3583 etiam
405 3539 469 3582 non
488 3519 587 3583 fuisse
605 3528 770 3602 grassatos
787 3519 914 3603 vulgari
936 3519 1077 3584 hostium
1098 3541 1197 3598 more,
1249 3539 1328 3599 quoe
1349 3540 1457 3584 nomeu
1485 3525 1574 3585 tuum
1601 3541 1664 3585 uos
1693 3521 1851 3585 invocant:
1894 3519 1924 3585 7.
1958 3521 2041 3602 Quia
2070 3526 2222 3586 vorarunt

227 3604 312 3689 quod
346 3604 492 3669 humano
524 3605 677 3687 sanguini
712 3605 814 3669 nihilo
849 3605 953 3688 magis
994 3607 1199 3688 pepercerint
1249 3604 1352 3683 Iacob,
1377 3610 1406 3669 et
1437 3605 1655 3671 liubitutiouem
1686 3606 1754 3670 eius
1775 3611 1948 3671 uastarunt.
1993 3606 2024 3672 8.
2049 3606 2100 3672 Ne
2121 3627 2220 3674 recor·

227 3712 324 3774 quam
365 3710 485 3772 aquae:
526 3690 611 3754 unde
650 3690 815 3772 colligitur
853 3690 1008 3755 caedendi
1047 3692 1197 3758 aviditas.
1248 3690 1332 3754 deris
1353 3711 1427 3773 erpo
1448 3712 1504 3756 aos
1527 3693 1728 3773 iniquitatum
1745 3693 1909 3772 priomm:
1939 3692 2065 3772 festina,
2089 3713 2222 3773 procoe-

227 3776 338 3857 Quum
358 3787 466 3839 autem
486 3774 576 3838 addit
592 3797 653 3840 nou
668 3776 769 3855 fuisse
785 3777 840 3858 qui
856 3777 1005 3859 sepeliret,
1024 3775 1065 3841 ad
1080 3778 1199 3844 iratres
1247 3777 1336 3840 uiant
1357 3796 1413 3840 uos
1434 3778 1667 3842 misericordius
1690 3784 1770 3849 tuoe.
1789 3778 1865 3858 quio
1876 3777 2222 3858 offliatisumusouide.

227 3877 260 3926 et
282 3872 435 3946 cognatos
457 3861 661 3926 extenditur:
692 3882 729 3927 ac
751 3862 780 3926 si
803 3863 925 3927 diceret
946 3871 1075 3928 tantum
1099 3864 1198 3929 luisse
1247 3861 1277 3926 9.
1303 3861 1453 3928 Suecurrc
1477 3862 1562 3927 uobis
1575 3862 1789 3927 Deussolutis
1800 3867 1925 3928 uestrum
1937 3869 2067 3946 propter
2081 3863 2221 3946 pieriam

227 3951 392 4013 incussum
416 3947 600 4026 horrorem,
630 3946 747 4012 deinde
768 3948 880 4013 obvios
909 3968 1054 4031 quosque
1076 3953 1196 4032 passim
1247 3949 1383 4012 uomitus
1405 3950 1461 4030 tui,
1495 3953 1522 4012 ct
1550 3946 1737 4027 liberatica,
1767 3954 1796 4013 et
1817 3949 1980 4030 propitius
2002 3954 2065 4013 esto
2085 3951 2222 4030 μεωαιιέι

227 4034 273 4097 ita
306 4034 403 4097 luisse
436 4034 628 4109 trucidatos,
669 4043 706 4096 ut
738 4054 834 4097 nemo
868 4035 1019 4117 progredi
1053 4033 1197 4101 auderet.
1222 4086 1225 4123 Ι
1248 4035 1365 4099 uostris
1382 4039 1510 4114 propter
1530 4052 1640 4096 nomeu
1662 4040 1761 4098 tuum.

227 4120 331 4184 Porro
361 4139 462 4198 quum
492 4121 525 4181 in
558 4119 726 4183 hominum
757 4119 926 4201 sepultura
948 4121 1039 4184 Deus
1069 4121 1196 4204 aliquod

228 4204 452 4270 testimonium
475 4214 604 4268 exstare
628 4205 766 4268 voluerit
788 4204 922 4269 ultimae
940 4209 1198 4287 resurrectionis,
1334 4206 1363 4271 5.
1387 4205 1567 4289 (Quousque
1589 4203 1726 4287 Ieltovu.)
1758 4204 1826 4268 lam
1850 4205 1927 4271 alibi
1949 4204 2116 4275 admonui,
2140 4206 2223 4272 duaa

228 4300 359 4357 sanctos
377 4289 438 4353 hoc
455 4289 526 4352 iure
544 4298 774 4369 postmortem
793 4291 934 4372 spoliari,
959 4291 1006 4354 bis
1024 4291 1196 4376 indignum
1248 4290 1329 4356 istas
1352 4311 1446 4355 voces
1465 4288 1644 4370 Quousque
1666 4299 1699 4353 et
1718 4291 1891 4373 Perpetuo,
1922 4290 1999 4354 dum
2022 4290 2124 4355 simul
2149 4294 2222 4356 iun·

227 4379 298 4442 luit.
344 4373 521 4455 Quaerit-ur
543 4387 670 4450 tamen,
701 4397 799 4457 quum
823 4377 969 4457 reprobis
993 4378 1083 4441 Deus
1113 4378 1198 4444 hane
1247 4390 1380 4459 guntur,
1404 4375 1592 4439 diuturnam
1616 4383 1649 4438 et
1671 4374 1800 4458 longam
1826 4377 1982 4442 malorum
2005 4378 2221 4442 continuatio·

229 4482 365 4547 poenam
388 4479 484 4543 saepe
507 4459 685 4534 denuntiet,
708 4482 766 4525 cur
787 4461 900 4525 fideles
922 4482 999 4526 suos
1019 4484 1137 4546 passus
1155 4465 1198 4529 sit
1248 4484 1322 4526 nem
1358 4472 1481 4532 notare,
1515 4460 1607 4523 euius
1641 4461 1739 4524 etiam
1775 4462 1885 4527 nullus
1917 4472 2055 4544 apparet
2087 4463 2224 4528 finisin

228 4548 337 4614 vorari
360 4567 380 4610 a
401 4545 520 4611 bestiis.
555 4545 745 4609 Tenendum
769 4545 927 4628 estquod
951 4546 1025 4611 alibi
1044 4549 1197 4627 diximus,
1248 4558 1431 4630 posterum:
1454 4546 1549 4609 sicuti
1573 4545 1673 4609 latine
1696 4545 1834 4613 dicimus
1856 4546 2037 4628 Quousque
2060 4548 2224 4614 tandem?

228 4632 424 4716 temporales
441 4651 572 4714 poenas,
594 4651 676 4712 quae
694 4630 734 4694 ad
753 4630 854 4696 solam
874 4652 1005 4696 carnem
1025 4636 1197 4716 pertinent,
1248 4633 1442 4716 Colligimus
1465 4651 1552 4712 ergo,
1575 4651 1641 4694 non
1664 4633 1765 4711 primo
1788 4632 1841 4697 vel
1863 4631 2003 4698 secundo
2035 4654 2150 4699 mense
2181 4656 2225 4700 ex

229 4730 296 4784 tem
319 4718 428 4782 electis
451 4737 547 4800 quam
570 4716 714 4798 reprobis
737 4737 808 4780 esse
831 4737 1036 4799 communes,
1069 4731 1198 4785 tantum
1248 4739 1311 4800 quo
1333 4718 1433 4797 affligi
1455 4717 1560 4798 eoepit
1583 4716 1724 4785 eeclesia.
1749 4716 1902 4783 dictatam
1925 4718 2024 4783 luisse
2041 4718 2226 4803 hancque·

228 4807 262 4870 in
286 4806 377 4869 exitu
400 4811 451 4867 est
472 4803 662 4877 discrimen,
688 4803 764 4884 quia
788 4803 878 4867 Deus
900 4804 934 4867 in
959 4804 1095 4869 salutem
1120 4806 1198 4872 fide·
1249 4804 1430 4877 rimoniam,
1454 4802 1510 4865 sed
1534 4823 1631 4884 quum
1656 4804 1762 4867 taedio
1785 4805 1961 4869 semifracti
1985 4807 2225 4874 assentanimi.

227 4891 313 4957 libus
335 4889 497 4954 convertit
524 4887 609 4971 quod
639 4886 834 4952 naturaliter
863 4888 993 4971 signum
1022 4892 1089 4954 irae
1118 4902 1198 4958 erat.
1249 4889 1424 4954 Caeterum
1458 4889 1602 4952 latentur
1633 4886 1687 4950 hic
1719 4889 1842 4969 fideles,
1875 4890 2007 4955 nonnisi
2042 4892 2127 4956 irato
2151 4891 2227 4959 Deo

228 4979 278 5043 Ac
301 4977 435 5040 omnino
462 4974 502 5037 de
530 4973 678 5056 sepulcro
707 4972 791 5056 quod
822 4972 861 5038 de
892 4987 996 5040 morte
1024 4975 1198 5042 dicendum
1250 4986 1342 5039 tanta
1364 4972 1521 5037 malorum
1545 4974 1696 5055 congerie
1713 4995 1748 5038 se
1770 4975 1873 5052 obrui,
1902 4997 1978 5040 uam
2008 4997 2111 5060 quum
2145 4999 2225 5060 per·

229 5076 287 5127 est.
317 5061 495 5143 Continget
512 5062 651 5143 optimos
669 5080 813 5142 quosque
826 5059 887 5123 Dei
907 5080 1019 5125 servos
1036 5062 1199 5127 violenter
1249 5059 1336 5124 suasi
1360 5059 1425 5121 sint
1447 5059 1527 5122 nihil
1551 5079 1644 5141 posse
1662 5060 1789 5143 impios,
1808 5061 1964 5144 quidquid
1976 5064 2229 5148 machinentur,

228 5147 348 5214 occidi:
372 5166 469 5229 quam
493 5166 628 5226 poenam
652 5145 873 5229 sanguinariis
894 5154 928 5210 et
949 5146 1023 5211 aliis
1040 5147 1103 5212 Dei
1122 5169 1198 5213 con·

230 5233 445 5315 temptoribus
485 5233 605 5296 scimus
637 5252 733 5315 saepe
765 5232 880 5317 infligi.
935 5231 1050 5316 Neque
1086 5241 1196 5298 tamen
1335 5244 1364 5312 ⁸)
1381 5245 1438 5300 Ten
1456 5247 1522 5307 asle,
1543 5263 1576 5300 ea
1594 5263 1697 5317 nurus.-
1715 5265 1750 5303 on
1768 5249 1816 5303 ire.
