4658 5856
161 343 220 408 351
536 423 545 442 .
963 334 1180 404 rennues
1203 337 1351 404 xxxv,
2084 338 2149 404 aaa

162 551 248 597 rans.
292 530 345 593 Ita
367 529 443 592 filiis
463 529 524 593 Dei
549 525 783 593 ambulandum
806 534 856 590 ιιι
877 546 937 608 per
959 523 1126 590 infamiam
1180 536 1238 601 ost,
1267 523 1352 606 quod
1381 526 1416 590 in
1447 527 1532 591 votis
1561 526 1643 590 nihil
1667 527 1780 592 fictum
1802 529 1910 593 fuerit.
1955 526 2052 607 Quod
2076 527 2149 593 aliie

162 627 195 681 ct
216 615 335 681 bonam
357 614 491 697 famam,
519 624 553 679 et
576 614 739 696 patienter
760 611 914 676 ferendae
936 610 1128 687 calumniae,
1181 609 1311 674 videtur
1340 631 1411 676 esse
1441 610 1629 694 obtestatio,
1664 623 1697 676 et
1727 613 1815 677 hunc
1843 633 1975 679 sensum
1998 612 2147 678 eliciunt:

161 702 265 766 donec
294 721 407 765 eorum
437 700 659 765 innocentiam
694 696 785 762 Deus
818 719 836 762 ι
868 697 957 761 coelo
991 705 1127 760 asserat.
1179 696 1331 774 Domine,
1355 697 1418 762 nisi
1440 697 1506 762 illis
1528 718 1682 780 prospera
1704 699 1814 763 omnia
1835 697 2030 781 optaverim,
2054 697 2147 781 quid-

160 788 247 853 Nam
276 786 361 869 quod
381 787 465 850 'olim
496 784 670 868 proverbio
692 785 778 848 inter
800 783 951 847 homines
974 781 1128 865 profanos
1180 781 1256 863 quid
1280 782 1356 846 mali
1379 793 1437 862 cst,
1467 784 1501 847 in
1523 803 1575 848 me
1599 785 1704 866 ipsum
1726 794 1888 849 vertatur:
1919 795 2065 849 coactum
2088 794 2152 851 est.

159 875 318 938 iactatum
340 872 417 936 fuit:
440 871 575 935 Nullum
598 869 744 952 pulcrius
768 869 932 934 theatrum
956 889 1026 932 ιιιι
1046 867 1129 930 bona
1179 867 1291 931 Nihilo
1314 869 1411 932 otiam
1447 868 1521 950 plus
1553 869 1669 934 eoloris
1701 868 1801 934 habet
1833 869 1938 934 altera
1970 870 2147 952 expositio:

161 959 377 1024 conscientia:
405 957 579 1039 magnifiee
608 953 740 1038 quidem
773 955 808 1017 in
832 975 868 1019 ιο
891 954 1017 1035 loquuti
1040 967 1127 1026 sunt,
1179 952 1267 1032 Quia
1294 974 1352 1035 pro
1381 955 1462 1035 ipsis
1491 955 1614 1018 orando
1645 955 1728 1019 nihil
1750 957 1880 1037 profeci,
1914 956 2041 1020 fruetus
2074 975 2148 1019 ora·

160 1044 218 1109 sed
247 1045 318 1108 fieri
347 1062 413 1106 non
441 1051 548 1124 potest
577 1051 614 1104 ut
643 1040 827 1123 quampiam
857 1042 1017 1103 sustineat
1050 1057 1127 1102 con·
1180 1039 1278 1102 tionis
1307 1039 1348 1101 ad
1378 1061 1429 1103 mc
1458 1060 1610 1104 reversus
1643 1053 1701 1105 θιι.
1752 1042 1894 1124 Propius
1928 1039 1969 1103 ad
2003 1055 2147 1105 mentem

160 1131 316 1195 scientiae
338 1129 461 1210 puritas
483 1128 548 1190 nisi
572 1126 613 1190 ad
636 1128 744 1191 Deum
767 1126 944 1209 confugiat.
1180 1124 1357 1205 prophetae
1387 1140 1419 1188 ιι
1447 1127 1546 1189 verba
1577 1124 1637 1189 hoc
1665 1126 1845 1190 accederet:
1876 1126 1949 1190 Non
1971 1147 2064 1190 secus
2086 1146 2147 1209 pro

248 1216 298 1283 12.
321 1213 519 1300 (Repeadaat
536 1211 638 1290 mitt.)
662 1213 791 1276 Rursus
809 1212 950 1275 hostium
970 1207 1126 1273 malitiam
1180 1211 1260 1291 ipsis
1289 1231 1326 1274 ac
1354 1231 1413 1291 pro
1444 1231 1496 1274 me
1525 1211 1626 1275 oravi.
1671 1211 1737 1276 Sed
1761 1211 1846 1294 quod
1868 1232 1967 1293 supra
1988 1211 2085 1275 attuli
2108 1211 2148 1277 de

161 1314 348 1383 exaggerat,
377 1296 464 1380 quod
488 1318 553 1362 non
577 1296 672 1361 modo
695 1297 870 1374 insontem,
900 1306 933 1359 et
955 1293 1038 1359 nihil
1062 1293 1128 1357 tale
1180 1315 1297 1360 arcano
1316 1295 1444 1372 affeetu,
1467 1298 1556 1360 sanis
1575 1296 1749 1362 lectoribus
1766 1296 1817 1382 (ut
1834 1297 1943 1381 spero)
1961 1297 2147 1362 satisfaciet.

160 1389 313 1451 meritum
330 1385 475 1466 improbe
491 1382 665 1457 vexabant,
683 1381 739 1446 sed
757 1384 840 1464 quod
857 1381 968 1445 multis
983 1379 1127 1462 magnis·
1182 1380 1314 1446 Sacram
1332 1386 1361 1444 et
1377 1382 1531 1446 tte-tunam
1553 1394 1709 1463 tanquam
1732 1384 1927 1465 precationis
1949 1382 2150 1447 adminicula

161 1493 223 1554 quc
252 1470 416 1535 beneficiis
446 1468 563 1543 affecti,
593 1468 833 1550 iniquissimam
864 1466 1046 1532 mercedem
1077 1486 1128 1528 re·
1180 1468 1298 1548 posuit.
1336 1467 1408 1530 Etsi
1433 1467 1520 1530 enim
1543 1469 1655 1549 pransi
1677 1490 1804 1550 quoque
1826 1483 1920 1532 orant
1942 1467 2063 1545 fideles,
2087 1488 2150 1534 neo

161 1555 354 1640 pendebant.
422 1555 496 1619 Etsi
541 1563 650 1618 autem
694 1554 775 1618 haee
807 1552 987 1636 indignitas
1020 1549 1125 1634 quoad
1180 1553 1321 1635 quotidie
1352 1553 1509 1616 ieiunium
1539 1552 1601 1617 sibi
1629 1554 1778 1619 indicunt
1806 1553 1920 1618 orandi
1949 1575 2057 1633 causa,
2088 1574 2150 1620 nec

159 1663 293 1707 sensum
322 1642 429 1707 earnis
459 1640 602 1704 maxime
632 1639 786 1704 vulnerat
816 1637 935 1721 probos
970 1636 1128 1713 homines,
1180 1659 1309 1703 saccum
1335 1636 1470 1702 induere
1493 1659 1621 1704 necesse
1642 1639 1765 1704 habent
1786 1642 1910 1721 quoties
1928 1640 2092 1722 prodeunt
2114 1643 2149 1705 in

159 1727 352 1809 videturque
392 1726 528 1790 minime
568 1725 761 1790 tolerabilis:
809 1725 873 1790 diei
914 1737 1023 1787 tamen
1063 1743 1126 1785 non
1180 1725 1243 1788 Dei
1273 1735 1500 1806 conspectum:
1534 1724 1655 1789 seimus
1683 1737 1792 1789 tamen
1821 1725 1877 1789 ubi
1909 1727 2011 1789 maior
2040 1725 2151 1808 aliqua

159 1821 269 1896 potest
290 1820 447 1894 quantum
466 1812 527 1876 hoo
543 1811 660 1875 afferat
675 1810 793 1887 solatii,
812 1808 869 1873 ubi
887 1811 999 1873 testari
1018 1827 1126 1871 eoram
1180 1808 1316 1892 urgebat
1344 1811 1529 1888 necessitas,
1558 1810 1704 1875 adhibita
1736 1812 1835 1875 fuisse
1865 1811 1946 1876 haec
1975 1812 2149 1876 exercitia:

159 1897 231 1963 Deo
249 1898 333 1977 licet,
351 1918 412 1961 nos
430 1897 546 1961 officiis
568 1895 720 1961 omnibus
737 1895 925 1977 perfunctos
944 1915 1025 1973 esso,
1043 1912 1127 1975 quae
1179 1895 1213 1959 in
1236 1893 1327 1958 clade
1350 1894 1481 1976 publica
1509 1896 1561 1959 vel
1580 1896 1723 1976 periculo
1749 1916 1877 1961 saccum
1900 1917 2013 1961 omncs
2031 1897 2149 1963 indue·

159 1984 200 2049 ad
230 1983 469 2047 humanitatem
492 1983 623 2046 flectcre
645 1980 802 2046 deberent
823 1980 969 2045 hostium
991 1981 1128 2056 animos,
1181 1980 1268 2055 bant,
1299 1989 1331 2044 ιι
1352 1981 1510 2045 ieiunium
1533 1981 1682 2046 omnibus
1705 2002 1876 2046 commune
1899 1992 1979 2057 erat,
2009 1992 2048 2046 ut
2069 1983 2150 2046 sim·

159 2070 217 2134 sed
259 2090 312 2133 eos
353 2066 549 2150 implacabili
583 2068 720 2131 saevitia
753 2066 794 2130 ad
829 2064 1012 2132 nocendum
1045 2064 1125 2146 rapi.
1178 2066 1307 2147 pliciter
1328 2076 1456 2131 reatum
1478 2087 1574 2131 suum
1597 2067 1734 2131 confessi
1765 2068 1848 2132 iram
1883 2068 1946 2132 Dei
1969 2067 2148 2151 placarent.

159 2156 252 2219 Deus
274 2155 361 2218 enim
385 2151 557 2218 barbaram
578 2154 665 2217 hanc
683 2166 717 2216 et
734 2151 838 2216 feram
855 2148 1126 2234 ingratitudinem
1180 2150 1217 2217 Si
1239 2151 1312 2234 quis
1335 2153 1488 2234 privatim
1509 2151 1723 2236 affligebatur,
1746 2152 1860 2216 iisdem
1883 2152 1990 2218 luctus
2008 2154 2149 2236 insigni·

159 2261 224 2305 non
266 2241 344 2304 sinit
383 2239 529 2303 inultam.
589 2238 705 2302 Altera
745 2238 842 2302 etiam
880 2235 1127 2302 circumstantia
1179 2237 1239 2301 bus
1257 2259 1292 2302 ιι
1308 2237 1347 2301 ad
1365 2236 1517 2319 precandi
1536 2240 1684 2302 ardorem
1703 2239 1901 2303 stimulabat.
1937 2238 2149 2303 Tantundem

160 2327 277 2390 melius
299 2325 493 2407 exprimitur
515 2344 628 2388 eorum
652 2322 837 2400 crudelitas,
860 2322 944 2405 quod
962 2319 1127 2386 mansueti
1179 2343 1257 2405 ergo
1287 2322 1392 2386 valuit
1418 2343 1529 2388 saccus
1550 2326 1585 2387 in
1606 2323 1748 2407 Davido,
1777 2343 1814 2387 ao
1844 2326 1871 2388 si
1900 2345 1993 2388 reum
2016 2345 2049 2390 ιι
2071 2325 2149 2388 sub-

160 2421 193 2475 et
221 2410 339 2493 placidi
363 2411 505 2475 hominis
527 2411 671 2473 animam
694 2408 810 2473 orbare
831 2410 939 2473 eonati
962 2409 1036 2485 sint,
1067 2406 1127 2470 hoc
1179 2409 1328 2472 stitrreret
1357 2408 1500 2473 hostium
1528 2408 1610 2491 loco,
1639 2411 1692 2492 qui
1721 2410 1828 2474 infesti
1859 2410 1998 2475 ruebant
2019 2411 2053 2473 in
2075 2410 2147 2474 eius

159 2507 208 2563 θιι
226 2498 271 2560 ιιι
285 2495 409 2561 nudare
424 2507 457 2559 et
472 2493 661 2573 destituere,
680 2505 717 2558 ιιι
732 2494 957 2576 desperatione
972 2491 1126 2556 obrutum
1179 2493 1368 2576 perniciem.
1390 2494 1506 2570 Porro,
1527 2504 1564 2557 ut
1578 2515 1706 2560 saccum
1725 2496 1917 2560 etcinerem
1936 2516 2148 2560 numeremus

159 2582 342 2666 perderent.
393 2581 513 2645 Postea
541 2580 698 2662 quaedam
728 2600 788 2644 sua
816 2578 924 2643 officia
945 2585 1126 2652 enumerat,
1179 2582 1265 2643 inter
1298 2580 1381 2643 ritus
1415 2579 1545 2662 legales,
1581 2579 1676 2644 hodie
1708 2580 1794 2644 idem
1828 2592 1941 2645 manet
1968 2581 2057 2663 apud
2088 2603 2149 2645 nos

158 2690 242 2751 quae
264 2667 428 2732 sanctiora
449 2666 609 2747 quaedam
631 2665 738 2728 mutui
761 2665 881 2729 amoris
903 2663 1034 2728 vincula
1056 2682 1128 2726 ιιιι
1180 2664 1294 2728 ιιιιιιιιι
1316 2686 1406 2728 usus.
1440 2665 1550 2745 Quare
1573 2667 1602 2729 ιι
1623 2686 1683 2731 nos
1705 2666 1797 2732 Deua
1819 2668 1957 2731 ostensis
1979 2668 2048 2731 irae
2069 2687 2149 2732 suae

160 2753 328 2828 debebant,
351 2753 378 2816 si
400 2751 473 2832 quis
492 2748 578 2831 apud
596 2769 651 2813 θοι
670 2749 795 2831 vigeret
812 2749 983 2831 aequitatis
1001 2768 1127 2812 sensus.
1180 2751 1283 2833 signis
1313 2751 1353 2814 ad
1384 2751 1620 2831 poenitentiam
1650 2753 1780 2826 invitat,
1811 2752 2060 2816 meminerimus
2082 2773 2148 2817 non

159 2839 236 2903 Non
259 2838 337 2903 dicit
359 2847 469 2900 autem
491 2856 526 2900 ιθ
548 2835 694 2917 pecunia,
717 2835 768 2899 vel
792 2835 907 2916 opibus
925 2853 979 2898 θοι
996 2833 1127 2910 iuvisse,
1180 2837 1275 2900 modo
1293 2856 1405 2917 preces
1424 2836 1518 2900 solito
1538 2857 1629 2900 more
1647 2836 1829 2914 fundendas
1850 2859 1929 2914 csse,
1948 2836 2004 2904 sed
2023 2836 2149 2902 adden·

161 2923 212 2987 vel
241 2923 343 2986 fuisse
372 2922 446 2985 aliis
475 2920 581 2984 modis
611 2918 797 2983 liberalem:
828 2921 904 3001 quia
926 2919 996 2983 fieri
1022 2928 1127 2999 potest
1180 2922 1238 2987 dos
1254 2922 1354 2985 etiam
1371 2920 1520 2987 stimulos
1539 2923 1593 3004 qui
1605 2922 1645 2986 ad
1658 2922 1876 2987 humilitatem
1890 2945 1949 2988 nos
1961 2923 2148 2990 sollicitent

160 3019 198 3072 ut
220 3029 320 3072 manu
342 3018 532 3089 exporrecta
553 3006 722 3072 restrictus
739 3006 905 3070 interdum
923 3007 964 3070 sit
982 3005 1126 3069 animus:
1180 3008 1270 3073 Dicit
1285 3006 1417 3071 tandem
1436 3028 1500 3071 non
1518 3027 1611 3072 secus
1629 3028 1708 3091 erga
1725 3029 1781 3074 ιοι
1798 3029 1832 3073 ιθ
1848 3010 1949 3074 fuisse
1969 3022 2148 3087 versatum,

160 3093 217 3160 scd
249 3094 321 3158 veri
354 3104 386 3158 et
420 3092 496 3156 serii
529 3093 649 3157 amoris
682 3092 836 3158 certiores
868 3100 962 3155 notas
995 3091 1126 3172 profert,
1180 3115 1216 3159 ae
1239 3093 1265 3158 si
1288 3093 1425 3174 quisque
1447 3112 1559 3157 eorum
1582 3094 1642 3158 sibi
1666 3094 1781 3158 fuisset
1802 3095 1911 3159 frater.

160 3179 248 3263 quod
278 3199 344 3243 non
372 3199 466 3243 secus
495 3177 672 3242 indoluerit
702 3198 811 3242 eoram
833 3177 915 3251 Deo,
947 3186 980 3240 ιι
1009 3175 1127 3239 anxius
1265 3177 1315 3242 lb.
1344 3179 1417 3260 Ipsi
1445 3180 1610 3243 artemia
1630 3179 1876 3264 claudicatione.)
1919 3180 2042 3245 Corin
2066 3199 2149 3245 vocs

159 3266 259 3330 fuerit
277 3285 388 3329 corum
407 3263 513 3342 malis,
535 3284 634 3346 quam
652 3264 680 3328 si
698 3264 825 3347 lugeret
839 3263 953 3328 matris
969 3272 1128 3326 mortem:
1179 3263 1425 3329 claudicationis
1446 3263 1597 3329 laborent
1617 3265 1812 3347 interpretes
1831 3287 1897 3330 non
1914 3265 2019 3331 video.
2048 3265 2148 3331 Divi·

160 3350 299 3432 denique
322 3371 387 3414 non
410 3350 505 3412 aliter
526 3370 604 3431 erga
628 3370 684 3413 eos
702 3359 801 3431 atquo
818 3368 992 3431 germanos
1011 3348 1128 3411 fratres
1179 3358 1264 3413 nant
1290 3350 1421 3431 quidam
1452 3369 1527 3415 orus
1549 3349 1670 3415 Davidi
1699 3352 1799 3415 fuisse
1821 3350 1993 3415 luxatum:
2023 3350 2080 3415 alii
2104 3374 2148 3416 ex

162 3437 300 3501 affectus
320 3436 426 3501 fuerit.
474 3433 585 3514 Quum
612 3437 684 3498 iure
704 3435 751 3497 ita
771 3435 833 3498 sibi
855 3435 1023 3498 devinctos
1038 3446 1128 3496 tene·
1180 3435 1292 3499 morbo
1321 3435 1518 3500 claudicasse
1547 3437 1721 3501 somniant.
1773 3436 1841 3501 Sed
1873 3438 1900 3499 si
1933 3438 2006 3518 quis
2039 3445 2147 3502 totum

161 3530 224 3602 ret,
258 3520 336 3604 quid
370 3521 431 3586 hae
464 3520 701 3603 ingratitudine
733 3520 872 3595 foedius,
914 3517 998 3602 quod
1031 3519 1129 3582 rebus
1178 3529 1367 3585 contextum
1390 3521 1563 3604 expendat,
1594 3522 1676 3586 nihil
1705 3521 1825 3587 clarius
1846 3537 1896 3588 ιιι
1917 3544 2013 3605 quam
2037 3523 2148 3588 notari

162 3608 233 3673 eius
254 3607 400 3672 adversis
418 3604 482 3670 odii
501 3605 555 3669 sui
572 3625 736 3669 venenum
751 3606 787 3669 in
806 3624 881 3668 eum
900 3602 1127 3667 evomuerint?
1178 3626 1273 3671 casus
1295 3607 1460 3684 adversos,
1483 3627 1521 3671 aa
1538 3608 1566 3672 si
1586 3607 1731 3683 dixisset,
1754 3607 1891 3673 simulac
1909 3609 2074 3674 labascere
2094 3629 2147 3674 me

162 3693 258 3774 Quod
288 3693 328 3757 ad
358 3690 460 3757 verba
482 3700 617 3774 spectat,
648 3691 885 3773 acprotutimtem
905 3690 1128 3771 metaphorice
1179 3690 1341 3767 viderunt,
1372 3703 1404 3756 et
1434 3694 1548 3757 ruinae
1579 3696 1808 3776 propinquum,
1838 3695 1932 3776 quasi
1959 3695 2045 3759 facto
2067 3715 2147 3759 con·

163 3781 285 3861 accipio
307 3798 366 3861 pro
390 3777 505 3861 quovis
527 3775 730 3842 incommodo
754 3776 806 3842 vel
830 3775 972 3840 tristitia.
1017 3773 1128 3856 Signi·
1179 3797 1293 3855 cursu,
1336 3777 1432 3843 simul
1473 3780 1579 3843 conati
1623 3794 1700 3843 sunt
1732 3799 1785 3844 me
1818 3801 1951 3862 prorsus
1984 3792 2145 3846 evertere.

163 3868 237 3928 licat
267 3867 352 3928 onim
377 3861 484 3929 David
514 3863 639 3945 quoties
669 3860 735 3927 illis
763 3861 849 3926 male
879 3871 979 3933 essct,
1006 3860 1128 3924 socium
1179 3863 1269 3945 Ergo
1292 3864 1345 3928 hie
1368 3865 1480 3927 eadem
1502 3865 1571 3927 fere
1593 3864 1784 3947 metaphora
1801 3876 1861 3940 est,
1885 3887 1968 3947 quae
1985 3886 2093 3948 nuper
2111 3869 2146 3931 in

163 3970 197 4012 ιι
228 3949 349 4013 doloris
379 3950 486 4013 luisse.
539 3948 647 4012 Huius
681 3949 728 4011 rei
763 3950 856 4012 testis
885 3948 948 4010 fuit
976 3946 1129 4026 precatio,
1180 3969 1258 4013 voce
1289 3948 1403 4014 morbi.
1447 3949 1527 4013 Fuit
1555 3962 1664 4015 autem
1689 3950 1750 4016 hoc
1772 3951 1872 4015 nimis
1894 3951 2072 4016 truculenti
2096 3954 2147 4017 fu·

163 4056 261 4115 quam
285 4055 319 4097 se
341 4037 375 4097 in
398 4037 506 4099 sinum
530 4034 652 4098 fudisse
675 4045 797 4097 narrat.
831 4033 917 4097 Nam
940 4031 994 4095 hic
1016 4031 1129 4114 genui·
1179 4034 1273 4110 roris,
1296 4055 1394 4115 quum
1417 4054 1514 4116 saepe
1536 4035 1678 4099 hostium
1701 4056 1835 4101 suorum
1857 4037 2035 4102 infortunio
2053 4058 2148 4102 man·

162 4140 224 4183 nus
251 4132 301 4182 θιι
319 4140 445 4195 sensus,
469 4118 553 4201 quod
574 4141 637 4183 non
660 4119 829 4183 ambitiose
849 4128 927 4181 vota
945 4138 1003 4182 aua
1021 4136 1127 4180 eoram
1180 4134 1335 4184 suescant
1363 4119 1520 4191 homiues.
1552 4129 1589 4183 ιιι
1617 4124 1753 4186 miseros
1782 4122 1887 4187 odisse
1917 4122 1972 4186 vel
1994 4124 2148 4207 persequi

163 4203 350 4268 hominibus
372 4205 552 4281 iactaverit,
576 4215 612 4269 ut
635 4204 730 4268 multi
753 4205 847 4286 longe
870 4203 944 4285 plus
963 4211 1129 4266 ostentant
1180 4204 1339 4281 desinant,
1362 4217 1491 4270 veteres
1507 4205 1645 4270 Davidis
1667 4209 1787 4273 amicos
1809 4210 1880 4273 eius
1903 4209 2083 4274 deiectione
2106 4209 2148 4276 ad

163 4309 260 4374 quam
284 4291 318 4353 in
342 4290 450 4354 animo
473 4290 589 4354 lateat:
613 4288 670 4354 scd
692 4292 790 4354 tacite
813 4309 922 4353 secum
941 4303 974 4352 ιι
995 4289 1128 4352 remotis
1179 4290 1362 4355 insultandi
1389 4293 1588 4373 proterviam
1618 4293 1760 4358 accendi.
1812 4293 2009 4377 Quanquam
2034 4302 2149 4360 autem

163 4376 295 4441 arbitris
325 4374 486 4456 precando
515 4384 656 4439 testatus
684 4375 728 4438 sit
756 4395 854 4456 quam
884 4374 1010 4438 sincere
1032 4384 1065 4436 et
1087 4394 1128 4436 ex
1180 4396 1299 4458 paucos
1321 4377 1416 4441 initio
1438 4374 1595 4459 designat,
1627 4398 1705 4442 mox
1734 4390 1845 4444 tamon
1868 4379 2091 4462 promiscuum
2114 4392 2151 4446 et

163 4463 273 4527 auimo
302 4460 435 4525 doleret.
488 4459 584 4524 Sicut
613 4459 701 4523 enirn
728 4481 784 4525 eos
816 4460 954 4524 dicimus
985 4458 1129 4542 gaudere
1179 4461 1322 4544 ignobile
1338 4462 1457 4544 vulgus
1472 4462 1621 4546 adiungit
1635 4465 1804 4547 augendae
1819 4465 2025 4549 indignitatis
2037 4484 2149 4547 eausa,

162 4549 198 4612 in
221 4548 296 4612 sinu
317 4547 372 4629 qui
395 4564 513 4609 arcano
533 4555 565 4608 ct
581 4546 738 4610 interiore
756 4566 853 4610 sensu
872 4546 1016 4610 contenti
1034 4555 1127 4610 sunt:
1181 4568 1246 4611 non
1270 4547 1355 4630 quod
1377 4568 1540 4632 peraeque
1570 4561 1697 4614 accuset
1726 4570 1850 4628 omnes,
1875 4552 1932 4616 sed
1963 4562 2000 4615 ut
2028 4551 2150 4617 melius

162 4634 211 4698 ita
233 4635 329 4698 etiam
359 4631 393 4695 in
417 4631 492 4696 sinu
514 4632 592 4695 flere
620 4640 653 4694 et
677 4632 804 4713 precari
826 4641 902 4712 apte
924 4630 1050 4695 dicetur
1072 4631 1127 4711 qui
1180 4644 1291 4715 pateat
1312 4654 1411 4715 quam
1432 4633 1594 4699 hostiliter
1616 4636 1713 4699 fuerit
1734 4647 1950 4719 oppugnatus.
1984 4636 2151 4703 Credibile

163 4739 240 4784 suas
273 4718 435 4802 lacrymas
469 4726 502 4780 ct
531 4728 607 4780 vota
635 4717 668 4779 in
700 4730 809 4781 aerem
839 4736 906 4780 non
935 4717 1060 4799 spargit
1087 4716 1127 4780 ad
1180 4720 1268 4783 enim
1291 4729 1350 4799 est,
1372 4719 1427 4801 qui
1450 4731 1528 4784 tunc
1550 4741 1659 4785 rerum
1681 4723 1897 4803 potiebantur,
1919 4723 2006 4788 faces
2027 4723 2070 4787 ad
2090 4745 2149 4789 ex-

163 4804 358 4886 captandam
387 4803 557 4867 hominum
589 4803 738 4884 gratiam,
771 4801 828 4866 sed
860 4812 1034 4867 contentus
1064 4823 1128 4866 uno
1180 4803 1348 4869 citandum
1377 4825 1547 4870 commune
1576 4806 1761 4871 incondium
1784 4810 1896 4883 fuisse,
1932 4819 1969 4873 nt
1998 4811 2149 4875 certatim

162 4892 235 4956 Deo
266 4898 356 4967 teste,
387 4889 523 4955 affectus
552 4909 628 4953 suos
650 4887 736 4970 apud
759 4909 793 4952 ιι
815 4888 970 4953 eontinet.
1015 4887 1128 4967 Quan·
1180 4890 1321 4972 populus
1353 4890 1394 4954 ad
1429 4890 1591 4956 Davidem
1626 4893 1827 4977 perdendum
1860 4914 1977 4959 manus
2007 4895 2149 4961 tolleret.

164 4995 262 5057 quam
281 4996 347 5039 non
365 4995 449 5058 nego
467 4975 528 5038 hac
545 4973 700 5057 loquendi
718 4973 825 5037 forma
842 4973 947 5037 notari
964 4974 1129 5055 precantis
1181 4976 1241 5040 Bis
1262 4987 1371 5040 autem
1394 4978 1515 5060 repetit
1535 4978 1637 5043 fuisse
1657 4986 1879 5062 congregatos,
1904 4978 1945 5043 ud
1969 4981 2147 5047 notandam

163 5070 306 5142 gestum:
330 5082 368 5126 ac
390 5063 417 5126 si
436 5061 565 5135 diceret,
584 5059 688 5142 capite
708 5059 855 5135 demisso,
879 5068 912 5123 ιι
929 5060 1129 5141 complicatis
1180 5061 1404 5143 pertinaciam,
1438 5065 1502 5128 nisi
1532 5063 1617 5128 forte
1648 5064 1694 5128 ita
1721 5064 1883 5130 resolvero
1911 5065 2027 5131 libeat:
2061 5068 2149 5133 Gon·

164 5145 303 5210 brachiis
333 5156 371 5209 ut
398 5148 515 5211 moesti
544 5146 659 5223 solent,
695 5165 812 5226 corpus
842 5164 876 5208 se
906 5164 1059 5210 curvassc
1088 5144 1128 5210 ad
1181 5148 1308 5230 gregati
1338 5157 1415 5214 sunt
1444 5170 1511 5213 non
1542 5149 1638 5215 modo
1667 5149 1784 5232 quibus
1811 5150 1929 5235 aliquis
1958 5162 2148 5234 praetextus

163 5230 334 5296 orandum.
364 5232 431 5295 Sed
463 5231 638 5296 tenendum
663 5231 837 5313 praecipue
859 5229 928 5296 eius
954 5230 1128 5296 consilium
1181 5244 1261 5311 erat,
1287 5232 1342 5299 ssd
1365 5254 1471 5318 usque
1494 5235 1536 5300 ad
1559 5236 1863 5319 contemptissimae.
1907 5250 1996 5322 0³22
2020 5241 2148 5324 proprie
