4658 5856
199 339 264 403 619
998 330 1217 399 PSALMus
1239 334 1404 402 LXVIII.
2145 349 2211 416 620

199 530 291 595 Deus
321 527 441 611 populo
470 547 529 591 suo
557 523 712 608 quidquid
734 544 815 605 opus
837 533 896 601 est,
925 544 967 587 ex
989 521 1050 586 hac
1073 523 1171 586 bene·
1197 530 1201 569 ¹
1225 524 1326 600 tandi,
1350 526 1522 608 Exsurget
1544 528 1656 593 Deus:
1684 551 1754 594 non
1777 533 1858 597 satis
1879 532 1965 596 mihi
1989 533 2142 602 videntur
2165 540 2206 603 ad

200 616 339 693 ficentia,
362 612 457 695 quasi
478 634 519 678 ex
537 612 637 688 fonte,
659 611 820 675 oriturum
839 610 1003 690 praedicat
1023 609 1172 672 timorem
1224 610 1295 675 eius
1317 612 1488 676 consilium
1512 614 1695 679 attendere.
1739 615 1833 683 Haec
1862 620 1954 682 enim
1986 641 2117 687 summa
2146 637 2206 702 est,

200 701 283 767 Dei:
311 700 387 782 quia
414 697 539 764 scilicet
567 717 679 763 omnes
709 694 822 761 mundi
849 696 932 759 fines
955 715 993 758 eo
1016 694 1172 760 libentius
1224 697 1439 778 Experisntia
1474 719 1590 763 verum
1629 703 1783 784 cognosci
1824 704 1911 785 qued
1952 706 2054 770 semel
2094 708 2205 776 docuit

200 808 235 852 se
268 787 337 851 eius
370 785 504 868 imperio
537 782 703 859 addicent,
740 781 796 846 ubi
830 781 1033 863 experientia
1066 778 1171 843 edocti
1224 781 1350 847 Moses:
1372 804 1492 865 nempe
1509 782 1628 862 Deum,
1646 787 1787 853 simulne
1803 791 1998 868 surrexerit,
2019 793 2204 873 praeditum

200 873 322 938 fuerint
343 880 411 937 tam
435 870 613 953 benignum
634 888 704 934 esse
726 888 805 951 erga
827 888 902 933 suos
925 875 1060 950 patrem.
1224 887 1296 932 esse
1328 871 1407 933 satis
1441 868 1549 934 valida
1582 874 1730 952 potentia
1770 874 1812 938 ad
1853 876 2050 942 sternendos
2090 900 2205 947 omnes

1224 950 1343 1030 hostes,
1366 976 1404 1019 ac
1425 955 1660 1038 profligandos.
1692 957 1888 1040 Quanquam
1912 961 2067 1027 hortandi
2088 966 2205 1033 modus

1225 1038 1308 1103 milri
1331 1059 1395 1104 non
1420 1041 1500 1105 adeo
1523 1042 1680 1123 displicet,
1701 1044 1801 1108 modo
1820 1047 1966 1112 resolvas
1990 1058 2026 1112 ut
2049 1049 2135 1126 dixi,
2167 1075 2204 1118 ac

1225 1124 1253 1188 si
1276 1125 1420 1202 dixisset,
1444 1126 1520 1190 Nun
1543 1149 1623 1208 opus
1642 1150 1713 1194 esse
1735 1150 1856 1212 magno
1878 1147 2040 1215 apparatu
2059 1150 2096 1198 ut
2111 1138 2206 1203 Deus

488 1243 694 1315 pspfflffls
717 1184 887 1312 beffi
959 1209 962 1215 ’
1226 1209 1338 1276 hostes
1367 1233 1444 1312 suos
1474 1212 1604 1293 perdat:
1641 1217 1716 1314 quia
1745 1216 1781 1279 in
1807 1217 1878 1281 eius
1907 1218 2043 1316 arbitrio
2071 1234 2130 1299 est,
2160 1225 2201 1287 si-

1225 1297 1334 1361 mulne
1356 1297 1495 1380 drgrtum
1519 1299 1697 1373 sustulerit,
1721 1322 1835 1366 omues
1857 1302 2029 1384 dissipare.
2067 1305 2204 1373 Interea

201 1420 285 1475 530·
305 1417 431 1485 Qum,
454 1416 552 1469 Doridi
579 1414 749 1485 propositum
773 1415 810 1467 ,ἢ
832 1416 860 1466 j„
884 1414 935 1467 hoc
959 1416 1079 1481 pfflmo,
1107 1432 1173 1484 qnae
1225 1383 1324 1446 tacite
1346 1385 1543 1460 subindicat,
1573 1384 1646 1449 fieri
1668 1386 1732 1451 Dei
1755 1387 1943 1487 tolerantia,
1975 1399 2012 1454 ut
2034 1390 2202 1457 interdum

304 1488 355 1542 uei
372 1485 462 1555 grstia
479 1484 594 1554 adeptus
612 1492 673 1538 eret
689 1483 862 1539 cohortibus
879 1485 1007 1537 vicennes
1025 1485 1174 1552 celebrere,
1225 1469 1437 1549 praevaleant
1459 1467 1586 1534 hostes:
1609 1481 1641 1535 et
1659 1483 1871 1554 quantumvis
1887 1474 2094 1555 insolescant,
2118 1479 2202 1544 nihil

305 1558 384 1610 initio
402 1562 493 1608 umen
505 1555 654 1623 potentiam
667 1554 858 1607 seueritatem
872 1553 921 1605 uei
938 1553 966 1606 in
985 1570 1084 1621 genere
1102 1570 1175 1607 com·
1226 1574 1320 1634 posse
1342 1555 1406 1619 nisi
1429 1554 1500 1618 eius
1523 1558 1699 1637 permissu:
1728 1560 1804 1639 quia
1827 1560 1973 1624 nondum
1996 1568 2047 1625 est
2069 1576 2202 1646 tempus

304 1625 444 1749 ffidldlm'
461 1621 1068 1760 tldlrleellbbne.e¹ullosllldffidlreblld³gdbtngss
1089 1630 1174 1745 Q}
1226 1639 1392 1721 surgendi.
1448 1640 1522 1704 Hoc
1555 1663 1683 1723 quoque
1716 1644 1930 1709 suavissimae
1967 1647 2202 1715 consolationis

304 1763 399 1885 Bopup
437 1761 572 1813 0⁸00,qu
598 1759 642 1814 eni
659 1761 742 1813 „qm
766 1759 891 1826 emungit
915 1776 1022 1812 „mm
1043 1767 1174 1830 paternae
1226 1725 1360 1807 plenum
1383 1737 1441 1800 est,
1466 1727 1654 1793 vocariDei
1675 1728 1777 1795 lecstes
1798 1731 1983 1813 quicunque
2005 1735 2199 1799 eiusEeele·

330 1833 355 1885 ei
378 1830 587 1898 beneficentiae,
613 1846 694 1899 quam
713 1844 828 1896 ¹srtnrper
852 1844 917 1896 erga
939 1845 1024 1896 gener
1048 1829 1175 1883 Abrahae
1227 1812 1309 1875 siam
1333 1810 1506 1877 infestant:
1547 1817 1624 1893 quia
1646 1834 1745 1895 quum
1770 1836 1830 1880 uos
1850 1818 2029 1899 susceperit
2051 1823 2200 1898 tuendos,

305 1915 432 1954 exserere
457 1899 583 1967 dicretae
607 1904 657 1952 est.
693 1897 813 1951 Tandem
837 1906 1027 1966 argumentum
1051 1899 1123 1966 quod
1141 1916 1175 1952 ex
1226 1918 1292 1960 non
1314 1917 1406 1960 secus
1428 1896 1572 1961 afficitur
1596 1900 1715 1965 nostris
1737 1900 1869 1966 iniuriis
1898 1923 1935 1967 ac
1963 1903 1991 1966 si
2021 1892 2201 1970 violaretur

305 1970 428 2051 Pl⁰f⁰⁸⁸⁰
445 1968 573 2048 ⁸⁰⁸⁰⁰Pil¹
592 1968 700 2088 ⁰9fl⁰⁸⁰
718 1965 899 2047 prosequitur,
918 1971 946 2020 ‘³‘
958 1967 1107 2047 splendidis
1121 1969 1175 2021 elo·
1227 2003 1288 2046 sua
1310 1983 1411 2064 ipsius
1434 1983 1614 2048 maiestas·
1635 1986 1755 2050 Pulcra
1777 1988 1875 2050 etiam
1898 1987 2113 2054 similitudine
2133 2012 2200 2056 me·

306 2055 358 2108 gns
381 2037 583 2089 memorabilem
605 2037 679 2088 rlam
696 2034 747 2088 Der
769 2038 897 2088 virtutem
922 2036 1070 2104 praedicat,
1095 2053 1176 2105 quam

307 2110 366 2177 ipse
385 2105 513 2174 privatim
530 2105 620 2158 tuerat
637 2112 776 2173 expertus,
795 2108 823 2156 et
836 2119 905 2171 quae
918 2104 1062 2157 simultati
1075 2106 1176 2173 populo
1226 2068 1290 2132 lius
1319 2069 1477 2167 ⁰¹Pfi⁰lit
1499 2090 1597 2150 ‘luam
1632 2071 1727 2134 f⁸⁰ll⁰
1759 2071 1831 2135 ⁰⁰⁰
1864 2092 1913 2173 ³⁰,
1934 2085 2123 2157 Pr⁰mPI¹¹m
2157 2079 2200 2141 fllt

307 2177 397 2229 tuerat
414 2176 565 2242 conspicue.
601 2173 681 2226 Unde
698 2173 811 2240 colligit,
833 2187 864 2224 se
881 2189 946 2241 rege
963 2180 1056 2227 erecto
1075 2181 1176 2226 etatum
1200 2164 1203 2201 ¹
1226 2174 1339 2218 omnes
1362 2154 1504 2218 hostium
1526 2167 1711 2220 nostrorum
1729 2165 1865 2223 mustus
1883 2158 2058 2224 discutere:
2082 2182 2200 2245 nempe

307 2244 435 2298 eeclesiae
456 2243 539 2296 luisse
557 2242 610 2296 rite
628 2243 821 2310 compositum:
846 2247 877 2293 ut
894 2241 967 2296 Deus
988 2243 1066 2310 quasi
1085 2248 1176 2296 erecte
1226 2241 1306 2305 sicul
1322 2238 1432 2319 fumus
1449 2260 1524 2305 veno
1542 2241 1707 2306 clltcttssus
1724 2245 1886 2324 evanescit,
1906 2245 1956 2309 vel
1975 2245 2200 2328 vetuliquestll

307 2313 389 2375 solio,
417 2318 481 2365 tuuc
507 2312 596 2364 denuc
626 2326 739 2379 regnare
766 2310 913 2378 inciperet,
943 2310 989 2380 qui
1016 2318 1081 2364 ante
1102 2312 1177 2392 visus
1227 2345 1333 2390 coram
1354 2326 1433 2408 ique·
1479 2326 1539 2389 Est
1570 2338 1679 2391 autem
1709 2328 1771 2392 hoo
1799 2328 1869 2393 fere
1897 2330 2104 2411 incredibile,
2133 2344 2198 2397 mm

307 2379 1177 2518 ffitffiffiffflgffiffqumvffissfldtgbffluffit,332³
1228 2413 1314 2475 firmi
1338 2411 1462 2475 roboris
1487 2411 1723 2494 dssipationem
1748 2415 1814 2479 lore
1834 2429 2118 2482 momentaneam:
2140 2418 2197 2483 sad

307 2519 371 2580 ruit,
389 2519 440 2570 sub
458 2519 510 2572 hoc
526 2524 593 2587 typo
611 2518 739 2571 delineet.
1229 2497 1363 2579 spiritus
1387 2496 1449 2595 hoc
1472 2497 1567 2646 mOdl
1589 2500 1726 2597 nimiam
1744 2502 1852 2648 carpis
1882 2511 2013 2567 nostrae
2042 2503 2200 2567 timidita-

292 2677 321 2737 1.
344 2672 519 2754 Praefecto,
540 2670 680 2736 Desidia
697 2669 848 2735 Peelmue
864 2671 1027 2736 cauticum.
1061 2670 1091 2736 2.
1111 2670 1178 2735 Ecc-
1228 2594 1653 2751 beoltillddrlldsrtlisvoqlldm
1668 2591 2202 2752 aplutlalmulswlildrlitllllllne1⁸1l1,bes⁸dll

205 2765 309 2845 supe
331 2759 430 2838 Deua,
452 2759 667 2839 depreeatur
688 2756 813 2821 inimici
834 2757 911 2836 eius,
936 2762 963 2820 et
983 2757 1102 2839 supleat
1123 2758 1179 2838 qui
1230 2753 1323 2837 quasi
1344 2754 1433 2818 fumo
1457 2753 1603 2819 hebetari
1626 2769 1755 2822 nostros
1778 2757 1905 2823 oculos:
1929 2758 1996 2823 salli
2018 2760 2117 2824 etiam
2143 2781 2202 2826 nos

206 2847 337 2912 oderunt
358 2865 428 2908 euru
450 2844 573 2923 aferic
594 2843 671 2908 eiua.
703 2842 734 2907 3.
754 2841 843 2907 Sicut
855 2841 1043 2924 propellitur
1059 2845 1177 2925 fumus,
1229 2842 1263 2905 in
1281 2840 1353 2921 ipsa
1375 2838 1511 2916 duritie,
1546 2841 1711 2923 quianon
1734 2845 2014 2925 reputamussolo
2037 2844 2100 2910 Dei
2124 2866 2201 2911 ocu·

201 2930 374 3014 propellcs:
402 2930 482 2995 sicut
508 2929 651 3009 liquescit
676 2949 745 2992 cere
768 2949 788 2993 u
809 2929 891 3010 faeie
911 2928 1006 3011 iyuis,
1030 2930 1180 3011 peribunt
1231 2935 1344 3009 spectu
1365 2925 1525 3007 liquefieri
1549 2938 1674 2993 montes
1694 2930 1792 3010 ipsos.

205 3019 299 3099 urspii
320 3037 342 3080 c
361 3016 444 3097 facie
462 3014 534 3081 Dei.
567 3014 598 3079 4.
618 3014 703 3079 Iusti
723 3018 827 3078 cuum
847 3014 1057 3097 letabuntur,
1079 3016 1180 3080 eund
1316 3013 1346 3075 4.
1368 3010 1469 3096 (Iusti
1491 3032 1581 3076 auem
1602 3013 1824 3099 mechantur.)
1869 3015 1934 3081 Hic
1966 3015 2109 3099 explicat
2132 3016 2203 3082 Da·

205 3103 313 3169 utcu
333 3122 355 3165 a
374 3102 457 3183 facie
477 3099 551 3179 Dei,
569 3104 596 3165 et
616 3101 747 3182 pectunt
758 3120 839 3181 prce
855 3100 985 3164 laetitio.
1018 3101 1049 3164 5.
1070 3098 1179 3166 Gaude
1233 3096 1297 3173 vid,
1319 3098 1492 3179 praecipue
1514 3099 1547 3161 in
1570 3100 1709 3165 salutem
1728 3100 1882 3167 ecelesiae
1899 3121 1988 3181 suae,
2012 3103 2120 3166 Deum
2140 3103 2205 3166 for·

206 3190 291 3265 Dee,
326 3187 456 3267 psallite
486 3186 607 3251 cumini
638 3187 723 3265 eius,
763 3186 894 3251 exaltus
927 3187 1114 3268 equitantem
1145 3188 1181 3251 iu
1233 3182 1419 3249 midabilem
1442 3205 1513 3249 esse
1534 3185 1654 3265 impiis.
1699 3186 1744 3250 Et
1773 3183 1904 3251 videtur
1932 3187 2091 3253 laetitiam
2119 3187 2206 3252 hanc

206 3274 340 3340 trabibus
361 3275 396 3336 iu
412 3271 511 3357 Iure)
532 3272 655 3335 uemiue
677 3273 754 3348 cius,
776 3272 967 3337 &exsultate
983 3292 1087 3337 wem
1100 3272 1181 3352 facie
1232 3271 1361 3351 oblique
1384 3289 1548 3351 opponere
1571 3272 1720 3351 moerori,
1744 3291 1807 3352 quo
1830 3271 1887 3336 diu
1909 3274 1969 3337 sub
1988 3273 2091 3339 Saule
2109 3294 2204 3339 occu·

206 3362 284 3425 eius.
318 3360 347 3423 6.
363 3358 461 3423 Pater
476 3357 683 3439 membrum,
700 3359 876 3438 despuitur
891 3358 1068 3435 uiduarum,
1090 3357 1182 3423 Deus
1233 3357 1300 3437 pati
1320 3357 1567 3419 fuerantanimi
1588 3358 1731 3438 piorum:
1753 3358 1835 3422 acsi
1855 3358 2000 3435 dixisset,
2024 3359 2206 3440 Postquam

207 3448 243 3511 iu
283 3444 457 3509 habitaculo
493 3444 670 3508 sanctitutis
710 3463 796 3508 auae.
851 3443 880 3506 7.
915 3443 1005 3506 Deus
1041 3443 1182 3508 babitare
1234 3441 1420 3505 humiliavit
1453 3461 1529 3506 suos
1559 3442 1600 3505 ad
1630 3455 1759 3525 tempus
1788 3442 1898 3521 Deus,
1933 3446 2051 3509 afferre
2081 3466 2205 3509 novam

205 3532 326 3614 faciem
346 3530 508 3595 solitarios
529 3530 564 3592 iu
584 3529 723 3610 famula,
745 3530 874 3592 educeris
894 3528 1012 3594 vinctos
1032 3529 1182 3611 compedi-
1206 3534 1210 3641 ι
1233 3527 1343 3609 gaudii
1361 3528 1484 3601 lucem,
1507 3547 1546 3590 ne
1568 3548 1696 3610 semper
1718 3528 1778 3592 sub
1800 3530 1935 3595 tristitia
1958 3529 2098 3595 demersi
2120 3533 2205 3594 iace·

207 3618 279 3682 bus:
301 3620 334 3679 ct
355 3615 481 3680 rebelles
502 3614 684 3679 ructabunt
705 3615 739 3676 iu
761 3617 846 3677 terra
868 3614 972 3678 arida·
1206 3646 1210 3715 l
1233 3623 1299 3676 ant.
1352 3612 1484 3676 interea
1513 3612 1619 3690 docet,
1648 3624 1728 3677 tunc
1760 3635 1835 3678 vere
1865 3614 1996 3680 demum
2025 3616 2206 3680 exhilarari

1206 3727 1209 3799 Ι
1235 3698 1314 3778 pios,
1338 3697 1415 3760 dum
1433 3696 1494 3760 sibi
1513 3698 1688 3779 propitium
1707 3720 1778 3763 csse
1798 3701 1905 3765 Deum
1923 3712 2073 3781 cernunt,
2095 3723 2207 3766 suam-

296 3787 325 3853 2.
349 3784 524 3871 (Ecsuryet
552 3783 665 3867 Deus.)
717 3783 790 3849 Hoc
820 3784 925 3865 primo
962 3805 1060 3849 versu
1089 3787 1183 3866 quasi
1234 3803 1297 3864 que
1319 3783 1347 3846 ei
1372 3783 1510 3846 salutem
1529 3803 1637 3846 caram
1656 3803 1736 3848 esse.
1774 3785 1969 3869 Quanquam
1987 3797 2097 3852 autem
2117 3800 2206 3870 tm

208 3877 377 3958 praefatur
402 3870 509 3936 David
533 3870 712 3952 dequibus
734 3870 834 3934 rebus
856 3870 1016 3934 disserere
1044 3870 1126 3933 velit
1147 3872 1181 3935 in
1234 3882 1267 3932 et
1295 3844 1379 3951 222¹)
1408 3867 1568 3932 Hebraeis
1597 3867 1682 3932 idem
1712 3890 1808 3952 saepe
1840 3874 1966 3938 valent:
2011 3872 2064 3939 hic
2094 3888 2205 3938 tamen

210 3960 272 4026 hoc
294 3958 436 4023 Psalmo.
480 3956 573 4020 Haec
594 3975 723 4020 summa
745 3966 810 4019 est:
842 3953 1003 4034 Quamvis
1027 3953 1119 4020 Deus
1140 3955 1182 4020 ad
1235 3954 1384 4019 consulto
1407 3951 1564 4035 distingui
1587 3972 1607 4015 a
1630 3954 1789 4035 propheta
1811 3960 1980 4024 existimo:
2013 3959 2091 4041 quia
2120 3960 2206 4043 fugi·

210 4060 341 4127 tempus
363 4044 515 4124 quiescat,
538 4041 647 4121 impiis
669 4051 819 4121 proterve
837 4052 871 4103 et
889 4041 1062 4105 crudeliter
1080 4042 1181 4107 eccle·
1235 4050 1296 4103 unt
1319 4040 1410 4120 impii
1433 4060 1452 4102 a
1473 4037 1555 4103 facie
1577 4036 1659 4115 Dei,
1681 4061 1776 4122 quam
1799 4043 1991 4111 exhorrent:
2026 4047 2104 4110 iusti
2129 4067 2206 4110 vero

212 4132 296 4195 siam
326 4126 566 4212 affligentibus,
603 4125 737 4190 tandem
772 4146 907 4207 surgere
932 4126 1115 4191 vindicem:
1148 4135 1181 4193 ct
1233 4124 1275 4189 ad
1297 4125 1432 4189 eandem
1454 4125 1571 4187 t'aciem
1593 4125 1767 4219 exsultant,
1790 4130 1865 4210 quia
1887 4130 1968 4195 nihil
1990 4130 2057 4195 illis
2079 4130 2207 4213 optabi·

211 4217 293 4282 satis
316 4236 385 4279 esse
408 4211 561 4297 praesidii
579 4209 729 4275 fidelibus
750 4212 783 4274 in
807 4212 877 4275 eius
900 4211 1023 4275 auxilio
1046 4212 1183 4279 simulac
1235 4211 1298 4276 Iius
1331 4230 1428 4292 quam
1460 4208 1582 4272 sentire
1616 4212 1836 4294 propinquum
1877 4214 1940 4281 sibi
1981 4236 2052 4281 esse
2085 4218 2206 4281 Deum.

211 4321 346 4367 manum
368 4320 460 4364 suam
484 4306 599 4364 contra
620 4298 739 4378 impios
761 4297 894 4360 exserit.
934 4296 1030 4375 Quod
1051 4310 1182 4363 sentcn-
1235 4295 1387 4360 Vidimus
1409 4305 1519 4359 autem
1543 4293 1675 4360 Psalmo
1699 4298 1757 4381 18,
1787 4299 1830 4364 26
1858 4313 1894 4365 ut
1915 4301 1979 4366 Dei
2009 4313 2207 4384 conspectus

211 4390 292 4453 dam
315 4388 401 4450 hanc
431 4407 473 4448 ex
501 4384 595 4448 Mose
616 4381 714 4447 Num.
740 4381 789 4458 10,
819 4380 861 4446 35
890 4395 1054 4463 sumptam
1082 4383 1183 4449 fuisse
1235 4381 1317 4446 alios
1350 4379 1595 4462 expavefaciat‚
1630 4382 1710 4448 alios
1743 4406 1820 4450 vero
1850 4388 1995 4451 suaviter
2026 4388 2208 4453 exhilaret:

213 4482 330 4559 putant
359 4471 572 4554 interpretes,
604 4468 745 4531 libenter
774 4465 951 4531 subscribo.
997 4466 1065 4532 Nec
1094 4471 1182 4534 enim
1236 4468 1312 4548 quia
1334 4468 1430 4533 sicuti
1453 4478 1644 4531 mansuetus
1666 4480 1716 4532 est
1733 4491 1810 4550 erga
1832 4485 2037 4549 mansuetos,
2060 4474 2108 4538 ita
2130 4495 2207 4541 cum

213 4560 297 4625 mihi
319 4557 452 4623 dubium
476 4568 525 4621 est
543 4555 619 4637 quin
634 4554 742 4617 Moses
759 4552 897 4616 saeculis
915 4552 1066 4617 omnibus
1085 4555 1182 4619 dicta-
1236 4553 1425 4634 praefractis
1447 4551 1626 4633 praefracte
1649 4554 1726 4637 agit.
1760 4556 1909 4621 Plurium
1933 4560 2110 4624 verborum
2129 4579 2209 4625 eon·

214 4646 300 4710 verit
318 4642 471 4726 precandi
489 4643 645 4706 formam:
664 4653 699 4702 nt
717 4637 793 4701 freti
811 4657 888 4701 arca
905 4637 1043 4702 foederis
1060 4638 1183 4720 fideles,
1207 4674 1211 4693 ι
1235 4639 1325 4720 gerie
1343 4635 1499 4720 exprimit
1517 4639 1676 4721 propheta
1697 4660 1762 4704 nou
1782 4642 1977 4708 mediocrem
1996 4647 2064 4710 lore
2079 4648 2211 4729 piorum

214 4746 372 4813 tanquam
396 4728 515 4794 visibili
539 4726 742 4808 praesentiae
765 4723 828 4787 Dei
857 4722 1021 4804 symbolo,
1051 4745 1086 4788 se
1114 4724 1184 4789 fore
1236 4723 1403 4800 laetitiam,
1427 4721 1482 4785 sed
1506 4743 1588 4803 quae
1610 4744 1724 4790 omnes
1745 4748 1856 4792 eorum
1877 4730 2017 4797 affectus
2038 4732 2073 4796 in
2096 4752 2133 4798 se
2155 4754 2209 4796 ra·

215 4816 323 4881 salvos
346 4814 556 4881 confiderent.
601 4811 672 4876 Hoc
702 4818 830 4873 tantum
861 4807 1037 4873 discrimen
1066 4820 1184 4875 notan-
1236 4812 1303 4890 piat
1325 4819 1357 4872 et
1378 4818 1521 4888 occupet.

216 4903 293 4968 dum
316 4911 375 4977 cst,
399 4899 484 4981 quod
506 4899 617 4964 Moses
629 4898 738 4960 Deum
759 4894 865 4976 ipsum
890 4893 1089 4977 compellans
1110 4917 1184 4978 pre·
1322 4893 1352 4958 5.
1376 4892 1500 4970 (Gauite
1521 4894 1611 4974 Dec.)
1655 4896 1726 4962 Iam
1750 4899 1877 4964 hertam
1898 4902 2013 4984 incipit
2036 4903 2150 4971 fideles
2168 4905 2208 4970 ad

215 4999 323 5052 catur:
359 4984 470 5050 David
499 4996 608 5050 autem
636 5005 672 5046 re
703 4982 772 5061 ipsa
801 4978 862 5043 hoc
892 4978 1035 5059 quotidie
1057 4981 1185 5062 impleri
1238 4978 1435 5044 laudandum
1456 4979 1580 5044 Deum:
1602 4986 1772 5049 materiam
1792 4995 1901 5050 tamen
1922 4988 2015 5052 initio
2033 4990 2068 5052 in
2088 5012 2209 5074 genere

214 5074 375 5157 gloriatur
396 5084 430 5135 et
451 5072 548 5136 canit.
592 5068 678 5133 Nam
701 5066 756 5148 qui
780 5074 913 5129 vertunt
934 5067 968 5126 in
991 5065 1088 5130 medo
1111 5066 1186 5130 hor·
1237 5065 1398 5162 proponit,
1421 5065 1516 5129 sicuti
1540 5087 1646 5148 nuper
1668 5072 1780 5153 attigi,
1811 5071 1896 5152 quod
1918 5095 1976 5139 suo
2007 5075 2147 5158 imperio
2176 5090 2209 5141 et

218 5201 418 5214 —-.-
1238 5158 1359 5215 virtute
1376 5151 1541 5215 contineat
1559 5162 1663 5217 totum
1681 5156 1808 5221 orbem:
1832 5156 1948 5223 deinde
1967 5161 2052 5242 quod
2072 5164 2209 5229 miseros

305 5259 334 5327 *)
351 5277 385 5332 en
402 5260 466 5326 Jah,
484 5274 520 5313 eu
537 5273 642 5325 marae:
660 5272 695 5311 ou
714 5256 759 5324 qui
778 5257 829 5318 est,
846 5266 882 5305 ou
898 5248 1038 5304 l’ltternet
1119 5278 1125 5287 -
1239 5254 1382 5318 quosque
1403 5250 1436 5303 et
1457 5238 1716 5321 contemptibiles
1738 5243 1848 5309 lovere
1870 5266 1929 5311 sua
1951 5264 2081 5316 caract
2099 5260 2210 5333 patre·
