4658 5856
159 315 221 382 755
287 322 293 333 '
964 311 1180 381 PSALMUS
1204 312 1350 378 LXXX.
2097 313 2159 377 ’156

159 515 209 570 est
242 505 345 569 vitam
380 502 515 568 reddere
550 504 695 570 mortuis.
751 503 821 568 Iam
856 503 953 569 sicuti
987 503 1132 567 fatentur
1184 502 1256 584 scii,
1295 523 1360 566 non
1401 501 1520 567 mirum
1554 508 1605 566 eet
1635 502 1663 564 si
1697 499 1799 564 nihilo
1830 501 1927 564 etiam
1962 500 2079 565 melior
2112 514 2161 567 est

159 591 317 655 malorum
353 591 498 654 amnium
529 588 614 654 hanc
642 611 712 657 csse
741 610 889 669 causam,
923 589 1008 672 quod
1040 588 1132 653 Deus
1185 602 1296 652 nostra
1326 586 1479 653 conditio.
1525 586 1592 652 Sed
1617 606 1716 670 quum
1738 587 1875 651 formam
1898 585 1984 651 hano
2008 587 2158 670 precandi

160 676 301 740 offensus
324 676 438 740 faciem
460 675 680 740 absconderit:
704 677 750 740 ita
773 697 903 740 rursum
927 674 1056 758 plenam
1080 695 1133 738 sa·
1184 673 1252 738 fere
1271 672 1451 757 desperatis
1468 673 1602 756 spiritus
1620 683 1751 737 sanctus
1770 672 1951 752 dictaverit,
1974 694 2049 755 spes
2070 674 2160 739 nobis

160 762 260 825 lutem
287 764 327 825 ab
357 765 455 828 unico
480 763 541 825 Dei
570 762 680 826 lavore
708 771 909 845 exspectant.
957 761 1047 824 Hace
1069 758 1132 845 (in·
1156 734 1160 843 i
1186 768 1218 822 et
1252 757 1385 824 libertas
1417 760 1607 844 suggeritur
1639 781 1681 823 ne
1716 759 1755 823 ab
1789 759 1996 823 invocatione
2028 770 2161 841 peccata

160 846 290 933 quiunt)
323 869 401 912 vera
432 850 492 911 erit
517 846 610 911 nobis
632 850 836 926 resurreetio,
866 845 1012 913 simodo
1036 846 1133 911 facies
1186 856 1297 909 nostru
1328 867 1384 910 nos
1417 846 1620 928 prohibeant.
1670 844 1738 908 Nec
1768 844 1901 909 dubium
1933 855 1984 908 est
2012 846 2090 926 quin
2120 845 2162 910 ad

161 948 217 997 tua
249 935 341 998 nobie
372 934 511 998 illuceat.
557 936 605 997 Ao
628 936 656 998 si
679 934 834 1010 dicerent,
868 955 902 999 se
932 933 1072 1015 propitio
1102 941 1135 996 ot
1184 930 1406 1012 superandum
1425 931 1631 997 obstaculum
1649 931 1766 994 iterum
1783 942 1951 1012 repetatur
1965 931 2052 1012 qnod
2070 931 2161 1014 prius

159 1020 290 1084 favento
324 1019 395 1084 Deo
429 1024 539 1084 beatos
572 1020 653 1100 lare,
693 1020 818 1102 sibique
851 1020 963 1084 omnia
996 1018 1134 1084 feliciter
1184 1016 1306 1081 dictum
1326 1027 1406 1097 erat,
1429 1018 1635 1102 nequeenim
1655 1016 1786 1080 inanem
1806 1016 2014 1098 battologiam
2036 1016 2161 1082 dictare

160 1125 301 1170 cessura.
1184 1103 1253 1166 suis
1284 1104 1388 1167 voluit
1417 1103 1521 1187 Deus,
1554 1102 1611 1167 sed
1647 1110 1684 1165 ut
1714 1103 1808 1166 malis
1835 1103 1972 1184 gravati,
2006 1103 2162 1169 audacter

1185 1188 1400 1252 nihilominus
1430 1195 1649 1272 assurgerent,
1683 1188 1763 1251 haec
1792 1187 1913 1252 fultura
1936 1189 2068 1271 saepius
2097 1190 2162 1254 illis

246 1277 276 1341 5.
299 1276 413 1341 ledaea
434 1276 523 1341 Deus
545 1277 734 1341 exercituum
756 1297 916 1358 quousque
936 1276 1077 1359 sumatis
1099 1278 1134 1341 iu
1185 1273 1295 1339 oblata
1312 1275 1386 1354 fuit,
1404 1276 1499 1341 sicuti
1518 1275 1614 1340 tertio
1632 1275 1792 1357 repetitur
1811 1276 1843 1338 in
1863 1273 1987 1339 Psalmi
2005 1276 2161 1341 clausula.

160 1363 295 1428 aratione
306 1361 422 1443 pepuli
438 1361 512 1426 tui?
548 1362 577 1426 6.
601 1359 721 1426 Cidasti
738 1383 794 1427 uas
805 1383 892 1443 pana
909 1363 1133 1446 lacrymarum,

161 1455 190 1514 at
211 1449 396 1529 praedicasti
425 1449 461 1512 in
491 1447 641 1528 lacrymis
670 1449 800 1530 capiam.
846 1449 875 1512 l.
909 1448 1050 1513 Posuisti
1078 1468 1134 1513 uas
1271 1447 1300 1511 9.
1332 1447 1431 1513 Vitem
1452 1468 1491 1512 ex
1512 1448 1655 1528 Aegypta
1678 1445 1879 1523 transtulisti,
1909 1445 2064 1527 expulisti
2090 1469 2162 1530 peu·

160 1535 265 1598 riuum
297 1533 412 1598 aiaims
443 1534 567 1611 eastris,
601 1538 629 1596 et
660 1534 783 1599 iairniai
815 1535 915 1598 uestri
941 1534 1134 1599 subsannant
1184 1537 1244 1610 tes,
1278 1537 1306 1597 et
1333 1534 1491 1613 plantasti
1523 1553 1602 1597 eam.
1661 1532 1710 1597 10.
1746 1531 1948 1613 Eapurpesti
1980 1553 2086 1597 aarum
2118 1555 2162 1613 ea,

160 1620 247 1701 apud
280 1640 322 1685 sa.
372 1619 401 1683 8.
431 1618 521 1684 Deus
549 1620 737 1683 exarcituum
763 1625 900 1685 converte
928 1640 993 1696 nas,
1027 1625 1055 1685 et
1080 1620 1134 1702 faa
1184 1618 1337 1684 radicasti
1359 1621 1482 1685 radices
1504 1620 1581 1701 aius,
1604 1617 1792 1697 adimplevit
1813 1621 1941 1683 terrum.
1977 1617 2028 1682 11.
2058 1618 2163 1701 Operti

159 1705 262 1771 luaere
280 1707 393 1787 faeiem
415 1709 510 1786 tuam,
533 1710 559 1769 et
583 1704 665 1769 selei
687 1707 814 1770 erimus.
1184 1709 1256 1769 sunt
1284 1711 1398 1770 armates
1428 1704 1540 1770 umbra
1562 1705 1640 1781 aius,
1670 1709 1697 1769 et
1720 1703 1868 1783 palmites
1890 1705 1958 1769 cius
1978 1706 2066 1770 aedri
2088 1705 2161 1771 Dei.

1186 1789 1379 1856 radiauit
1407 1790 1565 1857 malleolas
1592 1810 1668 1855 suas
1694 1809 1793 1870 usqua
1814 1790 1856 1854 ad
1877 1810 1978 1867 mare,
2012 1795 2162 1873 eiusque

247 1877 276 1941 5.
301 1875 429 1962 (ledaea
450 1874 567 1962 Deus.)
606 1875 718 1956 Quum
741 1877 827 1942 ultro
850 1878 1022 1960 promittat
1041 1879 1133 1942 Deus
1185 1877 1227 1941 ad
1245 1876 1380 1955 fiuvium
1395 1877 1589 1960 propagines
1610 1895 1696 1940 suas.
1744 1875 1793 1940 13.
1819 1874 1884 1940 Οιιν
1906 1877 2037 1941 diruisti
2059 1897 2163 1959 separa

161 1972 194 2028 et
222 1964 317 2049 toties
347 1963 487 2028 affirmet
511 1984 575 2026 uon
599 1963 690 2026 irrita
712 1964 780 2028 fore
802 1984 936 2028 suorum
959 1975 1044 2040 vota,
1074 1964 1134 2027 mi·
1185 1963 1264 2041 eius,
1281 1968 1310 2027 et
1326 1962 1558 2043 discerpserunt
1574 1982 1643 2026 eam
1653 1965 1964 2026 amuestrauseuutes
1979 1962 2161 2043 peruiam?

160 2070 234 2114 rum
264 2057 314 2112 est
341 2070 399 2113 eur
427 2071 491 2113 non
522 2047 675 2113 obiiciant
702 2050 806 2113 sancti
836 2051 898 2115 sibi
924 2071 994 2114 csse
1018 2049 1133 2131 impla·
1187 2048 1237 2113 14.
1268 2047 1412 2115 Vastaait
1440 2069 1509 2115 eam
1530 2068 1607 2128 aper
1636 2047 1765 2126 esilve,
1796 2047 1915 2128 atsere
1938 2050 2010 2130 apri
2032 2048 2162 2129 depasta

161 2135 309 2217 cabilem,
332 2146 495 2216 utcunque
518 2134 557 2198 ad
582 2155 656 2198 eum
679 2135 877 2200 consuiant.
913 2136 1027 2218 Neque
1046 2136 1133 2199 enim
1185 2140 1228 2199 ast
1250 2154 1327 2199 eam.

162 2231 289 2285 tantum
319 2232 502 2319 queruntur
530 2242 564 2284 se
594 2241 661 2284 non
684 2158 843 2301 exaudiri,
872 2222 925 2286 sed
951 2223 1059 2286 Deum
1083 2222 1133 2285 fu·

162 2306 524 2371 mareubimvaaatur:
547 2307 631 2370 acsi
650 2305 843 2391 dataopera
862 2307 1069 2390 bocpietatis
1088 2307 1134 2371 ef·
1272 2305 1302 2370 9.
1326 2303 1446 2390 (Vitem
1470 2326 1507 2369 era
1529 2303 1694 2390 Aegypta.)
1738 2304 1826 2369 Vitis
1850 2304 2067 2368 similitudine
2091 2327 2162 2387 pra·

161 2394 269 2458 ficium
282 2400 457 2474 respueret.
478 2390 541 2457 Ubi
555 2393 654 2475 igitur
665 2392 721 2456 illa
733 2395 904 2476 promissio
915 2393 999 2459 lesa.
1012 2394 1065 2474 65,
1077 2394 1133 2458 24:
1187 2393 1285 2476 pheta
1316 2390 1521 2456 commendat
1551 2391 1752 2472 singularem
1777 2391 1838 2454 Dei
1862 2391 2001 2474 gratiam
2025 2411 2091 2472 qua
2112 2413 2161 2455 re·

161 2481 347 2559 Antequam
377 2477 599 2555 clamaverint,
631 2498 690 2560 ego
721 2479 920 2544 exaudiam?
966 2480 1032 2544 Sed
1057 2482 1135 2562 quia
1187 2477 1534 2561 demptumpapulum
1558 2477 1799 2560 dignatusest:
1825 2477 1908 2558 quod
1933 2475 2161 2558 adspemim·

160 2561 252 2629 Deus
280 2562 439 2627 auxilium
469 2584 565 2628 suum
594 2562 747 2629 differens
776 2585 909 2629 suorum
944 2565 1134 2646 patientiam
1186 2561 1337 2647 patrandi
1365 2585 1429 2626 nen
1461 2584 1576 2645 parum
1607 2561 1720 2627 habuit
1750 2562 1921 2626 efficaciae.
1967 2562 2052 2642 Quis
2076 2565 2161 2626 euim

161 2659 305 2728 exercet,
334 2668 373 2712 ex
403 2669 502 2713 sensu
532 2649 641 2714 earnis
669 2649 749 2713 dicit
776 2649 934 2732 propheta
962 2670 1035 2713 eum
1064 2671 1135 2715 esse
1187 2659 1335 2713 nostrum
1359 2649 1394 2712 in
1417 2648 1479 2712 Dei
1503 2659 1712 2731 conspectum
1736 2647 1885 2731 prosilire
1907 2648 2036 2724 audeat,
2061 2647 2161 2713 donee

161 2733 295 2800 surdum
329 2734 368 2798 ad
396 2752 523 2816 preces:
552 2755 615 2798 uon
639 2734 723 2815 quod
747 2735 781 2798 in
804 2734 866 2801 hac
888 2736 1039 2817 opinione
1062 2757 1134 2819 pre·
1186 2734 1377 2818 praeveniat
1399 2755 1458 2797 nos
1481 2733 1573 2816 ipse?
1607 2735 1735 2798 Invitat
1758 2741 1868 2799 autem
1891 2754 1951 2798 nes
1974 2746 2042 2798 tam
2069 2734 2161 2799 bene·

162 2831 274 2887 cantes
300 2819 476 2884 subsistere
504 2820 692 2885 conveniat:
722 2818 824 2900 (viam
846 2821 934 2886 enim
956 2820 1019 2886 sibi
1041 2842 1133 2904 pree·
1186 2821 1268 2886 ficiis
1291 2840 1389 2902 quam
1412 2819 1527 2885 verbo:
1558 2830 1654 2902 atque
1678 2820 1739 2885 hoc
1761 2819 1896 2885 oonsilio
1920 2841 2009 2885 nuuc
2030 2820 2059 2884 oi
2083 2820 2162 2884 obii·

162 2904 345 2990 eluderent)
383 2905 440 2969 sad
470 2905 620 2988 quamvis
650 2926 705 2970 eos
734 2909 897 2972 contrarie
926 2907 1002 2972 fidei
1036 2928 1134 2972 sensu
1187 2906 1272 2972 citur
1304 2926 1365 2969 sua
1399 2903 1591 2987 liberalitas,
1626 2926 1667 2970 ne
1698 2904 1888 2970 inchoatum
1923 2905 2053 2970 deserat
2082 2926 2161 2988 opus

162 2992 242 3058 eniti
263 3001 298 3054 'et
320 3000 490 3072 penetrare
512 2990 546 3055 in
571 2991 696 3057 coelum
719 3002 877 3075 apertast,
900 2993 954 3058 nbi
974 2994 1134 3059 occultam
1186 3011 1342 3057 manuum
1383 3011 1526 3056 suarum.
1583 2991 1779 3073 Quanquam
1815 3000 1923 3054 autem
1957 2991 2029 3055 sine
2064 2991 2160 3057 verbe

162 3077 303 3143 salutem
325 3087 478 3146 cernant:
503 3079 594 3143 Deus
614 3087 721 3142 tamen
741 3079 912 3161 permittit,
934 3098 997 3162 quo
1015 3099 1134 3145 exone·
1187 3078 1345 3161 frigerent
1378 3076 1463 3160 opud
1498 3095 1556 3141 nos
1583 3075 1647 3141 Dei
1680 3076 1851 3159 beneficia,
1888 3075 1942 3140 ubi
1977 3088 2089 3142 tamen
2122 3078 2160 3141 ad

162 3172 238 3229 rent
266 3161 393 3226 animos
413 3183 500 3243 suas,
530 3183 634 3240 curas,
664 3162 926 3244 sollicitudinem,
952 3164 1078 3230 dolores
1101 3173 1135 3229 et
1188 3164 1279 3229 verbi
1294 3161 1653 3228 testimeniumaceedit
1668 3163 1882 3246 experientia,
1901 3182 1964 3226 non
1979 3162 2160 3245 vulgariter

163 3258 269 3313 metus
291 3248 409 3329 quibus
432 3258 607 3331 anguntur,
630 3250 665 3312 in
683 3249 828 3314 medium
847 3253 1000 3334 proferre.
1034 3251 1135 3316 Vide·
1187 3272 1246 3315 nos
1287 3249 1420 3313 animat.
1476 3248 1522 3313 Et
1555 3248 1735 3330 redemptio
1769 3249 1861 3313 euius
1895 3268 1980 3312 nuuc
2014 3249 2162 3313 meminit

163 3345 218 3400 tur
240 3342 348 3398 autem
372 3335 471 3398 tacita
492 3355 563 3399 esse
586 3334 701 3400 allusio
724 3337 810 3399 iuter
832 3336 956 3401 fumum
976 3338 1043 3402 irae
1061 3336 1135 3413 Dei,
1187 3335 1354 3420 propheta,
1381 3333 1509 3399 loedere
1531 3333 1596 3399 Dei
1619 3335 1737 3398 vestita
1759 3333 1837 3398 fuit:
1868 3335 1944 3417 quia
1967 3333 2065 3398 aunis
2087 3345 2162 3398 ante

163 3428 197 3484 et
236 3418 383 3484 suffitum
417 3420 476 3501 qui
511 3420 677 3485 sacrificiis
714 3420 930 3486 adhibebatur
960 3423 1020 3488 sub
1053 3422 1135 3506 lege.
1187 3420 1435 3505 quadringentis
1450 3419 1603 3485 Abrahae
1621 3440 1693 3485 eam
1705 3419 1796 3484 Deus
1814 3421 1992 3503 pepigerat.
2023 3418 2162 3485 Summa

164 3502 276 3587 Quum
309 3506 397 3568 enim
433 3505 486 3570 hie
517 3504 559 3569 ad
595 3505 805 3589 purgandum
838 3507 965 3573 coelum
998 3508 1136 3588 valeret,
1187 3509 1253 3573 hoe
1275 3506 1369 3583 redit,
1392 3505 1565 3589 indignum
1588 3525 1659 3570 essa
1680 3516 1717 3569 ιιι
1738 3504 1830 3570 Deus
1854 3506 1954 3570 vitem
1977 3526 2081 3569 manu
2105 3524 2162 3570 sua

185 3600 345 3656 ueruntur
378 3590 506 3656 diverso
540 3591 630 3655 lumo
663 3590 813 3658 tenebras
843 3592 986 3672 offundi,
1020 3616 1061 3659 ne
1095 3593 1155 3659 ad.
1187 3594 1379 3677 plantatam,
1401 3600 1434 3657 et
1457 3593 1619 3674 exquisite
1641 3591 1773 3674 cultam,
1796 3612 1815 3655 a
1837 3592 1914 3656 feris
1937 3591 2049 3656 bestiis
2074 3612 2163 3657 nuno

198 3698 273 3743 eum
295 3677 493 3759 perveniant
514 3676 565 3741 sui
589 3679 739 3760 gemitus.
1188 3678 1324 3745 lacerari
1356 3678 1450 3744 sinat.
1495 3677 1609 3761 Neque
1632 3677 1719 3743 onim
1742 3677 1844 3741 tridui
1868 3676 1920 3742 vel
1943 3677 2057 3760 exigui
2081 3684 2163 3741 tcm-

248 3762 278 3828 6.
302 3761 436 3847 (Cidasti
458 3760 537 3848 aas.)
572 3763 835 3847 Magnitudinem
859 3761 987 3841 doloris,
1011 3772 1044 3830 et
1067 3765 1135 3830 lon·
1188 3764 1276 3849 poris
1308 3775 1377 3829 erat
1400 3763 1464 3828 Dei
1487 3764 1610 3843 foedus,
1640 3762 1696 3828 sed
1719 3763 1803 3828 filies
1826 3762 1979 3828 Abrahae
2000 3762 2064 3827 sibi
2087 3761 2162 3828 ado·

164 3868 241 3933 gum
274 3851 374 3912 stiam
404 3848 565 3913 malorum
595 3858 738 3915 tractum
766 3848 818 3914 hie
848 3849 999 3932 loquendi
1033 3850 1136 3916 modis
1188 3859 1338 3937 ptaverat
1367 3869 1448 3932 quos
1479 3860 1635 3934 perpetuo
1662 3859 1817 3914 tueretur.
1862 3847 1951 3913 Vitis
1972 3859 2083 3913 autem
2107 3870 2164 3913 no·

164 3934 367 4016 exprimunt:
391 3956 429 4000 ac
447 3934 473 4000 si
492 3935 638 3999 dicerent
654 3956 689 4000 se
707 3935 867 4001 confectos
887 3937 985 4002 luisse
1003 3937 1137 4002 tristitia
1188 3937 1277 4002 mine
1306 3935 1469 4020 signifieat
1498 3935 1655 4019 propheta
1685 3947 1806 4016 quante
1832 3933 1868 3998 iu
1897 3934 2002 4017 pretio
2024 3934 2164 4018 populus

164 4040 267 4101 usque
297 4017 338 4083 ad
366 4040 529 4085 summam
559 4021 753 4086 satietatem.
798 4020 919 4086 Postea
941 4021 1076 4106 addunt,
1103 4045 1137 4087 se
1189 4024 1242 4089 hie
1264 4042 1374 4088 ceram
1397 4020 1469 4085 Deo
1492 4023 1601 4098 luerit,
1632 4041 1731 4103 quem
1754 4043 1819 4084 non
1844 4019 1939 4084 modo
1962 4020 2068 4085 instar
2092 4020 2166 4084 hae·

166 4105 200 4170 ιἰι
228 4106 446 4170 aaateutiauem
474 4106 588 4172 uicinis
612 4106 713 4188 fuisse
742 4106 843 4186 datas,
873 4108 958 4190 quod
989 4109 1136 4174 bifariam
1189 4107 1334 4174 rediturii
1367 4105 1462 4170 fundi
1496 4107 1557 4172 sibi
1588 4127 1658 4172 esse
1691 4105 1811 4182 voluit,
1850 4105 1922 4189 sed,
1956 4105 2051 4171 sieuti
2089 4106 2166 4171 vitis

163 4200 272 4274 potest
305 4190 457 4272 intelligi,
492 4191 543 4257 vel
576 4191 662 4274 quod
694 4192 795 4257 rixati
828 4213 901 4258 cum
930 4194 1010 4276 ipsis
1039 4194 1138 4261 vieini
1189 4215 1288 4278 supra
1309 4193 1451 4273 reliquas
1470 4193 1686 4273 possessiones
1705 4192 1846 4269 excellit,
1869 4191 2023 4274 peculiari
2040 4190 2166 4256 honere

163 4276 305 4343 fuerint:
330 4274 383 4338 vel
406 4274 492 4356 quod
514 4276 686 4343 victoriam
705 4276 822 4360 adepti,
845 4278 1080 4344 contenderent
1098 4281 1138 4346 de
1189 4281 1342 4364 diguatus
1373 4292 1432 4343 est.
1482 4275 1577 4356 Quod
1607 4277 1685 4342 dicit
1711 4283 1830 4343 terram
1856 4278 1956 4358 fuisse
1981 4282 2166 4359 purgatam,

164 4362 297 4447 praeda,
332 4368 368 4424 ut
402 4361 473 4425 fieri
504 4361 588 4427 solet
620 4363 698 4428 dum
731 4365 871 4446 quisque
899 4365 1003 4446 spolia
1032 4365 1073 4429 ad
1103 4388 1138 4432 se
1189 4363 1410 4446 metaphorice
1440 4364 1559 4444 repetit
1581 4363 1665 4446 quod
1690 4364 1779 4446 prius
1801 4365 1872 4428 siue
1895 4363 2003 4447 figura
2025 4361 2168 4442 dixerat,

166 4468 281 4531 rapere
303 4447 436 4529 appetit.
483 4446 578 4510 Prior
600 4456 710 4513 tamen
733 4469 848 4515 sensus
872 4449 1002 4515 videtur
1024 4451 1138 4516 melius
1189 4459 1304 4537 gentes
1326 4449 1426 4513 luisse
1449 4448 1610 4529 expulsas,
1636 4460 1674 4513 ιιι
1696 4469 1818 4516 vacuus
1840 4462 1928 4514 esset
1949 4448 2039 4513 leons
2061 4447 2168 4515 eleeto

166 4534 338 4619 quadrare,
369 4542 405 4596 ut
435 4543 615 4614 querantur
644 4532 779 4598 totidem
809 4534 869 4600 sibi
897 4534 1007 4601 host-es
1030 4537 1139 4616 fuisse,
1190 4536 1317 4620 populo.
1361 4532 1433 4597 Nisi
1462 4533 1545 4597 forte
1574 4533 1615 4599 ad
1646 4536 1818 4601 continuas
1847 4535 2006 4600 fossiones
2029 4534 2170 4615 alludat,

166 4630 245 4705 quot
274 4621 413 4697 vicinos,
448 4638 547 4702 quum
584 4628 693 4682 tamen
726 4628 860 4685 mutuae
894 4621 1140 4687 benevolentiae
1191 4622 1309 4704 quibus
1337 4618 1437 4693 vites,
1472 4639 1512 4682 ne
1542 4619 1754 4702 degenerent,
1782 4619 1971 4704 purgandae
1998 4631 2097 4684 sunt:
2132 4635 2171 4686 ut

168 4705 333 4771 vinculum
365 4704 480 4769 debeat
508 4724 579 4768 esse
610 4703 681 4784 ipsa
706 4705 869 4771 vicinitas.
913 4706 1039 4772 Eodem
1069 4729 1139 4791 per·
1191 4706 1355 4790 significet
1387 4702 1496 4766 Deum
1536 4705 1682 4770 functum
1715 4727 1787 4772 esee
1819 4706 1981 4790 agricolae
2014 4706 2170 4788 partibus

167 4792 249 4855 tinet
271 4789 449 4855 secundom
473 4790 666 4865 membrum,
692 4789 796 4854 ridere
817 4792 904 4873 apud
925 4812 968 4871 se,
1000 4794 1060 4859 hoo
1081 4805 1140 4870 est,
1192 4812 1270 4876 erga
1291 4810 1387 4854 enum
1410 4788 1575 4870 populum,
1605 4793 1681 4873 quia
1704 4814 1769 4856 non
1794 4792 1954 4857 destiterit
1976 4801 2049 4874 poet
2072 4792 2169 4875 plan·

168 4876 325 4941 derebus
349 4875 497 4940 adversis
526 4875 611 4940 ultro
634 4884 667 4939 et
688 4875 768 4940 citro
792 4877 977 4959 pericuum
1001 4886 1034 4941 et
1055 4877 1141 4943 ludi·
1192 4879 1349 4942 tationem
1372 4874 1405 4937 in
1428 4893 1466 4938 eo
1487 4875 1626 4941 fovendo
1648 4888 1683 4942 et
1703 4878 1927 4944 conservando
1950 4898 2085 4961 operam
2105 4879 2169 4942 im·

168 4963 274 5026 briem
297 4963 384 5026 iuter
408 4981 442 5025 se
465 4959 612 5026 fabulari.
656 4959 829 5026 Caeterum
854 4960 914 5026 hoe
936 4962 999 5027 Dei
1020 4964 1141 5028 indicio
1193 4960 1345 5045 pendere.
1390 4958 1474 5023 Nam
1505 4961 1588 5043 quod
1618 4965 1774 5028 continuo
1797 4975 1869 5047 pest
1892 4963 1983 5029 addit
2003 4962 2172 5031 radicatas

169 5046 370 5124 adscribunt,
405 5047 438 5111 in
471 5047 564 5110 cuius
592 5066 693 5111 manu
726 5055 776 5111 est
807 5047 937 5112 flectere
972 5049 1140 5113 heminam
1190 5049 1292 5130 fuisse
1311 5043 1443 5123 radices,
1471 5043 1511 5110 tle
1536 5047 1642 5129 prima
1662 5050 1787 5113 satione
1809 5071 1874 5116 non
1896 5050 1993 5115 debet
2015 5050 2171 5134 intelligi,

168 5135 302 5209 animos,
324 5143 360 5196 ut
382 5132 443 5197 hoe
466 5130 561 5196 modo
581 5153 616 5197 se
639 5131 678 5196 ad
703 5133 936 5215 poenitentiam
956 5133 1140 5198 hortentur.
1194 5130 1251 5197 sed
1273 5129 1313 5193 de
1335 5132 1575 5213 propagatione,
1599 5153 1681 5216 quae
1704 5156 1769 5197 ιιιιιι
1792 5147 1843 5200 est
1865 5137 2010 5201 culturae
2033 5138 2169 5218 speeies.

168 5216 281 5298 Quum
304 5238 384 5283 vero
410 5217 553 5284 eiusdem
578 5216 674 5283 hodie
697 5227 805 5283 reatus
825 5218 928 5283 simus
951 5219 1043 5284 nobis
1066 5238 1142 5283 con·
1165 5188 1170 5287 i
1195 5216 1291 5284 Unde
1320 5216 1468 5295 sequitur
1496 5227 1625 5300 opertos
1655 5219 1757 5284 fuisse
1785 5233 1914 5288 montes
1940 5220 2059 5288 umbra
2080 5224 2169 5288 eius:
