<?xml version="1.0" encoding="UTF-8"?>
<!DOCTYPE html PUBLIC "-//W3C//DTD XHTML 1.0 Transitional//EN"
    "http://www.w3.org/TR/xhtml1/DTD/xhtml1-transitional.dtd">
<html xmlns="http://www.w3.org/1999/xhtml" xml:lang="en" lang="en">
 <head>
  <title>
</title>
<meta http-equiv="Content-Type" content="text/html;charset=utf-8" />
  <meta name='ocr-system' content='tesseract 3.04.00' />
  <meta name='ocr-capabilities' content='ocr_page ocr_carea ocr_par ocr_line ocrx_word'/>
</head>
<body>
  <div class='ocr_page' id='page_1' title='image "./corpusreformato05melagoog_0064.png"; bbox 0 0 4658 5856; ppageno 0'>
   <div class='ocr_carea' id='block_1_1' title="bbox 218 326 2216 400">
    <p class='ocr_par' dir='ltr' id='par_1_1' title="bbox 218 326 2216 400">
     <span class='ocr_line' id='line_1_1' title="bbox 218 326 2216 400; baseline -0.004 0"><span class='ocrx_word' id='word_1_1' title='bbox 218 334 261 400; x_wconf 83' lang='grc'><strong>99</strong></span> <span class='ocrx_word' id='word_1_2' title='bbox 1060 328 1278 397; x_wconf 79' lang='lat' dir='ltr'>PSALMUS</span> <span class='ocrx_word' id='word_1_3' title='bbox 1300 330 1363 396; x_wconf 86' lang='lat' dir='ltr'><strong>IX.</strong></span> <span class='ocrx_word' id='word_1_4' title='bbox 2152 326 2216 392; x_wconf 90' lang='grc'><strong>100</strong></span> 
     </span>
    </p>
   </div>
   <div class='ocr_carea' id='block_1_2' title="bbox 218 512 2218 772">
    <p class='ocr_par' dir='ltr' id='par_1_2' title="bbox 218 512 2218 772">
     <span class='ocr_line' id='line_1_2' title="bbox 218 512 2217 602; baseline -0.004 -14"><span class='ocrx_word' id='word_1_5' title='bbox 218 532 298 588; x_wconf 89' lang='lat' dir='ltr'><strong>nota</strong></span> <span class='ocrx_word' id='word_1_6' title='bbox 318 520 492 602; x_wconf 90' lang='lat' dir='ltr'><strong>accipiunt,</strong></span> <span class='ocrx_word' id='word_1_7' title='bbox 514 541 552 585; x_wconf 91' lang='lat' dir='ltr'><strong>ac</strong></span> <span class='ocrx_word' id='word_1_8' title='bbox 573 521 601 586; x_wconf 89' lang='lat' dir='ltr'><strong>si</strong></span> <span class='ocrx_word' id='word_1_9' title='bbox 624 518 734 583; x_wconf 90' lang='lat' dir='ltr'><strong>David</strong></span> <span class='ocrx_word' id='word_1_10' title='bbox 756 519 865 585; x_wconf 88' lang='lat' dir='ltr'><strong>hostes</strong></span> <span class='ocrx_word' id='word_1_11' title='bbox 887 538 962 583; x_wconf 92' lang='lat' dir='ltr'><strong>suos</strong></span> <span class='ocrx_word' id='word_1_12' title='bbox 979 518 1191 600; x_wconf 88' lang='lat' dir='ltr'><strong>compellans,</strong></span> <span class='ocrx_word' id='word_1_13' title='bbox 1243 516 1313 581; x_wconf 91' lang='lat' dir='ltr'><strong>eius</strong></span> <span class='ocrx_word' id='word_1_14' title='bbox 1356 517 1510 582; x_wconf 88' lang='lat' dir='ltr'><strong>maiestas</strong></span> <span class='ocrx_word' id='word_1_15' title='bbox 1541 525 1575 581; x_wconf 91' lang='lat' dir='ltr'><strong>et</strong></span> <span class='ocrx_word' id='word_1_16' title='bbox 1614 516 1729 600; x_wconf 88' lang='lat' dir='ltr'><strong>gloria,</strong></span> <span class='ocrx_word' id='word_1_17' title='bbox 1770 512 1827 578; x_wconf 84' lang='lat' dir='ltr'><strong>sed</strong></span> <span class='ocrx_word' id='word_1_18' title='bbox 1858 524 1897 578; x_wconf 92' lang='lat' dir='ltr'><strong>ut</strong></span> <span class='ocrx_word' id='word_1_19' title='bbox 1936 516 2095 579; x_wconf 92' lang='lat' dir='ltr'><strong>mundum</strong></span> <span class='ocrx_word' id='word_1_20' title='bbox 2129 514 2217 580; x_wconf 90' lang='lat' dir='ltr'><strong>iuste</strong></span> 
     </span>
     <span class='ocr_line' id='line_1_3' title="bbox 220 601 1857 753; baseline -0.005 -81"><span class='ocrx_word' id='word_1_21' title='bbox 220 613 391 691; x_wconf 88' lang='lat' dir='ltr'><strong>quaereret</strong></span> <span class='ocrx_word' id='word_1_22' title='bbox 429 605 540 703; x_wconf 80' lang='lat' dir='ltr'><strong>sintne</strong></span> <span class='ocrx_word' id='word_1_23' title='bbox 582 604 736 753; x_wconf 45' lang='lat' dir='ltr'><strong>impletae</strong></span> <span class='ocrx_word' id='word_1_24' title='bbox 774 603 955 683; x_wconf 80' lang='lat' dir='ltr'><strong>vastitates,</strong></span> <span class='ocrx_word' id='word_1_25' title='bbox 993 604 1088 667; x_wconf 91' lang='lat' dir='ltr'><strong>sicuti</strong></span> <span class='ocrx_word' id='word_1_26' title='bbox 1126 601 1192 684; x_wconf 91' lang='lat' dir='ltr'><strong>ipsi</strong></span> <span class='ocrx_word' id='word_1_27' title='bbox 1243 603 1411 687; x_wconf 77' lang='lat' dir='ltr'><strong>gubernet.</strong></span> <span class='ocrx_word' id='word_1_28' title='bbox 1466 686 1472 700; x_wconf 32' lang='lat'>⁸</span> <span class='ocrx_word' id='word_1_29' title='bbox 1554 686 1560 700; x_wconf 32' lang='lat'>⁸</span> <span class='ocrx_word' id='word_1_30' title='bbox 1613 687 1619 700; x_wconf 25' lang='lat'>⁵</span> <span class='ocrx_word' id='word_1_31' title='bbox 1681 686 1687 699; x_wconf 36' lang='lat'><strong>·</strong></span> <span class='ocrx_word' id='word_1_32' title='bbox 1781 685 1788 700; x_wconf 88' lang='lat'><strong>.</strong></span> <span class='ocrx_word' id='word_1_33' title='bbox 1850 685 1857 699; x_wconf 38' lang='lat'><strong>·</strong></span> 
     </span>
     <span class='ocr_line' id='line_1_4' title="bbox 220 683 2218 772; baseline -0.006 -13"><span class='ocrx_word' id='word_1_34' title='bbox 220 697 406 759; x_wconf 86' lang='lat' dir='ltr'><strong>statuerant</strong></span> <span class='ocrx_word' id='word_1_35' title='bbox 427 708 539 755; x_wconf 87' lang='lat' dir='ltr'><strong>omma</strong></span> <span class='ocrx_word' id='word_1_36' title='bbox 562 710 619 772; x_wconf 88' lang='lat' dir='ltr'><strong>per</strong></span> <span class='ocrx_word' id='word_1_37' title='bbox 643 710 706 754; x_wconf 89' lang='lat' dir='ltr'><strong>ere.</strong></span> <span class='ocrx_word' id='word_1_38' title='bbox 728 688 814 753; x_wconf 88' lang='lat' dir='ltr'><strong>Nam</strong></span> <span class='ocrx_word' id='word_1_39' title='bbox 838 688 973 753; x_wconf 89' lang='lat' dir='ltr'><strong>verbum</strong></span> <span class='ocrx_word' id='word_1_40' title='bbox 997 700 1084 772; x_wconf 62' lang='lat' dir='ltr'><strong>nnn</strong></span> <span class='ocrx_word' id='word_1_41' title='bbox 1107 707 1192 753; x_wconf 90' lang='lat' dir='ltr'><strong>nune</strong></span> <span class='ocrx_word' id='word_1_42' title='bbox 1329 686 1360 751; x_wconf 90' lang='lat'><strong>9.</strong></span> <span class='ocrx_word' id='word_1_43' title='bbox 1380 685 1438 772; x_wconf 77' lang='lat' dir='ltr'><strong>(at</strong></span> <span class='ocrx_word' id='word_1_44' title='bbox 1459 706 1526 767; x_wconf 74' lang='lat' dir='ltr'><strong>ipse</strong></span> <span class='ocrx_word' id='word_1_45' title='bbox 1547 684 1722 770; x_wconf 61' lang='lat' dir='ltr'><strong>vuamba)</strong></span> <span class='ocrx_word' id='word_1_46' title='bbox 1752 683 1859 752; x_wconf 76' lang='lat' dir='ltr'><strong>Sicuti</strong></span> <span class='ocrx_word' id='word_1_47' title='bbox 1881 704 1988 769; x_wconf 80' lang='lat' dir='ltr'><strong>nuper</strong></span> <span class='ocrx_word' id='word_1_48' title='bbox 2007 691 2145 751; x_wconf 86' lang='lat' dir='ltr'><strong>testatus</strong></span> <span class='ocrx_word' id='word_1_49' title='bbox 2166 695 2218 750; x_wconf 91' lang='lat' dir='ltr'><strong>est</strong></span> 
     </span>
    </p>
   </div>
   <div class='ocr_carea' id='block_1_3' title="bbox 219 769 2220 1112">
    <p class='ocr_par' dir='ltr' id='par_1_3' title="bbox 219 769 2220 1112">
     <span class='ocr_line' id='line_1_5' title="bbox 219 769 2217 861; baseline -0.004 -20"><span class='ocrx_word' id='word_1_50' title='bbox 219 777 385 861; x_wconf 89' lang='lat' dir='ltr'><strong>perficere,</strong></span> <span class='ocrx_word' id='word_1_51' title='bbox 408 794 496 840; x_wconf 91' lang='lat' dir='ltr'><strong>nunc</strong></span> <span class='ocrx_word' id='word_1_52' title='bbox 518 776 618 839; x_wconf 88' lang='lat' dir='ltr'><strong>finem</strong></span> <span class='ocrx_word' id='word_1_53' title='bbox 647 774 816 857; x_wconf 80' lang='lat' dir='ltr'><strong>imponere</strong></span> <span class='ocrx_word' id='word_1_54' title='bbox 837 772 1010 856; x_wconf 88' lang='lat' dir='ltr'><strong>significat.</strong></span> <span class='ocrx_word' id='word_1_55' title='bbox 1055 774 1108 838; x_wconf 93' lang='lat' dir='ltr'><strong>Ita</strong></span> <span class='ocrx_word' id='word_1_56' title='bbox 1130 774 1192 837; x_wconf 89' lang='lat' dir='ltr'><strong>iro·</strong></span> <span class='ocrx_word' id='word_1_57' title='bbox 1243 771 1362 849; x_wconf 89' lang='lat' dir='ltr'><strong>David,</strong></span> <span class='ocrx_word' id='word_1_58' title='bbox 1394 772 1501 836; x_wconf 90' lang='lat' dir='ltr'><strong>Deum</strong></span> <span class='ocrx_word' id='word_1_59' title='bbox 1532 790 1599 834; x_wconf 92' lang='lat' dir='ltr'><strong>non</strong></span> <span class='ocrx_word' id='word_1_60' title='bbox 1631 770 1734 835; x_wconf 89' lang='lat' dir='ltr'><strong>otiosa</strong></span> <span class='ocrx_word' id='word_1_61' title='bbox 1755 770 1904 854; x_wconf 89' lang='lat' dir='ltr'><strong>potentia</strong></span> <span class='ocrx_word' id='word_1_62' title='bbox 1925 790 1998 835; x_wconf 87' lang='lat' dir='ltr'><strong>esse</strong></span> <span class='ocrx_word' id='word_1_63' title='bbox 2020 769 2217 852; x_wconf 88' lang='lat' dir='ltr'><strong>praeditum,</strong></span> 
     </span>
     <span class='ocr_line' id='line_1_6' title="bbox 219 855 2218 944; baseline -0.003 -18"><span class='ocrx_word' id='word_1_64' title='bbox 219 862 291 927; x_wconf 90' lang='lat' dir='ltr'><strong>nice</strong></span> <span class='ocrx_word' id='word_1_65' title='bbox 313 860 549 944; x_wconf 82' lang='lat' dir='ltr'><strong>perstringeret</strong></span> <span class='ocrx_word' id='word_1_66' title='bbox 570 859 680 924; x_wconf 91' lang='lat' dir='ltr'><strong>David</strong></span> <span class='ocrx_word' id='word_1_67' title='bbox 704 859 840 924; x_wconf 80' lang='lat' dir='ltr'><strong>stultam</strong></span> <span class='ocrx_word' id='word_1_68' title='bbox 863 858 1008 924; x_wconf 89' lang='lat' dir='ltr'><strong>hostium</strong></span> <span class='ocrx_word' id='word_1_69' title='bbox 1027 858 1192 924; x_wconf 89' lang='lat' dir='ltr'><strong>confideu·</strong></span> <span class='ocrx_word' id='word_1_70' title='bbox 1245 865 1283 922; x_wconf 94' lang='lat' dir='ltr'><strong>ut</strong></span> <span class='ocrx_word' id='word_1_71' title='bbox 1319 856 1444 922; x_wconf 90' lang='lat' dir='ltr'><strong>deliciis</strong></span> <span class='ocrx_word' id='word_1_72' title='bbox 1483 855 1662 938; x_wconf 88' lang='lat' dir='ltr'><strong>indulgeat,</strong></span> <span class='ocrx_word' id='word_1_73' title='bbox 1703 855 1760 919; x_wconf 89' lang='lat' dir='ltr'><strong>sed</strong></span> <span class='ocrx_word' id='word_1_74' title='bbox 1800 865 1838 920; x_wconf 91' lang='lat' dir='ltr'><strong>ut</strong></span> <span class='ocrx_word' id='word_1_75' title='bbox 1870 857 1903 920; x_wconf 93' lang='lat' dir='ltr'><strong>iu</strong></span> <span class='ocrx_word' id='word_1_76' title='bbox 1945 864 2035 920; x_wconf 89' lang='lat' dir='ltr'><strong>recta</strong></span> <span class='ocrx_word' id='word_1_77' title='bbox 2067 856 2218 937; x_wconf 87' lang='lat' dir='ltr'><strong>iustaque</strong></span> 
     </span>
     <span class='ocr_line' id='line_1_7' title="bbox 221 940 2219 1027; baseline -0.002 -17"><span class='ocrx_word' id='word_1_78' title='bbox 221 947 310 1011; x_wconf 88' lang='lat' dir='ltr'><strong>tiam.</strong></span> <span class='ocrx_word' id='word_1_79' title='bbox 369 944 440 1010; x_wconf 82' lang='lat' dir='ltr'><strong>Alii</strong></span> <span class='ocrx_word' id='word_1_80' title='bbox 480 945 550 1009; x_wconf 90' lang='lat' dir='ltr'><strong>sinc</strong></span> <span class='ocrx_word' id='word_1_81' title='bbox 592 945 852 1027; x_wconf 83' lang='lat' dir='ltr'><strong>interrogatione</strong></span> <span class='ocrx_word' id='word_1_82' title='bbox 896 944 1002 1027; x_wconf 86' lang='lat' dir='ltr'><strong>magis</strong></span> <span class='ocrx_word' id='word_1_83' title='bbox 1046 951 1193 1026; x_wconf 89' lang='lat' dir='ltr'><strong>apertam</strong></span> <span class='ocrx_word' id='word_1_84' title='bbox 1245 941 1359 1007; x_wconf 91' lang='lat' dir='ltr'><strong>mundi</strong></span> <span class='ocrx_word' id='word_1_85' title='bbox 1387 940 1625 1025; x_wconf 82' lang='lat' dir='ltr'><strong>gubernatione</strong></span> <span class='ocrx_word' id='word_1_86' title='bbox 1655 948 1805 1006; x_wconf 88' lang='lat' dir='ltr'><strong>exerceat</strong></span> <span class='ocrx_word' id='word_1_87' title='bbox 1826 960 1925 1005; x_wconf 91' lang='lat' dir='ltr'><strong>suum</strong></span> <span class='ocrx_word' id='word_1_88' title='bbox 1946 940 2140 1022; x_wconf 89' lang='lat' dir='ltr'><strong>imperium:</strong></span> <span class='ocrx_word' id='word_1_89' title='bbox 2170 941 2219 1006; x_wconf 88' lang='lat' dir='ltr'><strong>sic</strong></span> 
     </span>
     <span class='ocr_line' id='line_1_8' title="bbox 219 1024 2220 1112; baseline -0.003 -16"><span class='ocrx_word' id='word_1_90' title='bbox 219 1031 362 1096; x_wconf 86' lang='lat' dir='ltr'><strong>ironiam</strong></span> <span class='ocrx_word' id='word_1_91' title='bbox 391 1029 528 1112; x_wconf 84' lang='lat' dir='ltr'><strong>faciunt,</strong></span> <span class='ocrx_word' id='word_1_92' title='bbox 570 1037 754 1112; x_wconf 87' lang='lat' dir='ltr'><strong>putantque</strong></span> <span class='ocrx_word' id='word_1_93' title='bbox 783 1027 945 1110; x_wconf 89' lang='lat' dir='ltr'><strong>duplicem</strong></span> <span class='ocrx_word' id='word_1_94' title='bbox 983 1037 1105 1094; x_wconf 89' lang='lat' dir='ltr'><strong>statum</strong></span> <span class='ocrx_word' id='word_1_95' title='bbox 1138 1028 1193 1092; x_wconf 90' lang='lat' dir='ltr'><strong>de·</strong></span> <span class='ocrx_word' id='word_1_96' title='bbox 1245 1048 1334 1092; x_wconf 91' lang='lat' dir='ltr'><strong>nunc</strong></span> <span class='ocrx_word' id='word_1_97' title='bbox 1367 1026 1467 1091; x_wconf 88' lang='lat' dir='ltr'><strong>huius</strong></span> <span class='ocrx_word' id='word_1_98' title='bbox 1498 1024 1667 1091; x_wconf 87' lang='lat' dir='ltr'><strong>doctrinae</strong></span> <span class='ocrx_word' id='word_1_99' title='bbox 1702 1046 1798 1091; x_wconf 92' lang='lat' dir='ltr'><strong>usum</strong></span> <span class='ocrx_word' id='word_1_100' title='bbox 1832 1024 1933 1109; x_wconf 84' lang='lat' dir='ltr'><strong>addit,</strong></span> <span class='ocrx_word' id='word_1_101' title='bbox 1974 1025 2059 1107; x_wconf 90' lang='lat' dir='ltr'><strong>quod</strong></span> <span class='ocrx_word' id='word_1_102' title='bbox 2095 1025 2220 1092; x_wconf 87' lang='lat' dir='ltr'><strong>scilicet</strong></span> 
     </span>
    </p>
   </div>
   <div class='ocr_carea' id='block_1_4' title="bbox 213 1109 2224 5275">
    <p class='ocr_par' dir='ltr' id='par_1_4' title="bbox 218 1109 2224 2810">
     <span class='ocr_line' id='line_1_9' title="bbox 220 1109 2221 1198; baseline -0.003 -16"><span class='ocrx_word' id='word_1_103' title='bbox 220 1115 336 1183; x_wconf 91' lang='lat' dir='ltr'><strong>scribi:</strong></span> <span class='ocrx_word' id='word_1_104' title='bbox 360 1115 438 1198; x_wconf 88' lang='lat' dir='ltr'><strong>quia</strong></span> <span class='ocrx_word' id='word_1_105' title='bbox 460 1113 570 1177; x_wconf 92' lang='lat' dir='ltr'><strong>David</strong></span> <span class='ocrx_word' id='word_1_106' title='bbox 595 1114 702 1197; x_wconf 90' lang='lat' dir='ltr'><strong>priore</strong></span> <span class='ocrx_word' id='word_1_107' title='bbox 725 1113 795 1178; x_wconf 93' lang='lat' dir='ltr'><strong>loco</strong></span> <span class='ocrx_word' id='word_1_108' title='bbox 811 1114 929 1179; x_wconf 82' lang='lat' dir='ltr'><strong>beatas</strong></span> <span class='ocrx_word' id='word_1_109' title='bbox 950 1113 1077 1179; x_wconf 90' lang='lat' dir='ltr'><strong>inducit</strong></span> <span class='ocrx_word' id='word_1_110' title='bbox 1095 1133 1193 1179; x_wconf 89' lang='lat' dir='ltr'><strong>saevo</strong></span> <span class='ocrx_word' id='word_1_111' title='bbox 1245 1112 1335 1178; x_wconf 89' lang='lat' dir='ltr'><strong>coelo</strong></span> <span class='ocrx_word' id='word_1_112' title='bbox 1357 1112 1485 1177; x_wconf 89' lang='lat' dir='ltr'><strong>inclusa</strong></span> <span class='ocrx_word' id='word_1_113' title='bbox 1507 1133 1572 1176; x_wconf 90' lang='lat' dir='ltr'><strong>non</strong></span> <span class='ocrx_word' id='word_1_114' title='bbox 1595 1111 1640 1175; x_wconf 89' lang='lat' dir='ltr'><strong>sit</strong></span> <span class='ocrx_word' id='word_1_115' title='bbox 1656 1110 1721 1174; x_wconf 92' lang='lat' dir='ltr'><strong>Dei</strong></span> <span class='ocrx_word' id='word_1_116' title='bbox 1745 1111 1859 1193; x_wconf 91' lang='lat' dir='ltr'><strong>virtus,</strong></span> <span class='ocrx_word' id='word_1_117' title='bbox 1882 1109 1939 1175; x_wconf 90' lang='lat' dir='ltr'><strong>sed</strong></span> <span class='ocrx_word' id='word_1_118' title='bbox 1956 1131 1992 1174; x_wconf 90' lang='lat' dir='ltr'><strong>se</strong></span> <span class='ocrx_word' id='word_1_119' title='bbox 2009 1110 2050 1175; x_wconf 89' lang='lat' dir='ltr'><strong>ad</strong></span> <span class='ocrx_word' id='word_1_120' title='bbox 2070 1110 2221 1176; x_wconf 79' lang='lat' dir='ltr'><strong>homines</strong></span> 
     </span>
     <span class='ocr_line' id='line_1_10' title="bbox 218 1195 2221 1285; baseline -0.002 -19"><span class='ocrx_word' id='word_1_121' title='bbox 218 1202 344 1285; x_wconf 91' lang='lat' dir='ltr'><strong>impetu</strong></span> <span class='ocrx_word' id='word_1_122' title='bbox 379 1210 574 1284; x_wconf 83' lang='lat' dir='ltr'><strong>grassantes,</strong></span> <span class='ocrx_word' id='word_1_123' title='bbox 611 1213 643 1263; x_wconf 91' lang='lat' dir='ltr'><strong>et</strong></span> <span class='ocrx_word' id='word_1_124' title='bbox 669 1198 833 1264; x_wconf 89' lang='lat' dir='ltr'><strong>obstinate</strong></span> <span class='ocrx_word' id='word_1_125' title='bbox 864 1206 1036 1282; x_wconf 84' lang='lat' dir='ltr'><strong>pergentes</strong></span> <span class='ocrx_word' id='word_1_126' title='bbox 1065 1200 1100 1261; x_wconf 91' lang='lat' dir='ltr'><strong>in</strong></span> <span class='ocrx_word' id='word_1_127' title='bbox 1133 1218 1195 1264; x_wconf 92' lang='lat' dir='ltr'><strong>sua</strong></span> <span class='ocrx_word' id='word_1_128' title='bbox 1244 1196 1613 1279; x_wconf 71' lang='lat' dir='ltr'><strong>iuvandoe‘patelaciat.</strong></span> <span class='ocrx_word' id='word_1_129' title='bbox 1636 1196 1747 1278; x_wconf 87' lang='lat' dir='ltr'><strong>Atque</strong></span> <span class='ocrx_word' id='word_1_130' title='bbox 1770 1196 1850 1261; x_wconf 87' lang='lat' dir='ltr'><strong>haec</strong></span> <span class='ocrx_word' id='word_1_131' title='bbox 1872 1216 1951 1261; x_wconf 90' lang='lat' dir='ltr'><strong>vera</strong></span> <span class='ocrx_word' id='word_1_132' title='bbox 1972 1195 2139 1280; x_wconf 88' lang='lat' dir='ltr'><strong>theologia</strong></span> <span class='ocrx_word' id='word_1_133' title='bbox 2160 1207 2221 1280; x_wconf 88' lang='lat' dir='ltr'><strong>est,</strong></span> 
     </span>
     <span class='ocr_line' id='line_1_11' title="bbox 221 1281 2221 1366; baseline -0.002 -15"><span class='ocrx_word' id='word_1_134' title='bbox 221 1285 375 1352; x_wconf 89' lang='lat' dir='ltr'><strong>saevitia:</strong></span> <span class='ocrx_word' id='word_1_135' title='bbox 413 1294 450 1349; x_wconf 92' lang='lat' dir='ltr'><strong>ut</strong></span> <span class='ocrx_word' id='word_1_136' title='bbox 480 1284 583 1349; x_wconf 90' lang='lat' dir='ltr'><strong>videri</strong></span> <span class='ocrx_word' id='word_1_137' title='bbox 615 1284 743 1366; x_wconf 85' lang='lat' dir='ltr'><strong>possint</strong></span> <span class='ocrx_word' id='word_1_138' title='bbox 778 1284 907 1348; x_wconf 91' lang='lat' dir='ltr'><strong>nullum</strong></span> <span class='ocrx_word' id='word_1_139' title='bbox 938 1285 1035 1348; x_wconf 88' lang='lat' dir='ltr'><strong>finem</strong></span> <span class='ocrx_word' id='word_1_140' title='bbox 1064 1283 1193 1361; x_wconf 83' lang='lat' dir='ltr'><strong>facturi,</strong></span> <span class='ocrx_word' id='word_1_141' title='bbox 1245 1283 1354 1347; x_wconf 93' lang='lat' dir='ltr'><strong>Deum</strong></span> <span class='ocrx_word' id='word_1_142' title='bbox 1377 1303 1443 1347; x_wconf 89' lang='lat' dir='ltr'><strong>non</strong></span> <span class='ocrx_word' id='word_1_143' title='bbox 1466 1281 1650 1365; x_wconf 90' lang='lat' dir='ltr'><strong>imaginari,</strong></span> <span class='ocrx_word' id='word_1_144' title='bbox 1678 1302 1754 1347; x_wconf 93' lang='lat' dir='ltr'><strong>cum</strong></span> <span class='ocrx_word' id='word_1_145' title='bbox 1776 1282 1929 1364; x_wconf 80' lang='lat' dir='ltr'><strong>Epicuro,</strong></span> <span class='ocrx_word' id='word_1_146' title='bbox 1959 1289 2130 1346; x_wconf 89' lang='lat' dir='ltr'><strong>vacantem</strong></span> <span class='ocrx_word' id='word_1_147' title='bbox 2153 1283 2221 1347; x_wconf 89' lang='lat' dir='ltr'><strong>otio</strong></span> 
     </span>
     <span class='ocr_line' id='line_1_12' title="bbox 220 1366 2221 1453; baseline -0.002 -17"><span class='ocrx_word' id='word_1_148' title='bbox 220 1373 283 1437; x_wconf 91' lang='lat' dir='ltr'><strong>nisi</strong></span> <span class='ocrx_word' id='word_1_149' title='bbox 306 1370 434 1453; x_wconf 91' lang='lat' dir='ltr'><strong>penitus</strong></span> <span class='ocrx_word' id='word_1_150' title='bbox 452 1369 560 1433; x_wconf 88' lang='lat' dir='ltr'><strong>exciso</strong></span> <span class='ocrx_word' id='word_1_151' title='bbox 583 1368 720 1434; x_wconf 90' lang='lat' dir='ltr'><strong>Davidis</strong></span> <span class='ocrx_word' id='word_1_152' title='bbox 743 1389 853 1453; x_wconf 87' lang='lat' dir='ltr'><strong>reguo.</strong></span> <span class='ocrx_word' id='word_1_153' title='bbox 878 1368 1005 1433; x_wconf 90' lang='lat' dir='ltr'><strong>Deinde</strong></span> <span class='ocrx_word' id='word_1_154' title='bbox 1023 1390 1041 1433; x_wconf 92' lang='lat' dir='ltr'><strong>e</strong></span> <span class='ocrx_word' id='word_1_155' title='bbox 1060 1369 1194 1452; x_wconf 88' lang='lat' dir='ltr'><strong>regione</strong></span> <span class='ocrx_word' id='word_1_156' title='bbox 1245 1367 1297 1432; x_wconf 93' lang='lat' dir='ltr'><strong>vel</strong></span> <span class='ocrx_word' id='word_1_157' title='bbox 1332 1367 1464 1447; x_wconf 90' lang='lat' dir='ltr'><strong>deliciis,</strong></span> <span class='ocrx_word' id='word_1_158' title='bbox 1497 1376 1531 1432; x_wconf 92' lang='lat' dir='ltr'><strong>et</strong></span> <span class='ocrx_word' id='word_1_159' title='bbox 1569 1367 1626 1449; x_wconf 94' lang='lat' dir='ltr'><strong>qui</strong></span> <span class='ocrx_word' id='word_1_160' title='bbox 1659 1387 1693 1431; x_wconf 92' lang='lat' dir='ltr'><strong>se</strong></span> <span class='ocrx_word' id='word_1_161' title='bbox 1726 1387 1792 1431; x_wconf 91' lang='lat' dir='ltr'><strong>uno</strong></span> <span class='ocrx_word' id='word_1_162' title='bbox 1823 1375 1996 1432; x_wconf 87' lang='lat' dir='ltr'><strong>contentus</strong></span> <span class='ocrx_word' id='word_1_163' title='bbox 2036 1366 2221 1433; x_wconf 90' lang='lat' dir='ltr'><strong>humanum</strong></span> 
     </span>
     <span class='ocr_line' id='line_1_13' title="bbox 221 1451 2222 1536; baseline -0.002 -15"><span class='ocrx_word' id='word_1_164' title='bbox 221 1456 337 1522; x_wconf 82' lang='lat' dir='ltr'><strong>statuit</strong></span> <span class='ocrx_word' id='word_1_165' title='bbox 366 1455 472 1519; x_wconf 91' lang='lat' dir='ltr'><strong>Deum</strong></span> <span class='ocrx_word' id='word_1_166' title='bbox 501 1455 537 1518; x_wconf 90' lang='lat' dir='ltr'><strong>in</strong></span> <span class='ocrx_word' id='word_1_167' title='bbox 568 1454 648 1518; x_wconf 90' lang='lat' dir='ltr'><strong>solio</strong></span> <span class='ocrx_word' id='word_1_168' title='bbox 679 1453 858 1532; x_wconf 89' lang='lat' dir='ltr'><strong>sedentem,</strong></span> <span class='ocrx_word' id='word_1_169' title='bbox 888 1463 926 1518; x_wconf 94' lang='lat' dir='ltr'><strong>ut</strong></span> <span class='ocrx_word' id='word_1_170' title='bbox 953 1454 1092 1520; x_wconf 88' lang='lat' dir='ltr'><strong>furiosos</strong></span> <span class='ocrx_word' id='word_1_171' title='bbox 1121 1454 1194 1518; x_wconf 93' lang='lat' dir='ltr'><strong>illos</strong></span> <span class='ocrx_word' id='word_1_172' title='bbox 1245 1473 1350 1535; x_wconf 91' lang='lat' dir='ltr'><strong>genus</strong></span> <span class='ocrx_word' id='word_1_173' title='bbox 1373 1453 1536 1536; x_wconf 86' lang='lat' dir='ltr'><strong>negligat:</strong></span> <span class='ocrx_word' id='word_1_174' title='bbox 1560 1453 1616 1517; x_wconf 89' lang='lat' dir='ltr'><strong>sed</strong></span> <span class='ocrx_word' id='word_1_175' title='bbox 1638 1452 1674 1515; x_wconf 90' lang='lat' dir='ltr'><strong>in</strong></span> <span class='ocrx_word' id='word_1_176' title='bbox 1696 1451 1778 1517; x_wconf 91' lang='lat' dir='ltr'><strong>solio</strong></span> <span class='ocrx_word' id='word_1_177' title='bbox 1802 1452 1967 1534; x_wconf 91' lang='lat' dir='ltr'><strong>potentias</strong></span> <span class='ocrx_word' id='word_1_178' title='bbox 1989 1457 2024 1515; x_wconf 90' lang='lat' dir='ltr'><strong>et</strong></span> <span class='ocrx_word' id='word_1_179' title='bbox 2045 1451 2222 1534; x_wconf 86' lang='lat' dir='ltr'><strong>aequitatis</strong></span> 
     </span>
     <span class='ocr_line' id='line_1_14' title="bbox 221 1535 2222 1623; baseline -0.002 -17"><span class='ocrx_word' id='word_1_180' title='bbox 221 1550 357 1607; x_wconf 87' lang='lat' dir='ltr'><strong>conatus</strong></span> <span class='ocrx_word' id='word_1_181' title='bbox 385 1539 552 1623; x_wconf 90' lang='lat' dir='ltr'><strong>reprimat.</strong></span> <span class='ocrx_word' id='word_1_182' title='bbox 598 1537 637 1604; x_wconf 82' lang='lat' dir='ltr'><strong>Si</strong></span> <span class='ocrx_word' id='word_1_183' title='bbox 659 1539 785 1621; x_wconf 87' lang='lat' dir='ltr'><strong>placeat</strong></span> <span class='ocrx_word' id='word_1_184' title='bbox 807 1539 861 1604; x_wconf 90' lang='lat' dir='ltr'><strong>hic</strong></span> <span class='ocrx_word' id='word_1_185' title='bbox 884 1559 1012 1623; x_wconf 86' lang='lat' dir='ltr'><strong>aeneus,</strong></span> <span class='ocrx_word' id='word_1_186' title='bbox 1041 1538 1193 1621; x_wconf 71' lang='lat' dir='ltr'><strong>copulat</strong></span> <span class='ocrx_word' id='word_1_187' title='bbox 1246 1537 1361 1616; x_wconf 91' lang='lat' dir='ltr'><strong>locare,</strong></span> <span class='ocrx_word' id='word_1_188' title='bbox 1392 1548 1428 1602; x_wconf 88' lang='lat' dir='ltr'><strong>ut</strong></span> <span class='ocrx_word' id='word_1_189' title='bbox 1450 1549 1538 1601; x_wconf 89' lang='lat' dir='ltr'><strong>certo</strong></span> <span class='ocrx_word' id='word_1_190' title='bbox 1561 1538 1708 1620; x_wconf 89' lang='lat' dir='ltr'><strong>persuasi</strong></span> <span class='ocrx_word' id='word_1_191' title='bbox 1730 1538 1843 1617; x_wconf 89' lang='lat' dir='ltr'><strong>simus,</strong></span> <span class='ocrx_word' id='word_1_192' title='bbox 1869 1535 1996 1601; x_wconf 86' lang='lat' dir='ltr'><strong>etiamsi</strong></span> <span class='ocrx_word' id='word_1_193' title='bbox 2020 1557 2085 1601; x_wconf 90' lang='lat' dir='ltr'><strong>uon</strong></span> <span class='ocrx_word' id='word_1_194' title='bbox 2108 1538 2222 1602; x_wconf 86' lang='lat' dir='ltr'><strong>atatim</strong></span> 
     </span>
     <span class='ocr_line' id='line_1_15' title="bbox 222 1623 2222 1705; baseline -0.002 -15"><span class='ocrx_word' id='word_1_195' title='bbox 222 1627 256 1690; x_wconf 91' lang='lat' dir='ltr'><strong>in</strong></span> <span class='ocrx_word' id='word_1_196' title='bbox 293 1624 535 1689; x_wconf 84' lang='lat' dir='ltr'><strong>adversativam</strong></span> <span class='ocrx_word' id='word_1_197' title='bbox 571 1624 765 1705; x_wconf 88' lang='lat' dir='ltr'><strong>particulam</strong></span> <span class='ocrx_word' id='word_1_198' title='bbox 798 1623 991 1689; x_wconf 89' lang='lat' dir='ltr'><strong>resolvenda</strong></span> <span class='ocrx_word' id='word_1_199' title='bbox 1023 1624 1094 1701; x_wconf 92' lang='lat' dir='ltr'><strong>erit,</strong></span> <span class='ocrx_word' id='word_1_200' title='bbox 1133 1624 1195 1689; x_wconf 91' lang='lat' dir='ltr'><strong>boc</strong></span> <span class='ocrx_word' id='word_1_201' title='bbox 1246 1631 1415 1688; x_wconf 88' lang='lat' dir='ltr'><strong>succurrat</strong></span> <span class='ocrx_word' id='word_1_202' title='bbox 1437 1623 1558 1687; x_wconf 93' lang='lat' dir='ltr'><strong>iniuste</strong></span> <span class='ocrx_word' id='word_1_203' title='bbox 1581 1623 1754 1704; x_wconf 90' lang='lat' dir='ltr'><strong>oppressis,</strong></span> <span class='ocrx_word' id='word_1_204' title='bbox 1785 1642 1952 1703; x_wconf 91' lang='lat' dir='ltr'><strong>nunquam</strong></span> <span class='ocrx_word' id='word_1_205' title='bbox 1975 1630 2087 1686; x_wconf 90' lang='lat' dir='ltr'><strong>tamen</strong></span> <span class='ocrx_word' id='word_1_206' title='bbox 2108 1643 2222 1687; x_wconf 89' lang='lat' dir='ltr'><strong>eorum</strong></span> 
     </span>
     <span class='ocr_line' id='line_1_16' title="bbox 221 1705 2224 1791; baseline -0.001 -17"><span class='ocrx_word' id='word_1_207' title='bbox 221 1709 334 1775; x_wconf 90' lang='lat' dir='ltr'><strong>modo:</strong></span> <span class='ocrx_word' id='word_1_208' title='bbox 357 1709 407 1773; x_wconf 73' lang='lat' dir='ltr'><strong>Tu</strong></span> <span class='ocrx_word' id='word_1_209' title='bbox 426 1708 555 1791; x_wconf 89' lang='lat' dir='ltr'><strong>quidam</strong></span> <span class='ocrx_word' id='word_1_210' title='bbox 574 1707 678 1774; x_wconf 91' lang='lat' dir='ltr'><strong>hostis</strong></span> <span class='ocrx_word' id='word_1_211' title='bbox 695 1708 778 1773; x_wconf 91' lang='lat' dir='ltr'><strong>nihil</strong></span> <span class='ocrx_word' id='word_1_212' title='bbox 798 1710 860 1774; x_wconf 90' lang='lat' dir='ltr'><strong>nisi</strong></span> <span class='ocrx_word' id='word_1_213' title='bbox 878 1707 993 1774; x_wconf 88' lang='lat' dir='ltr'><strong>caedes</strong></span> <span class='ocrx_word' id='word_1_214' title='bbox 1010 1719 1043 1773; x_wconf 94' lang='lat' dir='ltr'><strong>et</strong></span> <span class='ocrx_word' id='word_1_215' title='bbox 1061 1708 1193 1775; x_wconf 90' lang='lat' dir='ltr'><strong>urbium</strong></span> <span class='ocrx_word' id='word_1_216' title='bbox 1245 1727 1360 1773; x_wconf 89' lang='lat' dir='ltr'><strong>curam</strong></span> <span class='ocrx_word' id='word_1_217' title='bbox 1383 1706 1531 1772; x_wconf 87' lang='lat' dir='ltr'><strong>abiicere.</strong></span> <span class='ocrx_word' id='word_1_218' title='bbox 1559 1709 1605 1771; x_wconf 84' lang='lat' dir='ltr'><strong>Et</strong></span> <span class='ocrx_word' id='word_1_219' title='bbox 1626 1715 1714 1772; x_wconf 90' lang='lat' dir='ltr'><strong>certe</strong></span> <span class='ocrx_word' id='word_1_220' title='bbox 1735 1708 1783 1771; x_wconf 88' lang='lat' dir='ltr'><strong>ita</strong></span> <span class='ocrx_word' id='word_1_221' title='bbox 1804 1705 2015 1771; x_wconf 88' lang='lat' dir='ltr'><strong>statuendum</strong></span> <span class='ocrx_word' id='word_1_222' title='bbox 2037 1713 2097 1784; x_wconf 89' lang='lat' dir='ltr'><strong>est,</strong></span> <span class='ocrx_word' id='word_1_223' title='bbox 2120 1727 2224 1789; x_wconf 91' lang='lat' dir='ltr'><strong>quum</strong></span> 
     </span>
     <span class='ocr_line' id='line_1_17' title="bbox 221 1790 2224 1875; baseline -0.001 -15"><span class='ocrx_word' id='word_1_224' title='bbox 221 1796 334 1860; x_wconf 87' lang='lat' dir='ltr'><strong>ruinas</strong></span> <span class='ocrx_word' id='word_1_225' title='bbox 356 1792 520 1874; x_wconf 88' lang='lat' dir='ltr'><strong>spirabas:</strong></span> <span class='ocrx_word' id='word_1_226' title='bbox 549 1794 640 1875; x_wconf 91' lang='lat' dir='ltr'><strong>atqui</strong></span> <span class='ocrx_word' id='word_1_227' title='bbox 668 1792 799 1858; x_wconf 92' lang='lat' dir='ltr'><strong>demum</strong></span> <span class='ocrx_word' id='word_1_228' title='bbox 828 1814 863 1858; x_wconf 92' lang='lat' dir='ltr'><strong>se</strong></span> <span class='ocrx_word' id='word_1_229' title='bbox 885 1793 1025 1859; x_wconf 90' lang='lat' dir='ltr'><strong>iudicem</strong></span> <span class='ocrx_word' id='word_1_230' title='bbox 1048 1795 1082 1858; x_wconf 93' lang='lat' dir='ltr'><strong>in</strong></span> <span class='ocrx_word' id='word_1_231' title='bbox 1105 1795 1193 1859; x_wconf 91' lang='lat' dir='ltr'><strong>coelo</strong></span> <span class='ocrx_word' id='word_1_232' title='bbox 1247 1792 1441 1873; x_wconf 89' lang='lat' dir='ltr'><strong>dissimulat,</strong></span> <span class='ocrx_word' id='word_1_233' title='bbox 1469 1813 1533 1856; x_wconf 91' lang='lat' dir='ltr'><strong>non</strong></span> <span class='ocrx_word' id='word_1_234' title='bbox 1557 1790 1707 1857; x_wconf 88' lang='lat' dir='ltr'><strong>deserere</strong></span> <span class='ocrx_word' id='word_1_235' title='bbox 1729 1813 1805 1857; x_wconf 90' lang='lat' dir='ltr'><strong>suas</strong></span> <span class='ocrx_word' id='word_1_236' title='bbox 1836 1799 1956 1873; x_wconf 91' lang='lat' dir='ltr'><strong>partes,</strong></span> <span class='ocrx_word' id='word_1_237' title='bbox 1986 1791 2043 1855; x_wconf 90' lang='lat' dir='ltr'><strong>scd</strong></span> <span class='ocrx_word' id='word_1_238' title='bbox 2069 1812 2224 1858; x_wconf 90' lang='lat' dir='ltr'><strong>exercere</strong></span> 
     </span>
     <span class='ocr_line' id='line_1_18' title="bbox 220 1875 2222 1961; baseline -0.001 -17"><span class='ocrx_word' id='word_1_239' title='bbox 220 1879 333 1944; x_wconf 90' lang='lat' dir='ltr'><strong>sedere</strong></span> <span class='ocrx_word' id='word_1_240' title='bbox 353 1879 445 1943; x_wconf 89' lang='lat' dir='ltr'><strong>Deus</strong></span> <span class='ocrx_word' id='word_1_241' title='bbox 462 1877 614 1958; x_wconf 86' lang='lat' dir='ltr'><strong>ostendit,</strong></span> <span class='ocrx_word' id='word_1_242' title='bbox 637 1879 762 1960; x_wconf 90' lang='lat' dir='ltr'><strong>quires</strong></span> <span class='ocrx_word' id='word_1_243' title='bbox 781 1879 817 1943; x_wconf 92' lang='lat' dir='ltr'><strong>iu</strong></span> <span class='ocrx_word' id='word_1_244' title='bbox 836 1879 1194 1945; x_wconf 87' lang='lat' dir='ltr'><strong>terraturbatascom-</strong></span> <span class='ocrx_word' id='word_1_245' title='bbox 1246 1898 1382 1943; x_wconf 89' lang='lat' dir='ltr'><strong>suorum</strong></span> <span class='ocrx_word' id='word_1_246' title='bbox 1404 1877 1615 1960; x_wconf 91' lang='lat' dir='ltr'><strong>patientiam:</strong></span> <span class='ocrx_word' id='word_1_247' title='bbox 1636 1875 1776 1959; x_wconf 89' lang='lat' dir='ltr'><strong>ideoque</strong></span> <span class='ocrx_word' id='word_1_248' title='bbox 1798 1876 1922 1959; x_wconf 89' lang='lat' dir='ltr'><strong>pacatis</strong></span> <span class='ocrx_word' id='word_1_249' title='bbox 1943 1875 2063 1941; x_wconf 89' lang='lat' dir='ltr'><strong>animis</strong></span> <span class='ocrx_word' id='word_1_250' title='bbox 2085 1897 2222 1961; x_wconf 87' lang='lat' dir='ltr'><strong>exspec-</strong></span> 
     </span>
     <span class='ocr_line' id='line_1_19' title="bbox 221 1959 2223 2047; baseline -0.001 -19"><span class='ocrx_word' id='word_1_251' title='bbox 221 1975 329 2047; x_wconf 85' lang='lat' dir='ltr'><strong>ponat.</strong></span> <span class='ocrx_word' id='word_1_252' title='bbox 354 1962 439 2028; x_wconf 88' lang='lat' dir='ltr'><strong>Aliis</strong></span> <span class='ocrx_word' id='word_1_253' title='bbox 462 1961 591 2027; x_wconf 90' lang='lat' dir='ltr'><strong>videtur</strong></span> <span class='ocrx_word' id='word_1_254' title='bbox 610 1962 721 2028; x_wconf 89' lang='lat' dir='ltr'><strong>David</strong></span> <span class='ocrx_word' id='word_1_255' title='bbox 743 1963 868 2046; x_wconf 88' lang='lat' dir='ltr'><strong>gratiae</strong></span> <span class='ocrx_word' id='word_1_256' title='bbox 885 1964 958 2028; x_wconf 90' lang='lat' dir='ltr'><strong>Deo</strong></span> <span class='ocrx_word' id='word_1_257' title='bbox 980 1984 1087 2046; x_wconf 88' lang='lat' dir='ltr'><strong>agere,</strong></span> <span class='ocrx_word' id='word_1_258' title='bbox 1109 1964 1194 2047; x_wconf 91' lang='lat' dir='ltr'><strong>quod</strong></span> <span class='ocrx_word' id='word_1_259' title='bbox 1246 1962 1384 2028; x_wconf 71' lang='lat' dir='ltr'><strong>mudum</strong></span> <span class='ocrx_word' id='word_1_260' title='bbox 1418 1983 1489 2027; x_wconf 89' lang='lat' dir='ltr'><strong>esee</strong></span> <span class='ocrx_word' id='word_1_261' title='bbox 1519 1963 1655 2027; x_wconf 89' lang='lat' dir='ltr'><strong>exitum.</strong></span> <span class='ocrx_word' id='word_1_262' title='bbox 1700 1963 1884 2026; x_wconf 89' lang='lat' dir='ltr'><strong>Pronomen</strong></span> <span class='ocrx_word' id='word_1_263' title='bbox 1924 1959 2223 2027; x_wconf 89' lang='lat' dir='ltr'><strong>demonstrativum</strong></span> 
     </span>
     <span class='ocr_line' id='line_1_20' title="bbox 221 2045 2224 2145; baseline -0.001 -31"><span class='ocrx_word' id='word_1_264' title='bbox 221 2070 321 2131; x_wconf 91' lang='lat' dir='ltr'><strong>quum</strong></span> <span class='ocrx_word' id='word_1_265' title='bbox 351 2048 460 2130; x_wconf 88' lang='lat' dir='ltr'><strong>impiis</strong></span> <span class='ocrx_word' id='word_1_266' title='bbox 489 2047 655 2113; x_wconf 90' lang='lat' dir='ltr'><strong>decretum</strong></span> <span class='ocrx_word' id='word_1_267' title='bbox 678 2060 763 2113; x_wconf 89' lang='lat' dir='ltr'><strong>esset</strong></span> <span class='ocrx_word' id='word_1_268' title='bbox 785 2048 896 2114; x_wconf 91' lang='lat' dir='ltr'><strong>omnia</strong></span> <span class='ocrx_word' id='word_1_269' title='bbox 918 2048 1065 2131; x_wconf 87' lang='lat' dir='ltr'><strong>perdere,</strong></span> <span class='ocrx_word' id='word_1_270' title='bbox 1095 2051 1194 2114; x_wconf 89' lang='lat' dir='ltr'><strong>finem</strong></span> <span class='ocrx_word' id='word_1_271' title='bbox 1245 2048 1333 2130; x_wconf 91' lang='lat' dir='ltr'><strong>apud</strong></span> <span class='ocrx_word' id='word_1_272' title='bbox 1366 2070 1419 2113; x_wconf 91' lang='lat' dir='ltr'><strong>me</strong></span> <span class='ocrx_word' id='word_1_273' title='bbox 1448 2046 1575 2130; x_wconf 89' lang='lat' dir='ltr'><strong>pondus</strong></span> <span class='ocrx_word' id='word_1_274' title='bbox 1605 2047 1719 2112; x_wconf 88' lang='lat' dir='ltr'><strong>habet:</strong></span> <span class='ocrx_word' id='word_1_275' title='bbox 1750 2067 1787 2112; x_wconf 90' lang='lat' dir='ltr'><strong>ac</strong></span> <span class='ocrx_word' id='word_1_276' title='bbox 1815 2049 1843 2111; x_wconf 91' lang='lat' dir='ltr'><strong>si</strong></span> <span class='ocrx_word' id='word_1_277' title='bbox 1873 2045 2005 2145; x_wconf 65' lang='lat' dir='ltr'><strong>diceret²</strong></span> <span class='ocrx_word' id='word_1_278' title='bbox 2033 2066 2099 2110; x_wconf 91' lang='lat' dir='ltr'><strong>nou</strong></span> <span class='ocrx_word' id='word_1_279' title='bbox 2128 2068 2224 2131; x_wconf 87' lang='lat' dir='ltr'><strong>posse</strong></span> 
     </span>
     <span class='ocr_line' id='line_1_21' title="bbox 222 2130 2224 2216; baseline -0 -18"><span class='ocrx_word' id='word_1_280' title='bbox 222 2134 414 2216; x_wconf 90' lang='lat' dir='ltr'><strong>imposuerit</strong></span> <span class='ocrx_word' id='word_1_281' title='bbox 436 2152 551 2197; x_wconf 89' lang='lat' dir='ltr'><strong>eorum</strong></span> <span class='ocrx_word' id='word_1_282' title='bbox 563 2133 812 2198; x_wconf 90' lang='lat' dir='ltr'><strong>vastationibus.</strong></span> <span class='ocrx_word' id='word_1_283' title='bbox 836 2132 989 2198; x_wconf 75' lang='lat' dir='ltr'><strong>coactius</strong></span> <span class='ocrx_word' id='word_1_284' title='bbox 1006 2133 1062 2197; x_wconf 92' lang='lat' dir='ltr'><strong>alii</strong></span> <span class='ocrx_word' id='word_1_285' title='bbox 1079 2134 1194 2216; x_wconf 93' lang='lat' dir='ltr'><strong>imple·</strong></span> <span class='ocrx_word' id='word_1_286' title='bbox 1246 2132 1308 2197; x_wconf 90' lang='lat' dir='ltr'><strong>hoc</strong></span> <span class='ocrx_word' id='word_1_287' title='bbox 1330 2134 1402 2198; x_wconf 90' lang='lat' dir='ltr'><strong>Deo</strong></span> <span class='ocrx_word' id='word_1_288' title='bbox 1432 2133 1514 2214; x_wconf 92' lang='lat' dir='ltr'><strong>eripi</strong></span> <span class='ocrx_word' id='word_1_289' title='bbox 1544 2132 1622 2214; x_wconf 91' lang='lat' dir='ltr'><strong>quin</strong></span> <span class='ocrx_word' id='word_1_290' title='bbox 1653 2133 1723 2215; x_wconf 90' lang='lat' dir='ltr'><strong>ipse</strong></span> <span class='ocrx_word' id='word_1_291' title='bbox 1754 2131 1911 2196; x_wconf 91' lang='lat' dir='ltr'><strong>mundum</strong></span> <span class='ocrx_word' id='word_1_292' title='bbox 1936 2130 2066 2209; x_wconf 85' lang='lat' dir='ltr'><strong>iudrcet,</strong></span> <span class='ocrx_word' id='word_1_293' title='bbox 2097 2152 2224 2215; x_wconf 88' lang='lat' dir='ltr'><strong>suaque</strong></span> 
     </span>
     <span class='ocr_line' id='line_1_22' title="bbox 222 2215 2222 2302; baseline 0 -20"><span class='ocrx_word' id='word_1_294' title='bbox 222 2218 640 2299; x_wconf 89' lang='lat' dir='ltr'><strong>tasvastitatesexponuut,</strong></span> <span class='ocrx_word' id='word_1_295' title='bbox 656 2216 1194 2302; x_wconf 89' lang='lat' dir='ltr'><strong>quodDcusiustaviudicta,quae</strong></span> <span class='ocrx_word' id='word_1_296' title='bbox 1245 2217 1365 2283; x_wconf 90' lang='lat' dir='ltr'><strong>iudicia</strong></span> <span class='ocrx_word' id='word_1_297' title='bbox 1387 2216 1428 2282; x_wconf 90' lang='lat' dir='ltr'><strong>ad</strong></span> <span class='ocrx_word' id='word_1_298' title='bbox 1451 2238 1565 2282; x_wconf 90' lang='lat' dir='ltr'><strong>omnes</strong></span> <span class='ocrx_word' id='word_1_299' title='bbox 1589 2218 1724 2299; x_wconf 89' lang='lat' dir='ltr'><strong>populos</strong></span> <span class='ocrx_word' id='word_1_300' title='bbox 1747 2216 1912 2281; x_wconf 89' lang='lat' dir='ltr'><strong>extendat.</strong></span> <span class='ocrx_word' id='word_1_301' title='bbox 1944 2215 2040 2280; x_wconf 88' lang='lat' dir='ltr'><strong>Unde</strong></span> <span class='ocrx_word' id='word_1_302' title='bbox 2061 2218 2222 2299; x_wconf 88' lang='lat' dir='ltr'><strong>sequitur,</strong></span> 
     </span>
     <span class='ocr_line' id='line_1_23' title="bbox 221 2300 2222 2386; baseline 0 -19"><span class='ocrx_word' id='word_1_303' title='bbox 221 2303 256 2367; x_wconf 92' lang='lat' dir='ltr'><strong>in</strong></span> <span class='ocrx_word' id='word_1_304' title='bbox 265 2301 427 2367; x_wconf 88' lang='lat' dir='ltr'><strong>Davidem</strong></span> <span class='ocrx_word' id='word_1_305' title='bbox 447 2301 626 2366; x_wconf 90' lang='lat' dir='ltr'><strong>machinati</strong></span> <span class='ocrx_word' id='word_1_306' title='bbox 646 2303 778 2367; x_wconf 87' lang='lat' dir='ltr'><strong>fuerant</strong></span> <span class='ocrx_word' id='word_1_307' title='bbox 791 2303 893 2385; x_wconf 93' lang='lat' dir='ltr'><strong>impii,</strong></span> <span class='ocrx_word' id='word_1_308' title='bbox 915 2304 948 2367; x_wconf 90' lang='lat' dir='ltr'><strong>in</strong></span> <span class='ocrx_word' id='word_1_309' title='bbox 962 2323 1075 2368; x_wconf 92' lang='lat' dir='ltr'><strong>eornm</strong></span> <span class='ocrx_word' id='word_1_310' title='bbox 1087 2305 1194 2386; x_wconf 92' lang='lat' dir='ltr'><strong>capita</strong></span> <span class='ocrx_word' id='word_1_311' title='bbox 1246 2304 1349 2368; x_wconf 91' lang='lat' dir='ltr'><strong>multo</strong></span> <span class='ocrx_word' id='word_1_312' title='bbox 1371 2302 1477 2386; x_wconf 87' lang='lat' dir='ltr'><strong>magis</strong></span> <span class='ocrx_word' id='word_1_313' title='bbox 1494 2323 1627 2367; x_wconf 89' lang='lat' dir='ltr'><strong>suorum</strong></span> <span class='ocrx_word' id='word_1_314' title='bbox 1650 2303 1720 2366; x_wconf 87' lang='lat' dir='ltr'><strong>fore</strong></span> <span class='ocrx_word' id='word_1_315' title='bbox 1742 2300 1894 2366; x_wconf 88' lang='lat' dir='ltr'><strong>iudicem.</strong></span> <span class='ocrx_word' id='word_1_316' title='bbox 1928 2301 1973 2365; x_wconf 83' lang='lat' dir='ltr'><strong>Et</strong></span> <span class='ocrx_word' id='word_1_317' title='bbox 1994 2300 2116 2366; x_wconf 90' lang='lat' dir='ltr'><strong>iudicia</strong></span> <span class='ocrx_word' id='word_1_318' title='bbox 2139 2303 2222 2368; x_wconf 89' lang='lat' dir='ltr'><strong>haee</strong></span> 
     </span>
     <span class='ocr_line' id='line_1_24' title="bbox 221 2385 2223 2470; baseline -0.001 -17"><span class='ocrx_word' id='word_1_319' title='bbox 221 2389 367 2453; x_wconf 88' lang='lat' dir='ltr'><strong>verterit.</strong></span> <span class='ocrx_word' id='word_1_320' title='bbox 391 2387 459 2452; x_wconf 84' lang='lat' dir='ltr'><strong>Alii</strong></span> <span class='ocrx_word' id='word_1_321' title='bbox 477 2386 618 2470; x_wconf 91' lang='lat' dir='ltr'><strong>primum</strong></span> <span class='ocrx_word' id='word_1_322' title='bbox 639 2386 801 2453; x_wconf 84' lang='lat' dir='ltr'><strong>Davidem</strong></span> <span class='ocrx_word' id='word_1_323' title='bbox 819 2389 975 2470; x_wconf 83' lang='lat' dir='ltr'><strong>conqueri</strong></span> <span class='ocrx_word' id='word_1_324' title='bbox 992 2389 1192 2468; x_wconf 88' lang='lat' dir='ltr'><strong>existimant,</strong></span> <span class='ocrx_word' id='word_1_325' title='bbox 1246 2397 1334 2453; x_wconf 91' lang='lat' dir='ltr'><strong>recta</strong></span> <span class='ocrx_word' id='word_1_326' title='bbox 1357 2410 1427 2454; x_wconf 89' lang='lat' dir='ltr'><strong>esse</strong></span> <span class='ocrx_word' id='word_1_327' title='bbox 1449 2389 1641 2470; x_wconf 88' lang='lat' dir='ltr'><strong>pronuntiat</strong></span> <span class='ocrx_word' id='word_1_328' title='bbox 1659 2385 1779 2465; x_wconf 88' lang='lat' dir='ltr'><strong>David,</strong></span> <span class='ocrx_word' id='word_1_329' title='bbox 1802 2396 1841 2451; x_wconf 90' lang='lat' dir='ltr'><strong>ut</strong></span> <span class='ocrx_word' id='word_1_330' title='bbox 1857 2386 1978 2450; x_wconf 88' lang='lat' dir='ltr'><strong>iniuste</strong></span> <span class='ocrx_word' id='word_1_331' title='bbox 1996 2392 2030 2451; x_wconf 86' lang='lat' dir='ltr'><strong>et</strong></span> <span class='ocrx_word' id='word_1_332' title='bbox 2046 2387 2223 2453; x_wconf 88' lang='lat' dir='ltr'><strong>crudeliter</strong></span> 
     </span>
     <span class='ocr_line' id='line_1_25' title="bbox 221 2470 2222 2555; baseline -0 -19"><span class='ocrx_word' id='word_1_333' title='bbox 221 2472 307 2554; x_wconf 92' lang='lat' dir='ltr'><strong>quod</strong></span> <span class='ocrx_word' id='word_1_334' title='bbox 326 2470 417 2537; x_wconf 93' lang='lat' dir='ltr'><strong>Deus</strong></span> <span class='ocrx_word' id='word_1_335' title='bbox 434 2472 587 2536; x_wconf 90' lang='lat' dir='ltr'><strong>miseram</strong></span> <span class='ocrx_word' id='word_1_336' title='bbox 606 2472 718 2554; x_wconf 90' lang='lat' dir='ltr'><strong>populi</strong></span> <span class='ocrx_word' id='word_1_337' title='bbox 736 2473 789 2538; x_wconf 92' lang='lat' dir='ltr'><strong>sui</strong></span> <span class='ocrx_word' id='word_1_338' title='bbox 807 2471 1052 2554; x_wconf 89' lang='lat' dir='ltr'><strong>dissipationem</strong></span> <span class='ocrx_word' id='word_1_339' title='bbox 1071 2475 1192 2538; x_wconf 91' lang='lat' dir='ltr'><strong>tacitus</strong></span> <span class='ocrx_word' id='word_1_340' title='bbox 1247 2473 1365 2552; x_wconf 89' lang='lat' dir='ltr'><strong>vexati,</strong></span> <span class='ocrx_word' id='word_1_341' title='bbox 1397 2473 1559 2538; x_wconf 88' lang='lat' dir='ltr'><strong>auxilium</strong></span> <span class='ocrx_word' id='word_1_342' title='bbox 1587 2473 1628 2537; x_wconf 89' lang='lat' dir='ltr'><strong>ab</strong></span> <span class='ocrx_word' id='word_1_343' title='bbox 1657 2474 1728 2555; x_wconf 91' lang='lat' dir='ltr'><strong>ipso</strong></span> <span class='ocrx_word' id='word_1_344' title='bbox 1756 2485 1845 2536; x_wconf 88' lang='lat' dir='ltr'><strong>certa</strong></span> <span class='ocrx_word' id='word_1_345' title='bbox 1866 2492 1924 2553; x_wconf 89' lang='lat' dir='ltr'><strong>spe</strong></span> <span class='ocrx_word' id='word_1_346' title='bbox 1946 2479 2114 2553; x_wconf 90' lang='lat' dir='ltr'><strong>petamus:</strong></span> <span class='ocrx_word' id='word_1_347' title='bbox 2145 2474 2222 2555; x_wconf 89' lang='lat' dir='ltr'><strong>quia</strong></span> 
     </span>
     <span class='ocr_line' id='line_1_26' title="bbox 221 2556 2222 2640; baseline 0.001 -21"><span class='ocrx_word' id='word_1_348' title='bbox 221 2557 275 2620; x_wconf 93' lang='lat' dir='ltr'><strong>diu</strong></span> <span class='ocrx_word' id='word_1_349' title='bbox 309 2556 429 2637; x_wconf 90' lang='lat' dir='ltr'><strong>tulerit,</strong></span> <span class='ocrx_word' id='word_1_350' title='bbox 464 2566 561 2639; x_wconf 87' lang='lat' dir='ltr'><strong>atque</strong></span> <span class='ocrx_word' id='word_1_351' title='bbox 590 2557 636 2620; x_wconf 91' lang='lat' dir='ltr'><strong>ita</strong></span> <span class='ocrx_word' id='word_1_352' title='bbox 658 2556 779 2621; x_wconf 83' lang='lat' dir='ltr'><strong>lactum</strong></span> <span class='ocrx_word' id='word_1_353' title='bbox 801 2558 846 2621; x_wconf 88' lang='lat' dir='ltr'><strong>sit</strong></span> <span class='ocrx_word' id='word_1_354' title='bbox 868 2566 904 2620; x_wconf 91' lang='lat' dir='ltr'><strong>ut</strong></span> <span class='ocrx_word' id='word_1_355' title='bbox 925 2559 1017 2639; x_wconf 92' lang='lat' dir='ltr'><strong>impii</strong></span> <span class='ocrx_word' id='word_1_356' title='bbox 1039 2579 1098 2640; x_wconf 92' lang='lat' dir='ltr'><strong>pro</strong></span> <span class='ocrx_word' id='word_1_357' title='bbox 1121 2557 1192 2622; x_wconf 94' lang='lat' dir='ltr'><strong>libi·</strong></span> <span class='ocrx_word' id='word_1_358' title='bbox 1245 2577 1345 2638; x_wconf 91' lang='lat' dir='ltr'><strong>quum</strong></span> <span class='ocrx_word' id='word_1_359' title='bbox 1376 2557 1514 2640; x_wconf 88' lang='lat' dir='ltr'><strong>populos</strong></span> <span class='ocrx_word' id='word_1_360' title='bbox 1542 2559 1577 2621; x_wconf 90' lang='lat' dir='ltr'><strong>in</strong></span> <span class='ocrx_word' id='word_1_361' title='bbox 1607 2556 1803 2622; x_wconf 85' lang='lat' dir='ltr'><strong>reatitudine</strong></span> <span class='ocrx_word' id='word_1_362' title='bbox 1831 2556 1962 2636; x_wconf 87' lang='lat' dir='ltr'><strong>iudicet,</strong></span> <span class='ocrx_word' id='word_1_363' title='bbox 1992 2577 2053 2622; x_wconf 91' lang='lat' dir='ltr'><strong>nec</strong></span> <span class='ocrx_word' id='word_1_364' title='bbox 2082 2557 2222 2622; x_wconf 85' lang='lat' dir='ltr'><strong>iniustas</strong></span> 
     </span>
     <span class='ocr_line' id='line_1_27' title="bbox 220 2640 2222 2725; baseline 0.001 -20"><span class='ocrx_word' id='word_1_365' title='bbox 220 2640 296 2705; x_wconf 90' lang='lat' dir='ltr'><strong>dine</strong></span> <span class='ocrx_word' id='word_1_366' title='bbox 336 2643 445 2705; x_wconf 89' lang='lat' dir='ltr'><strong>omnia</strong></span> <span class='ocrx_word' id='word_1_367' title='bbox 478 2641 671 2723; x_wconf 85' lang='lat' dir='ltr'><strong>perderent:</strong></span> <span class='ocrx_word' id='word_1_368' title='bbox 711 2650 823 2722; x_wconf 88' lang='lat' dir='ltr'><strong>postca</strong></span> <span class='ocrx_word' id='word_1_369' title='bbox 857 2643 1089 2708; x_wconf 90' lang='lat' dir='ltr'><strong>consolationis</strong></span> <span class='ocrx_word' id='word_1_370' title='bbox 1122 2644 1191 2708; x_wconf 89' lang='lat' dir='ltr'><strong>loco</strong></span> <span class='ocrx_word' id='word_1_371' title='bbox 1245 2642 1418 2709; x_wconf 90' lang='lat' dir='ltr'><strong>violentias</strong></span> <span class='ocrx_word' id='word_1_372' title='bbox 1446 2662 1575 2723; x_wconf 88' lang='lat' dir='ltr'><strong>semper</strong></span> <span class='ocrx_word' id='word_1_373' title='bbox 1595 2643 1731 2724; x_wconf 92' lang='lat' dir='ltr'><strong>impune</strong></span> <span class='ocrx_word' id='word_1_374' title='bbox 1752 2642 1896 2725; x_wconf 89' lang='lat' dir='ltr'><strong>grassari</strong></span> <span class='ocrx_word' id='word_1_375' title='bbox 1918 2643 2015 2721; x_wconf 90' lang='lat' dir='ltr'><strong>siuet,</strong></span> <span class='ocrx_word' id='word_1_376' title='bbox 2045 2662 2106 2707; x_wconf 90' lang='lat' dir='ltr'><strong>nec</strong></span> <span class='ocrx_word' id='word_1_377' title='bbox 2127 2643 2222 2707; x_wconf 90' lang='lat' dir='ltr'><strong>inno·</strong></span> 
     </span>
     <span class='ocr_line' id='line_1_28' title="bbox 218 2726 1742 2810; baseline -0.001 -19"><span class='ocrx_word' id='word_1_378' title='bbox 218 2727 387 2803; x_wconf 85' lang='lat' dir='ltr'><strong>subiicere,</strong></span> <span class='ocrx_word' id='word_1_379' title='bbox 421 2726 531 2790; x_wconf 87' lang='lat' dir='ltr'><strong>Deum</strong></span> <span class='ocrx_word' id='word_1_380' title='bbox 565 2735 675 2789; x_wconf 90' lang='lat' dir='ltr'><strong>tamen</strong></span> <span class='ocrx_word' id='word_1_381' title='bbox 715 2745 865 2807; x_wconf 86' lang='lat' dir='ltr'><strong>praeesse</strong></span> <span class='ocrx_word' id='word_1_382' title='bbox 898 2726 994 2793; x_wconf 90' lang='lat' dir='ltr'><strong>rebus</strong></span> <span class='ocrx_word' id='word_1_383' title='bbox 1028 2728 1189 2794; x_wconf 88' lang='lat' dir='ltr'><strong>humanis.</strong></span> <span class='ocrx_word' id='word_1_384' title='bbox 1244 2728 1386 2792; x_wconf 89' lang='lat' dir='ltr'><strong>centiam</strong></span> <span class='ocrx_word' id='word_1_385' title='bbox 1407 2748 1467 2810; x_wconf 91' lang='lat' dir='ltr'><strong>ope</strong></span> <span class='ocrx_word' id='word_1_386' title='bbox 1489 2748 1549 2792; x_wconf 89' lang='lat' dir='ltr'><strong>ena</strong></span> <span class='ocrx_word' id='word_1_387' title='bbox 1570 2727 1742 2791; x_wconf 87' lang='lat' dir='ltr'><strong>fraudabit.</strong></span> 
     </span>
    </p>

    <p class='ocr_par' dir='ltr' id='par_1_5' title="bbox 218 2809 1190 2896">
     <span class='ocr_line' id='line_1_29' title="bbox 218 2809 1190 2896; baseline 0.002 -20"><span class='ocrx_word' id='word_1_388' title='bbox 218 2811 304 2876; x_wconf 87' lang='lat' dir='ltr'><strong>Mihi</strong></span> <span class='ocrx_word' id='word_1_389' title='bbox 337 2831 403 2875; x_wconf 91' lang='lat' dir='ltr'><strong>uon</strong></span> <span class='ocrx_word' id='word_1_390' title='bbox 433 2809 592 2891; x_wconf 91' lang='lat' dir='ltr'><strong>displicet,</strong></span> <span class='ocrx_word' id='word_1_391' title='bbox 626 2809 748 2876; x_wconf 90' lang='lat' dir='ltr'><strong>ironice</strong></span> <span class='ocrx_word' id='word_1_392' title='bbox 779 2810 887 2893; x_wconf 91' lang='lat' dir='ltr'><strong>primo</strong></span> <span class='ocrx_word' id='word_1_393' title='bbox 920 2811 1058 2877; x_wconf 87' lang='lat' dir='ltr'><strong>describi</strong></span> <span class='ocrx_word' id='word_1_394' title='bbox 1091 2835 1190 2896; x_wconf 91' lang='lat' dir='ltr'><strong>quam</strong></span> 
     </span>
    </p>

    <p class='ocr_par' dir='ltr' id='par_1_6' title="bbox 216 2894 2221 3488">
     <span class='ocr_line' id='line_1_30' title="bbox 219 2894 2221 2981; baseline 0.001 -21"><span class='ocrx_word' id='word_1_395' title='bbox 219 2894 433 2960; x_wconf 84' lang='lat' dir='ltr'><strong>formidabilis</strong></span> <span class='ocrx_word' id='word_1_396' title='bbox 473 2895 561 2958; x_wconf 89' lang='lat' dir='ltr'><strong>iuter</strong></span> <span class='ocrx_word' id='word_1_397' title='bbox 601 2896 724 2977; x_wconf 91' lang='lat' dir='ltr'><strong>primos</strong></span> <span class='ocrx_word' id='word_1_398' title='bbox 757 2904 865 2961; x_wconf 88' lang='lat' dir='ltr'><strong>metue</strong></span> <span class='ocrx_word' id='word_1_399' title='bbox 897 2896 1013 2962; x_wconf 89' lang='lat' dir='ltr'><strong>fuisset</strong></span> <span class='ocrx_word' id='word_1_400' title='bbox 1046 2898 1190 2964; x_wconf 92' lang='lat' dir='ltr'><strong>hostium</strong></span> <span class='ocrx_word' id='word_1_401' title='bbox 1332 2896 1383 2961; x_wconf 90' lang='lat'><strong>10.</strong></span> <span class='ocrx_word' id='word_1_402' title='bbox 1411 2897 1457 2962; x_wconf 87' lang='lat' dir='ltr'><strong>Et</strong></span> <span class='ocrx_word' id='word_1_403' title='bbox 1484 2898 1543 2961; x_wconf 86' lang='lat' dir='ltr'><strong>erit</strong></span> <span class='ocrx_word' id='word_1_404' title='bbox 1572 2896 1689 2962; x_wconf 83' lang='lat' dir='ltr'><strong>Ieltoce</strong></span> <span class='ocrx_word' id='word_1_405' title='bbox 1716 2897 1943 2963; x_wconf 65' lang='lat' dir='ltr'><strong>morimarusam</strong></span> <span class='ocrx_word' id='word_1_406' title='bbox 1965 2898 2116 2980; x_wconf 80' lang='lat' dir='ltr'><strong>pauperi,</strong></span> <span class='ocrx_word' id='word_1_407' title='bbox 2144 2919 2221 2981; x_wconf 83' lang='lat' dir='ltr'><strong>prc-</strong></span> 
     </span>
     <span class='ocr_line' id='line_1_31' title="bbox 218 2979 2221 3064; baseline 0.001 -19"><span class='ocrx_word' id='word_1_408' title='bbox 218 2982 382 3062; x_wconf 89' lang='lat' dir='ltr'><strong>potentia:</strong></span> <span class='ocrx_word' id='word_1_409' title='bbox 406 2979 522 3044; x_wconf 90' lang='lat' dir='ltr'><strong>deinde</strong></span> <span class='ocrx_word' id='word_1_410' title='bbox 544 2981 666 3062; x_wconf 89' lang='lat' dir='ltr'><strong>opponi</strong></span> <span class='ocrx_word' id='word_1_411' title='bbox 684 2981 747 3046; x_wconf 93' lang='lat' dir='ltr'><strong>Dei</strong></span> <span class='ocrx_word' id='word_1_412' title='bbox 766 2980 932 3057; x_wconf 89' lang='lat' dir='ltr'><strong>iudicium,</strong></span> <span class='ocrx_word' id='word_1_413' title='bbox 956 2982 1042 3064; x_wconf 92' lang='lat' dir='ltr'><strong>quod</strong></span> <span class='ocrx_word' id='word_1_414' title='bbox 1061 2982 1191 3048; x_wconf 90' lang='lat' dir='ltr'><strong>illorum</strong></span> <span class='ocrx_word' id='word_1_415' title='bbox 1245 2982 1334 3047; x_wconf 82' lang='lat' dir='ltr'><strong>tectio</strong></span> <span class='ocrx_word' id='word_1_416' title='bbox 1364 2983 1547 3063; x_wconf 78' lang='lat' dir='ltr'><strong>opportmtis</strong></span> <span class='ocrx_word' id='word_1_417' title='bbox 1575 2981 1762 3064; x_wconf 78' lang='lat' dir='ltr'><strong>temporibus</strong></span> <span class='ocrx_word' id='word_1_418' title='bbox 1790 2985 1825 3048; x_wconf 79' lang='lat' dir='ltr'><strong>ire</strong></span> <span class='ocrx_word' id='word_1_419' title='bbox 1846 2982 2056 3048; x_wconf 64' lang='lat' dir='ltr'><strong>bibulmiorte.</strong></span> <span class='ocrx_word' id='word_1_420' title='bbox 2103 2984 2153 3049; x_wconf 88' lang='lat'><strong>11.</strong></span> <span class='ocrx_word' id='word_1_421' title='bbox 2176 2982 2221 3047; x_wconf 72' lang='lat' dir='ltr'><strong>a:</strong></span> 
     </span>
     <span class='ocr_line' id='line_1_32' title="bbox 216 3065 2218 3151; baseline 0.001 -21"><span class='ocrx_word' id='word_1_422' title='bbox 216 3086 411 3150; x_wconf 86' lang='lat' dir='ltr'><strong>progressus</strong></span> <span class='ocrx_word' id='word_1_423' title='bbox 440 3073 575 3149; x_wconf 89' lang='lat' dir='ltr'><strong>repente</strong></span> <span class='ocrx_word' id='word_1_424' title='bbox 603 3072 733 3147; x_wconf 89' lang='lat' dir='ltr'><strong>praeter</strong></span> <span class='ocrx_word' id='word_1_425' title='bbox 760 3086 852 3148; x_wconf 91' lang='lat' dir='ltr'><strong>spem</strong></span> <span class='ocrx_word' id='word_1_426' title='bbox 874 3065 1015 3151; x_wconf 89' lang='lat' dir='ltr'><strong>abrupit.</strong></span> <span class='ocrx_word' id='word_1_427' title='bbox 1062 3067 1191 3134; x_wconf 86' lang='lat' dir='ltr'><strong>Scimus</strong></span> <span class='ocrx_word' id='word_1_428' title='bbox 1244 3068 1414 3150; x_wconf 72' lang='lat' dir='ltr'><strong>spectum</strong></span> <span class='ocrx_word' id='word_1_429' title='bbox 1442 3069 1476 3131; x_wconf 85' lang='lat' dir='ltr'><strong>in</strong></span> <span class='ocrx_word' id='word_1_430' title='bbox 1505 3073 1533 3131; x_wconf 74' lang='lat' dir='ltr'><strong>te</strong></span> <span class='ocrx_word' id='word_1_431' title='bbox 1560 3069 1617 3149; x_wconf 82' lang='lat' dir='ltr'><strong>qui</strong></span> <span class='ocrx_word' id='word_1_432' title='bbox 1646 3073 1826 3150; x_wconf 65' lang='lat' dir='ltr'><strong>cognoram</strong></span> <span class='ocrx_word' id='word_1_433' title='bbox 1856 3087 1970 3132; x_wconf 82' lang='lat' dir='ltr'><strong>nomen</strong></span> <span class='ocrx_word' id='word_1_434' title='bbox 2002 3073 2108 3133; x_wconf 81' lang='lat' dir='ltr'><strong>tcum:</strong></span> <span class='ocrx_word' id='word_1_435' title='bbox 2141 3069 2218 3149; x_wconf 80' lang='lat' dir='ltr'><strong>qaia</strong></span> 
     </span>
     <span class='ocr_line' id='line_1_33' title="bbox 218 3150 2221 3237; baseline 0 -20"><span class='ocrx_word' id='word_1_436' title='bbox 218 3152 305 3218; x_wconf 92' lang='lat' dir='ltr'><strong>enim</strong></span> <span class='ocrx_word' id='word_1_437' title='bbox 339 3150 467 3233; x_wconf 91' lang='lat' dir='ltr'><strong>impios,</strong></span> <span class='ocrx_word' id='word_1_438' title='bbox 503 3151 653 3234; x_wconf 91' lang='lat' dir='ltr'><strong>quamvis</strong></span> <span class='ocrx_word' id='word_1_439' title='bbox 686 3171 753 3216; x_wconf 90' lang='lat' dir='ltr'><strong>uon</strong></span> <span class='ocrx_word' id='word_1_440' title='bbox 785 3161 896 3234; x_wconf 89' lang='lat' dir='ltr'><strong>aparte</strong></span> <span class='ocrx_word' id='word_1_441' title='bbox 929 3151 1087 3237; x_wconf 84' lang='lat' dir='ltr'><strong>abrogent</strong></span> <span class='ocrx_word' id='word_1_442' title='bbox 1118 3152 1191 3217; x_wconf 87' lang='lat' dir='ltr'><strong>Deo</strong></span> <span class='ocrx_word' id='word_1_443' title='bbox 1244 3173 1308 3216; x_wconf 79' lang='lat' dir='ltr'><strong>raon</strong></span> <span class='ocrx_word' id='word_1_444' title='bbox 1340 3152 1533 3233; x_wconf 78' lang='lat' dir='ltr'><strong>derelinquis</strong></span> <span class='ocrx_word' id='word_1_445' title='bbox 1565 3158 1743 3233; x_wconf 67' lang='lat' dir='ltr'><strong>praeeras</strong></span> <span class='ocrx_word' id='word_1_446' title='bbox 1765 3159 1801 3229; x_wconf 81' lang='lat' dir='ltr'><strong>te,</strong></span> <span class='ocrx_word' id='word_1_447' title='bbox 1836 3152 1957 3217; x_wconf 85' lang='lat' dir='ltr'><strong>Ieltoca.</strong></span> <span class='ocrx_word' id='word_1_448' title='bbox 2003 3153 2053 3216; x_wconf 79' lang='lat'><strong>12.</strong></span> <span class='ocrx_word' id='word_1_449' title='bbox 2087 3151 2221 3217; x_wconf 79' lang='lat' dir='ltr'><strong>Pacilitc</strong></span> 
     </span>
     <span class='ocr_line' id='line_1_34' title="bbox 216 3236 2219 3321; baseline 0.001 -20"><span class='ocrx_word' id='word_1_450' title='bbox 216 3236 401 3320; x_wconf 90' lang='lat' dir='ltr'><strong>imperium,</strong></span> <span class='ocrx_word' id='word_1_451' title='bbox 438 3243 550 3300; x_wconf 89' lang='lat' dir='ltr'><strong>tamen</strong></span> <span class='ocrx_word' id='word_1_452' title='bbox 581 3256 646 3300; x_wconf 91' lang='lat' dir='ltr'><strong>uon</strong></span> <span class='ocrx_word' id='word_1_453' title='bbox 675 3236 784 3301; x_wconf 87' lang='lat' dir='ltr'><strong>minus</strong></span> <span class='ocrx_word' id='word_1_454' title='bbox 811 3237 965 3303; x_wconf 83' lang='lat' dir='ltr'><strong>audenter</strong></span> <span class='ocrx_word' id='word_1_455' title='bbox 992 3238 1032 3302; x_wconf 91' lang='lat' dir='ltr'><strong>ad</strong></span> <span class='ocrx_word' id='word_1_456' title='bbox 1062 3259 1191 3304; x_wconf 91' lang='lat' dir='ltr'><strong>omnem</strong></span> <span class='ocrx_word' id='word_1_457' title='bbox 1245 3238 1379 3303; x_wconf 78' lang='lat' dir='ltr'><strong>chocoe</strong></span> <span class='ocrx_word' id='word_1_458' title='bbox 1396 3237 1563 3302; x_wconf 78' lang='lat' dir='ltr'><strong>habitatori</strong></span> <span class='ocrx_word' id='word_1_459' title='bbox 1581 3236 1666 3315; x_wconf 79' lang='lat' dir='ltr'><strong>Sion,</strong></span> <span class='ocrx_word' id='word_1_460' title='bbox 1687 3237 1961 3302; x_wconf 67' lang='lat' dir='ltr'><strong>unuurdicleitvter</strong></span> <span class='ocrx_word' id='word_1_461' title='bbox 1976 3238 2117 3319; x_wconf 79' lang='lat' dir='ltr'><strong>populos</strong></span> <span class='ocrx_word' id='word_1_462' title='bbox 2129 3243 2219 3321; x_wconf 76' lang='lat' dir='ltr'><strong>qesta</strong></span> 
     </span>
     <span class='ocr_line' id='line_1_35' title="bbox 217 3320 2221 3405; baseline 0 -17"><span class='ocrx_word' id='word_1_463' title='bbox 217 3322 377 3389; x_wconf 88' lang='lat' dir='ltr'><strong>scelerum</strong></span> <span class='ocrx_word' id='word_1_464' title='bbox 395 3320 561 3386; x_wconf 79' lang='lat' dir='ltr'><strong>licentiam</strong></span> <span class='ocrx_word' id='word_1_465' title='bbox 580 3342 686 3400; x_wconf 89' lang='lat' dir='ltr'><strong>ruere,</strong></span> <span class='ocrx_word' id='word_1_466' title='bbox 710 3342 808 3404; x_wconf 91' lang='lat' dir='ltr'><strong>quam</strong></span> <span class='ocrx_word' id='word_1_467' title='bbox 826 3323 856 3387; x_wconf 93' lang='lat' dir='ltr'><strong>si</strong></span> <span class='ocrx_word' id='word_1_468' title='bbox 873 3321 1082 3405; x_wconf 88' lang='lat' dir='ltr'><strong>compedibus</strong></span> <span class='ocrx_word' id='word_1_469' title='bbox 1101 3325 1191 3389; x_wconf 91' lang='lat' dir='ltr'><strong>vinc·</strong></span> <span class='ocrx_word' id='word_1_470' title='bbox 1244 3325 1320 3389; x_wconf 81' lang='lat' dir='ltr'><strong>eiua.</strong></span> <span class='ocrx_word' id='word_1_471' title='bbox 1368 3323 1417 3388; x_wconf 85' lang='lat'><strong>13.</strong></span> <span class='ocrx_word' id='word_1_472' title='bbox 1445 3322 1528 3404; x_wconf 77' lang='lat' dir='ltr'><strong>Quia</strong></span> <span class='ocrx_word' id='word_1_473' title='bbox 1548 3324 1711 3405; x_wconf 81' lang='lat' dir='ltr'><strong>requirens</strong></span> <span class='ocrx_word' id='word_1_474' title='bbox 1730 3323 1918 3404; x_wconf 72' lang='lat' dir='ltr'><strong>sanquinem</strong></span> <span class='ocrx_word' id='word_1_475' title='bbox 1949 3323 2019 3386; x_wconf 66' lang='lat' dir='ltr'><strong>aas</strong></span> <span class='ocrx_word' id='word_1_476' title='bbox 2039 3324 2221 3389; x_wconf 75' lang='lat' dir='ltr'><strong>reeordatus</strong></span> 
     </span>
     <span class='ocr_line' id='line_1_36' title="bbox 216 3404 1957 3488; baseline -0.001 -16"><span class='ocrx_word' id='word_1_477' title='bbox 216 3415 270 3472; x_wconf 89' lang='lat' dir='ltr'><strong>tus</strong></span> <span class='ocrx_word' id='word_1_478' title='bbox 293 3416 387 3471; x_wconf 90' lang='lat' dir='ltr'><strong>esset.</strong></span> <span class='ocrx_word' id='word_1_479' title='bbox 434 3404 583 3470; x_wconf 88' lang='lat' dir='ltr'><strong>Similem</strong></span> <span class='ocrx_word' id='word_1_480' title='bbox 614 3407 681 3470; x_wconf 84' lang='lat' dir='ltr'><strong>lere</strong></span> <span class='ocrx_word' id='word_1_481' title='bbox 704 3405 856 3487; x_wconf 89' lang='lat' dir='ltr'><strong>loquendi</strong></span> <span class='ocrx_word' id='word_1_482' title='bbox 886 3407 1027 3472; x_wconf 86' lang='lat' dir='ltr'><strong>formam</strong></span> <span class='ocrx_word' id='word_1_483' title='bbox 1056 3418 1191 3473; x_wconf 88' lang='lat' dir='ltr'><strong>annota-</strong></span> <span class='ocrx_word' id='word_1_484' title='bbox 1242 3413 1296 3488; x_wconf 83' lang='lat' dir='ltr'><strong>est,</strong></span> <span class='ocrx_word' id='word_1_485' title='bbox 1318 3428 1380 3474; x_wconf 80' lang='lat' dir='ltr'><strong>nen</strong></span> <span class='ocrx_word' id='word_1_486' title='bbox 1403 3413 1448 3474; x_wconf 80' lang='lat' dir='ltr'><strong>eet</strong></span> <span class='ocrx_word' id='word_1_487' title='bbox 1470 3407 1584 3473; x_wconf 80' lang='lat' dir='ltr'><strong>oblitae</strong></span> <span class='ocrx_word' id='word_1_488' title='bbox 1604 3407 1753 3472; x_wconf 82' lang='lat' dir='ltr'><strong>clamoris</strong></span> <span class='ocrx_word' id='word_1_489' title='bbox 1768 3426 1957 3488; x_wconf 79' lang='lat' dir='ltr'><strong>pauperum.</strong></span> 
     </span>
    </p>

    <p class='ocr_par' dir='ltr' id='par_1_7' title="bbox 218 3488 1192 3573">
     <span class='ocr_line' id='line_1_37' title="bbox 218 3488 1192 3573; baseline 0 -16"><span class='ocrx_word' id='word_1_490' title='bbox 218 3493 326 3557; x_wconf 89' lang='lat' dir='ltr'><strong>vimus</strong></span> <span class='ocrx_word' id='word_1_491' title='bbox 348 3490 481 3556; x_wconf 90' lang='lat' dir='ltr'><strong>Psalmo</strong></span> <span class='ocrx_word' id='word_1_492' title='bbox 504 3491 534 3569; x_wconf 79' lang='lat' dir='ltr'><strong>l,</strong></span> <span class='ocrx_word' id='word_1_493' title='bbox 559 3488 609 3552; x_wconf 86' lang='lat'><strong>13.</strong></span> <span class='ocrx_word' id='word_1_494' title='bbox 633 3491 743 3571; x_wconf 87' lang='lat' dir='ltr'><strong>Atque</strong></span> <span class='ocrx_word' id='word_1_495' title='bbox 764 3489 842 3555; x_wconf 89' lang='lat' dir='ltr'><strong>haec</strong></span> <span class='ocrx_word' id='word_1_496' title='bbox 860 3494 1057 3573; x_wconf 91' lang='lat' dir='ltr'><strong>comparatio</strong></span> <span class='ocrx_word' id='word_1_497' title='bbox 1075 3492 1192 3558; x_wconf 89' lang='lat' dir='ltr'><strong>auxilii</strong></span> 
     </span>
    </p>

    <p class='ocr_par' dir='ltr' id='par_1_8' title="bbox 213 3573 2223 5275">
     <span class='ocr_line' id='line_1_38' title="bbox 218 3573 2223 3662; baseline 0.001 -24"><span class='ocrx_word' id='word_1_498' title='bbox 218 3573 378 3639; x_wconf 89' lang='lat' dir='ltr'><strong>divinitus</strong></span> <span class='ocrx_word' id='word_1_499' title='bbox 415 3574 505 3638; x_wconf 90' lang='lat' dir='ltr'><strong>allati</strong></span> <span class='ocrx_word' id='word_1_500' title='bbox 539 3573 735 3639; x_wconf 90' lang='lat' dir='ltr'><strong>miraculum</strong></span> <span class='ocrx_word' id='word_1_501' title='bbox 768 3575 890 3657; x_wconf 89' lang='lat' dir='ltr'><strong>optime</strong></span> <span class='ocrx_word' id='word_1_502' title='bbox 919 3576 1072 3653; x_wconf 89' lang='lat' dir='ltr'><strong>illustrat,</strong></span> <span class='ocrx_word' id='word_1_503' title='bbox 1106 3577 1191 3661; x_wconf 92' lang='lat' dir='ltr'><strong>quod</strong></span> <span class='ocrx_word' id='word_1_504' title='bbox 1327 3577 1378 3642; x_wconf 90' lang='lat'><strong>10.</strong></span> <span class='ocrx_word' id='word_1_505' title='bbox 1408 3577 1466 3662; x_wconf 83' lang='lat' dir='ltr'><strong>(Et</strong></span> <span class='ocrx_word' id='word_1_506' title='bbox 1496 3577 1554 3641; x_wconf 84' lang='lat' dir='ltr'><strong>erit</strong></span> <span class='ocrx_word' id='word_1_507' title='bbox 1581 3576 1718 3661; x_wconf 80' lang='lat' dir='ltr'><strong>Iabere.)</strong></span> <span class='ocrx_word' id='word_1_508' title='bbox 1747 3574 1901 3643; x_wconf 86' lang='lat' dir='ltr'><strong>Occurrit</strong></span> <span class='ocrx_word' id='word_1_509' title='bbox 1928 3576 2106 3641; x_wconf 89' lang='lat' dir='ltr'><strong>tentationi</strong></span> <span class='ocrx_word' id='word_1_510' title='bbox 2136 3597 2223 3660; x_wconf 90' lang='lat' dir='ltr'><strong>quae</strong></span> 
     </span>
     <span class='ocr_line' id='line_1_39' title="bbox 218 3658 2221 3744; baseline 0.002 -20"><span class='ocrx_word' id='word_1_511' title='bbox 218 3680 277 3726; x_wconf 89' lang='lat' dir='ltr'><strong>nec</strong></span> <span class='ocrx_word' id='word_1_512' title='bbox 316 3659 410 3742; x_wconf 91' lang='lat' dir='ltr'><strong>impii</strong></span> <span class='ocrx_word' id='word_1_513' title='bbox 449 3658 511 3725; x_wconf 90' lang='lat' dir='ltr'><strong>sibi</strong></span> <span class='ocrx_word' id='word_1_514' title='bbox 553 3658 690 3723; x_wconf 89' lang='lat' dir='ltr'><strong>nocendi</strong></span> <span class='ocrx_word' id='word_1_515' title='bbox 732 3659 865 3723; x_wconf 90' lang='lat' dir='ltr'><strong>modum</strong></span> <span class='ocrx_word' id='word_1_516' title='bbox 899 3664 1085 3740; x_wconf 88' lang='lat' dir='ltr'><strong>statuerint,</strong></span> <span class='ocrx_word' id='word_1_517' title='bbox 1125 3662 1191 3726; x_wconf 91' lang='lat' dir='ltr'><strong>nisi</strong></span> <span class='ocrx_word' id='word_1_518' title='bbox 1241 3662 1368 3728; x_wconf 90' lang='lat' dir='ltr'><strong>duriter</strong></span> <span class='ocrx_word' id='word_1_519' title='bbox 1401 3664 1550 3727; x_wconf 88' lang='lat' dir='ltr'><strong>infirmos</strong></span> <span class='ocrx_word' id='word_1_520' title='bbox 1576 3662 1734 3744; x_wconf 80' lang='lat' dir='ltr'><strong>percellit,</strong></span> <span class='ocrx_word' id='word_1_521' title='bbox 1771 3661 1848 3727; x_wconf 90' lang='lat' dir='ltr'><strong>dum</strong></span> <span class='ocrx_word' id='word_1_522' title='bbox 1885 3681 1920 3727; x_wconf 94' lang='lat' dir='ltr'><strong>se</strong></span> <span class='ocrx_word' id='word_1_523' title='bbox 1946 3682 1984 3726; x_wconf 90' lang='lat' dir='ltr'><strong>ac</strong></span> <span class='ocrx_word' id='word_1_524' title='bbox 2012 3662 2065 3726; x_wconf 89' lang='lat' dir='ltr'><strong>sui</strong></span> <span class='ocrx_word' id='word_1_525' title='bbox 2094 3661 2221 3730; x_wconf 86' lang='lat' dir='ltr'><strong>similes</strong></span> 
     </span>
     <span class='ocr_line' id='line_1_40' title="bbox 217 3743 2218 3831; baseline 0.002 -21"><span class='ocrx_word' id='word_1_526' title='bbox 217 3744 367 3810; x_wconf 90' lang='lat' dir='ltr'><strong>omnibus</strong></span> <span class='ocrx_word' id='word_1_527' title='bbox 385 3743 535 3810; x_wconf 88' lang='lat' dir='ltr'><strong>funditus</strong></span> <span class='ocrx_word' id='word_1_528' title='bbox 554 3743 681 3824; x_wconf 91' lang='lat' dir='ltr'><strong>deletis,</strong></span> <span class='ocrx_word' id='word_1_529' title='bbox 699 3753 733 3808; x_wconf 91' lang='lat' dir='ltr'><strong>et</strong></span> <span class='ocrx_word' id='word_1_530' title='bbox 750 3744 843 3809; x_wconf 92' lang='lat' dir='ltr'><strong>initio</strong></span> <span class='ocrx_word' id='word_1_531' title='bbox 862 3744 932 3810; x_wconf 89' lang='lat' dir='ltr'><strong>visa</strong></span> <span class='ocrx_word' id='word_1_532' title='bbox 951 3747 1049 3811; x_wconf 87' lang='lat' dir='ltr'><strong>fuerit</strong></span> <span class='ocrx_word' id='word_1_533' title='bbox 1066 3748 1190 3811; x_wconf 90' lang='lat' dir='ltr'><strong>instare</strong></span> <span class='ocrx_word' id='word_1_534' title='bbox 1240 3746 1419 3829; x_wconf 91' lang='lat' dir='ltr'><strong>impiorum</strong></span> <span class='ocrx_word' id='word_1_535' title='bbox 1456 3746 1586 3811; x_wconf 84' lang='lat' dir='ltr'><strong>lrbrdrnt</strong></span> <span class='ocrx_word' id='word_1_536' title='bbox 1624 3747 1737 3813; x_wconf 90' lang='lat' dir='ltr'><strong>vident</strong></span> <span class='ocrx_word' id='word_1_537' title='bbox 1772 3747 1945 3831; x_wconf 90' lang='lat' dir='ltr'><strong>expositos,</strong></span> <span class='ocrx_word' id='word_1_538' title='bbox 1983 3747 2101 3812; x_wconf 89' lang='lat' dir='ltr'><strong>silente</strong></span> <span class='ocrx_word' id='word_1_539' title='bbox 2134 3748 2218 3815; x_wconf 92' lang='lat' dir='ltr'><strong>Deo.</strong></span> 
     </span>
     <span class='ocr_line' id='line_1_41' title="bbox 217 3828 2218 3915; baseline 0.002 -21"><span class='ocrx_word' id='word_1_540' title='bbox 217 3828 332 3894; x_wconf 89' lang='lat' dir='ltr'><strong>ultima</strong></span> <span class='ocrx_word' id='word_1_541' title='bbox 354 3831 505 3896; x_wconf 89' lang='lat' dir='ltr'><strong>vastitas:</strong></span> <span class='ocrx_word' id='word_1_542' title='bbox 539 3829 637 3894; x_wconf 89' lang='lat' dir='ltr'><strong>rebus</strong></span> <span class='ocrx_word' id='word_1_543' title='bbox 660 3849 738 3894; x_wconf 92' lang='lat' dir='ltr'><strong>vero</strong></span> <span class='ocrx_word' id='word_1_544' title='bbox 761 3829 808 3895; x_wconf 88' lang='lat' dir='ltr'><strong>ita</strong></span> <span class='ocrx_word' id='word_1_545' title='bbox 829 3831 973 3897; x_wconf 84' lang='lat' dir='ltr'><strong>confusis</strong></span> <span class='ocrx_word' id='word_1_546' title='bbox 996 3831 1190 3912; x_wconf 90' lang='lat' dir='ltr'><strong>tempestive</strong></span> <span class='ocrx_word' id='word_1_547' title='bbox 1240 3830 1327 3895; x_wconf 88' lang='lat' dir='ltr'><strong>Nam</strong></span> <span class='ocrx_word' id='word_1_548' title='bbox 1360 3831 1525 3911; x_wconf 87' lang='lat' dir='ltr'><strong>admonet,</strong></span> <span class='ocrx_word' id='word_1_549' title='bbox 1567 3832 1638 3897; x_wconf 90' lang='lat' dir='ltr'><strong>ideo</strong></span> <span class='ocrx_word' id='word_1_550' title='bbox 1670 3854 1763 3897; x_wconf 90' lang='lat' dir='ltr'><strong>suam</strong></span> <span class='ocrx_word' id='word_1_551' title='bbox 1805 3853 1899 3915; x_wconf 91' lang='lat' dir='ltr'><strong>opem</strong></span> <span class='ocrx_word' id='word_1_552' title='bbox 1934 3831 2076 3912; x_wconf 81' lang='lat' dir='ltr'><strong>differre,</strong></span> <span class='ocrx_word' id='word_1_553' title='bbox 2116 3842 2151 3898; x_wconf 91' lang='lat' dir='ltr'><strong>et</strong></span> <span class='ocrx_word' id='word_1_554' title='bbox 2183 3835 2218 3900; x_wconf 92' lang='lat' dir='ltr'><strong>in</strong></span> 
     </span>
     <span class='ocr_line' id='line_1_42' title="bbox 216 3915 2219 3999; baseline 0.004 -22"><span class='ocrx_word' id='word_1_555' title='bbox 216 3916 406 3996; x_wconf 89' lang='lat' dir='ltr'><strong>apparuerit</strong></span> <span class='ocrx_word' id='word_1_556' title='bbox 428 3915 531 3980; x_wconf 89' lang='lat' dir='ltr'><strong>Deus.</strong></span> <span class='ocrx_word' id='word_1_557' title='bbox 555 3915 646 3998; x_wconf 83' lang='lat' dir='ltr'><strong>Ergo</strong></span> <span class='ocrx_word' id='word_1_558' title='bbox 667 3915 793 3997; x_wconf 92' lang='lat' dir='ltr'><strong>quoties</strong></span> <span class='ocrx_word' id='word_1_559' title='bbox 817 3916 900 3980; x_wconf 92' lang='lat' dir='ltr'><strong>nihil</strong></span> <span class='ocrx_word' id='word_1_560' title='bbox 924 3925 1053 3998; x_wconf 90' lang='lat' dir='ltr'><strong>praeter</strong></span> <span class='ocrx_word' id='word_1_561' title='bbox 1075 3917 1188 3980; x_wconf 90' lang='lat' dir='ltr'><strong>interi·</strong></span> <span class='ocrx_word' id='word_1_562' title='bbox 1240 3916 1381 3998; x_wconf 90' lang='lat' dir='ltr'><strong>speciem</strong></span> <span class='ocrx_word' id='word_1_563' title='bbox 1411 3917 1596 3999; x_wconf 89' lang='lat' dir='ltr'><strong>relinquere</strong></span> <span class='ocrx_word' id='word_1_564' title='bbox 1618 3939 1694 3983; x_wconf 89' lang='lat' dir='ltr'><strong>suos</strong></span> <span class='ocrx_word' id='word_1_565' title='bbox 1717 3917 1839 3994; x_wconf 87' lang='lat' dir='ltr'><strong>fideles,</strong></span> <span class='ocrx_word' id='word_1_566' title='bbox 1873 3924 1910 3980; x_wconf 92' lang='lat' dir='ltr'><strong>ut</strong></span> <span class='ocrx_word' id='word_1_567' title='bbox 1937 3917 2164 3984; x_wconf 86' lang='lat' dir='ltr'><strong>laborantibus</strong></span> <span class='ocrx_word' id='word_1_568' title='bbox 2185 3930 2219 3985; x_wconf 88' lang='lat' dir='ltr'><strong>et</strong></span> 
     </span>
     <span class='ocr_line' id='line_1_43' title="bbox 216 3999 2219 4086; baseline 0.002 -24"><span class='ocrx_word' id='word_1_569' title='bbox 216 4008 288 4063; x_wconf 92' lang='lat' dir='ltr'><strong>tum</strong></span> <span class='ocrx_word' id='word_1_570' title='bbox 318 4000 410 4065; x_wconf 90' lang='lat' dir='ltr'><strong>nobis</strong></span> <span class='ocrx_word' id='word_1_571' title='bbox 439 3999 595 4078; x_wconf 87' lang='lat' dir='ltr'><strong>occurrit,</strong></span> <span class='ocrx_word' id='word_1_572' title='bbox 623 4000 869 4065; x_wconf 86' lang='lat' dir='ltr'><strong>meminerimus</strong></span> <span class='ocrx_word' id='word_1_573' title='bbox 898 4002 1008 4067; x_wconf 91' lang='lat' dir='ltr'><strong>oculos</strong></span> <span class='ocrx_word' id='word_1_574' title='bbox 1030 4002 1189 4066; x_wconf 90' lang='lat' dir='ltr'><strong>coniicere</strong></span> <span class='ocrx_word' id='word_1_575' title='bbox 1240 4001 1372 4067; x_wconf 80' lang='lat' dir='ltr'><strong>afflictis</strong></span> <span class='ocrx_word' id='word_1_576' title='bbox 1401 4003 1507 4086; x_wconf 89' lang='lat' dir='ltr'><strong>magis</strong></span> <span class='ocrx_word' id='word_1_577' title='bbox 1535 4013 1718 4086; x_wconf 87' lang='lat' dir='ltr'><strong>opportune</strong></span> <span class='ocrx_word' id='word_1_578' title='bbox 1751 4002 1883 4066; x_wconf 68' lang='lat' dir='ltr'><strong>undem</strong></span> <span class='ocrx_word' id='word_1_579' title='bbox 1914 4010 2095 4081; x_wconf 88' lang='lat' dir='ltr'><strong>succurrat,</strong></span> <span class='ocrx_word' id='word_1_580' title='bbox 2128 4002 2219 4067; x_wconf 88' lang='lat' dir='ltr'><strong>unde</strong></span> 
     </span>
     <span class='ocr_line' id='line_1_44' title="bbox 215 4083 2217 4169; baseline 0.002 -21"><span class='ocrx_word' id='word_1_581' title='bbox 215 4083 257 4148; x_wconf 91' lang='lat' dir='ltr'><strong>ad</strong></span> <span class='ocrx_word' id='word_1_582' title='bbox 280 4084 419 4148; x_wconf 91' lang='lat' dir='ltr'><strong>coeleste</strong></span> <span class='ocrx_word' id='word_1_583' title='bbox 447 4085 579 4162; x_wconf 90' lang='lat' dir='ltr'><strong>solium,</strong></span> <span class='ocrx_word' id='word_1_584' title='bbox 611 4084 698 4149; x_wconf 92' lang='lat' dir='ltr'><strong>unde</strong></span> <span class='ocrx_word' id='word_1_585' title='bbox 729 4085 826 4150; x_wconf 90' lang='lat' dir='ltr'><strong>rebus</strong></span> <span class='ocrx_word' id='word_1_586' title='bbox 856 4086 1009 4151; x_wconf 91' lang='lat' dir='ltr'><strong>humanis</strong></span> <span class='ocrx_word' id='word_1_587' title='bbox 1032 4086 1189 4169; x_wconf 89' lang='lat' dir='ltr'><strong>prospicit</strong></span> <span class='ocrx_word' id='word_1_588' title='bbox 1239 4087 1387 4169; x_wconf 89' lang='lat' dir='ltr'><strong>sequitur</strong></span> <span class='ocrx_word' id='word_1_589' title='bbox 1414 4088 1523 4168; x_wconf 91' lang='lat' dir='ltr'><strong>ipsum</strong></span> <span class='ocrx_word' id='word_1_590' title='bbox 1553 4089 1688 4152; x_wconf 90' lang='lat' dir='ltr'><strong>minime</strong></span> <span class='ocrx_word' id='word_1_591' title='bbox 1717 4107 1846 4152; x_wconf 90' lang='lat' dir='ltr'><strong>cessare</strong></span> <span class='ocrx_word' id='word_1_592' title='bbox 1878 4089 1913 4152; x_wconf 93' lang='lat' dir='ltr'><strong>in</strong></span> <span class='ocrx_word' id='word_1_593' title='bbox 1946 4107 2006 4151; x_wconf 86' lang='lat' dir='ltr'><strong>suo</strong></span> <span class='ocrx_word' id='word_1_594' title='bbox 2038 4087 2155 4163; x_wconf 87' lang='lat' dir='ltr'><strong>officio,</strong></span> <span class='ocrx_word' id='word_1_595' title='bbox 2189 4088 2217 4154; x_wconf 90' lang='lat' dir='ltr'><strong>si</strong></span> 
     </span>
     <span class='ocr_line' id='line_1_45' title="bbox 216 4167 2217 4255; baseline 0.002 -23"><span class='ocrx_word' id='word_1_596' title='bbox 216 4169 318 4233; x_wconf 89' lang='lat' dir='ltr'><strong>Deus.</strong></span> <span class='ocrx_word' id='word_1_597' title='bbox 376 4167 501 4233; x_wconf 92' lang='lat' dir='ltr'><strong>Omnes</strong></span> <span class='ocrx_word' id='word_1_598' title='bbox 539 4170 627 4233; x_wconf 89' lang='lat' dir='ltr'><strong>enirn</strong></span> <span class='ocrx_word' id='word_1_599' title='bbox 670 4169 890 4234; x_wconf 89' lang='lat' dir='ltr'><strong>tentationum</strong></span> <span class='ocrx_word' id='word_1_600' title='bbox 924 4172 1095 4238; x_wconf 89' lang='lat' dir='ltr'><strong>conflictus</strong></span> <span class='ocrx_word' id='word_1_601' title='bbox 1127 4171 1188 4236; x_wconf 92' lang='lat' dir='ltr'><strong>hoc</strong></span> <span class='ocrx_word' id='word_1_602' title='bbox 1240 4170 1370 4253; x_wconf 90' lang='lat' dir='ltr'><strong>quando</strong></span> <span class='ocrx_word' id='word_1_603' title='bbox 1393 4173 1494 4237; x_wconf 90' lang='lat' dir='ltr'><strong>bonos</strong></span> <span class='ocrx_word' id='word_1_604' title='bbox 1516 4182 1550 4236; x_wconf 93' lang='lat' dir='ltr'><strong>et</strong></span> <span class='ocrx_word' id='word_1_605' title='bbox 1571 4173 1721 4237; x_wconf 86' lang='lat' dir='ltr'><strong>innoxios</strong></span> <span class='ocrx_word' id='word_1_606' title='bbox 1738 4169 1779 4234; x_wconf 91' lang='lat' dir='ltr'><strong>ad</strong></span> <span class='ocrx_word' id='word_1_607' title='bbox 1797 4173 1942 4255; x_wconf 90' lang='lat' dir='ltr'><strong>inopiam</strong></span> <span class='ocrx_word' id='word_1_608' title='bbox 1960 4171 2064 4254; x_wconf 84' lang='lat' dir='ltr'><strong>redigi</strong></span> <span class='ocrx_word' id='word_1_609' title='bbox 2081 4171 2217 4253; x_wconf 88' lang='lat' dir='ltr'><strong>patitur,</strong></span> 
     </span>
     <span class='ocr_line' id='line_1_46' title="bbox 214 4252 2217 4340; baseline 0.004 -23"><span class='ocrx_word' id='word_1_610' title='bbox 214 4252 330 4336; x_wconf 85' lang='lat' dir='ltr'><strong>clypeo</strong></span> <span class='ocrx_word' id='word_1_611' title='bbox 358 4253 516 4335; x_wconf 89' lang='lat' dir='ltr'><strong>repellere</strong></span> <span class='ocrx_word' id='word_1_612' title='bbox 544 4254 714 4319; x_wconf 91' lang='lat' dir='ltr'><strong>convenit:</strong></span> <span class='ocrx_word' id='word_1_613' title='bbox 745 4253 821 4319; x_wconf 90' lang='lat' dir='ltr'><strong>licet</strong></span> <span class='ocrx_word' id='word_1_614' title='bbox 844 4256 877 4318; x_wconf 90' lang='lat' dir='ltr'><strong>in</strong></span> <span class='ocrx_word' id='word_1_615' title='bbox 900 4257 1023 4320; x_wconf 90' lang='lat' dir='ltr'><strong>mundo</strong></span> <span class='ocrx_word' id='word_1_616' title='bbox 1045 4257 1086 4320; x_wconf 91' lang='lat' dir='ltr'><strong>ad</strong></span> <span class='ocrx_word' id='word_1_617' title='bbox 1109 4256 1188 4321; x_wconf 92' lang='lat' dir='ltr'><strong>ulti·</strong></span> <span class='ocrx_word' id='word_1_618' title='bbox 1239 4260 1266 4320; x_wconf 91' lang='lat' dir='ltr'><strong>si</strong></span> <span class='ocrx_word' id='word_1_619' title='bbox 1289 4258 1323 4321; x_wconf 92' lang='lat' dir='ltr'><strong>iu</strong></span> <span class='ocrx_word' id='word_1_620' title='bbox 1347 4257 1501 4340; x_wconf 86' lang='lat' dir='ltr'><strong>lacrymis</strong></span> <span class='ocrx_word' id='word_1_621' title='bbox 1524 4265 1557 4320; x_wconf 91' lang='lat' dir='ltr'><strong>et</strong></span> <span class='ocrx_word' id='word_1_622' title='bbox 1578 4257 1789 4339; x_wconf 88' lang='lat' dir='ltr'><strong>querimoniis</strong></span> <span class='ocrx_word' id='word_1_623' title='bbox 1812 4277 1867 4321; x_wconf 89' lang='lat' dir='ltr'><strong>eos</strong></span> <span class='ocrx_word' id='word_1_624' title='bbox 1887 4266 2032 4321; x_wconf 85' lang='lat' dir='ltr'><strong>exercet:</strong></span> <span class='ocrx_word' id='word_1_625' title='bbox 2054 4257 2132 4338; x_wconf 89' lang='lat' dir='ltr'><strong>quia</strong></span> <span class='ocrx_word' id='word_1_626' title='bbox 2154 4257 2217 4326; x_wconf 87' lang='lat' dir='ltr'><strong>hoc</strong></span> 
     </span>
     <span class='ocr_line' id='line_1_47' title="bbox 215 4338 2218 4422; baseline 0.004 -21"><span class='ocrx_word' id='word_1_627' title='bbox 215 4358 304 4402; x_wconf 91' lang='lat' dir='ltr'><strong>mam</strong></span> <span class='ocrx_word' id='word_1_628' title='bbox 336 4338 598 4421; x_wconf 88' lang='lat' dir='ltr'><strong>desperationem</strong></span> <span class='ocrx_word' id='word_1_629' title='bbox 628 4339 753 4405; x_wconf 90' lang='lat' dir='ltr'><strong>redacti</strong></span> <span class='ocrx_word' id='word_1_630' title='bbox 784 4340 896 4416; x_wconf 89' lang='lat' dir='ltr'><strong>simus,</strong></span> <span class='ocrx_word' id='word_1_631' title='bbox 930 4342 1038 4406; x_wconf 90' lang='lat' dir='ltr'><strong>Deum</strong></span> <span class='ocrx_word' id='word_1_632' title='bbox 1068 4341 1187 4407; x_wconf 90' lang='lat' dir='ltr'><strong>nihilo·</strong></span> <span class='ocrx_word' id='word_1_633' title='bbox 1238 4341 1334 4406; x_wconf 93' lang='lat' dir='ltr'><strong>modo</strong></span> <span class='ocrx_word' id='word_1_634' title='bbox 1364 4341 1532 4407; x_wconf 90' lang='lat' dir='ltr'><strong>lucernam</strong></span> <span class='ocrx_word' id='word_1_635' title='bbox 1560 4341 1716 4419; x_wconf 90' lang='lat' dir='ltr'><strong>accendit,</strong></span> <span class='ocrx_word' id='word_1_636' title='bbox 1748 4352 1784 4405; x_wconf 90' lang='lat' dir='ltr'><strong>ut</strong></span> <span class='ocrx_word' id='word_1_637' title='bbox 1813 4341 1930 4406; x_wconf 88' lang='lat' dir='ltr'><strong>melius</strong></span> <span class='ocrx_word' id='word_1_638' title='bbox 1953 4362 1994 4422; x_wconf 88' lang='lat' dir='ltr'><strong>ap</strong></span> <span class='ocrx_word' id='word_1_639' title='bbox 2019 4351 2137 4408; x_wconf 86' lang='lat' dir='ltr'><strong>areant</strong></span> <span class='ocrx_word' id='word_1_640' title='bbox 2157 4364 2218 4409; x_wconf 86' lang='lat' dir='ltr'><strong>sua</strong></span> 
     </span>
     <span class='ocr_line' id='line_1_48' title="bbox 216 4362 2216 4509; baseline 0.003 -22"><span class='ocrx_word' id='word_1_641' title='bbox 216 4423 327 4487; x_wconf 90' lang='lat' dir='ltr'><strong>miuus</strong></span> <span class='ocrx_word' id='word_1_642' title='bbox 354 4423 389 4487; x_wconf 92' lang='lat' dir='ltr'><strong>in</strong></span> <span class='ocrx_word' id='word_1_643' title='bbox 418 4423 508 4488; x_wconf 86' lang='lat' dir='ltr'><strong>coelo</strong></span> <span class='ocrx_word' id='word_1_644' title='bbox 536 4422 676 4488; x_wconf 90' lang='lat' dir='ltr'><strong>iudicem</strong></span> <span class='ocrx_word' id='word_1_645' title='bbox 705 4423 828 4490; x_wconf 90' lang='lat' dir='ltr'><strong>sedero.</strong></span> <span class='ocrx_word' id='word_1_646' title='bbox 873 4424 945 4490; x_wconf 92' lang='lat' dir='ltr'><strong>Imc</strong></span> <span class='ocrx_word' id='word_1_647' title='bbox 970 4447 1070 4509; x_wconf 92' lang='lat' dir='ltr'><strong>quum</strong></span> <span class='ocrx_word' id='word_1_648' title='bbox 1092 4425 1187 4492; x_wconf 91' lang='lat' dir='ltr'><strong>dissi·</strong></span> <span class='ocrx_word' id='word_1_649' title='bbox 1238 4426 1369 4506; x_wconf 90' lang='lat' dir='ltr'><strong>iudicia,</strong></span> <span class='ocrx_word' id='word_1_650' title='bbox 1408 4426 1481 4490; x_wconf 92' lang='lat' dir='ltr'><strong>ideo</strong></span> <span class='ocrx_word' id='word_1_651' title='bbox 1522 4426 1622 4490; x_wconf 90' lang='lat' dir='ltr'><strong>etiam</strong></span> <span class='ocrx_word' id='word_1_652' title='bbox 1663 4426 1827 4508; x_wconf 84' lang='lat' dir='ltr'><strong>exprimit,</strong></span> <span class='ocrx_word' id='word_1_653' title='bbox 1879 4362 2077 4509; x_wconf 73' lang='lat' dir='ltr'><strong>praesitiium</strong></span> <span class='ocrx_word' id='word_1_654' title='bbox 2118 4448 2216 4494; x_wconf 89' lang='lat' dir='ltr'><strong>suum</strong></span> 
     </span>
     <span class='ocr_line' id='line_1_49' title="bbox 215 4507 2217 4594; baseline 0.003 -22"><span class='ocrx_word' id='word_1_655' title='bbox 215 4508 328 4585; x_wconf 90' lang='lat' dir='ltr'><strong>mulst,</strong></span> <span class='ocrx_word' id='word_1_656' title='bbox 352 4529 410 4573; x_wconf 91' lang='lat' dir='ltr'><strong>nec</strong></span> <span class='ocrx_word' id='word_1_657' title='bbox 428 4510 538 4572; x_wconf 91' lang='lat' dir='ltr'><strong>statim</strong></span> <span class='ocrx_word' id='word_1_658' title='bbox 558 4507 706 4573; x_wconf 92' lang='lat' dir='ltr'><strong>medetur</strong></span> <span class='ocrx_word' id='word_1_659' title='bbox 729 4509 824 4574; x_wconf 89' lang='lat' dir='ltr'><strong>malis</strong></span> <span class='ocrx_word' id='word_1_660' title='bbox 842 4511 971 4588; x_wconf 91' lang='lat' dir='ltr'><strong>uostris,</strong></span> <span class='ocrx_word' id='word_1_661' title='bbox 993 4510 1070 4576; x_wconf 89' lang='lat' dir='ltr'><strong>fidei</strong></span> <span class='ocrx_word' id='word_1_662' title='bbox 1088 4531 1187 4577; x_wconf 88' lang='lat' dir='ltr'><strong>sensu</strong></span> <span class='ocrx_word' id='word_1_663' title='bbox 1238 4512 1433 4594; x_wconf 90' lang='lat' dir='ltr'><strong>tempestive</strong></span> <span class='ocrx_word' id='word_1_664' title='bbox 1450 4512 1485 4576; x_wconf 93' lang='lat' dir='ltr'><strong>in</strong></span> <span class='ocrx_word' id='word_1_665' title='bbox 1503 4511 1575 4592; x_wconf 90' lang='lat' dir='ltr'><strong>ipsa</strong></span> <span class='ocrx_word' id='word_1_666' title='bbox 1594 4510 1772 4576; x_wconf 87' lang='lat' dir='ltr'><strong>afflictione</strong></span> <span class='ocrx_word' id='word_1_667' title='bbox 1791 4512 1952 4594; x_wconf 82' lang='lat' dir='ltr'><strong>prolerre:</strong></span> <span class='ocrx_word' id='word_1_668' title='bbox 1977 4530 2041 4592; x_wconf 90' lang='lat' dir='ltr'><strong>quo</strong></span> <span class='ocrx_word' id='word_1_669' title='bbox 2060 4511 2217 4580; x_wconf 87' lang='lat' dir='ltr'><strong>docemur</strong></span> 
     </span>
     <span class='ocr_line' id='line_1_50' title="bbox 215 4591 2215 4679; baseline 0.003 -21"><span class='ocrx_word' id='word_1_670' title='bbox 215 4591 460 4676; x_wconf 88' lang='lat' dir='ltr'><strong>apprehendere</strong></span> <span class='ocrx_word' id='word_1_671' title='bbox 482 4593 639 4658; x_wconf 88' lang='lat' dir='ltr'><strong>convenit</strong></span> <span class='ocrx_word' id='word_1_672' title='bbox 660 4594 818 4658; x_wconf 88' lang='lat' dir='ltr'><strong>occultam</strong></span> <span class='ocrx_word' id='word_1_673' title='bbox 842 4595 913 4659; x_wconf 91' lang='lat' dir='ltr'><strong>eius</strong></span> <span class='ocrx_word' id='word_1_674' title='bbox 935 4594 1186 4679; x_wconf 86' lang='lat' dir='ltr'><strong>providentiam.</strong></span> <span class='ocrx_word' id='word_1_675' title='bbox 1236 4597 1308 4663; x_wconf 92' lang='lat' dir='ltr'><strong>eius</strong></span> <span class='ocrx_word' id='word_1_676' title='bbox 1331 4596 1556 4678; x_wconf 89' lang='lat' dir='ltr'><strong>providentiae</strong></span> <span class='ocrx_word' id='word_1_677' title='bbox 1578 4595 1724 4661; x_wconf 91' lang='lat' dir='ltr'><strong>dandum</strong></span> <span class='ocrx_word' id='word_1_678' title='bbox 1748 4617 1819 4661; x_wconf 91' lang='lat' dir='ltr'><strong>esse</strong></span> <span class='ocrx_word' id='word_1_679' title='bbox 1842 4597 1994 4679; x_wconf 89' lang='lat' dir='ltr'><strong>spatium,</strong></span> <span class='ocrx_word' id='word_1_680' title='bbox 2017 4604 2056 4659; x_wconf 90' lang='lat' dir='ltr'><strong>ut</strong></span> <span class='ocrx_word' id='word_1_681' title='bbox 2078 4597 2215 4663; x_wconf 91' lang='lat' dir='ltr'><strong>tandem</strong></span> 
     </span>
     <span class='ocr_line' id='line_1_51' title="bbox 215 4677 2216 4764; baseline 0.003 -21"><span class='ocrx_word' id='word_1_682' title='bbox 215 4678 329 4743; x_wconf 90' lang='lat' dir='ltr'><strong>Primo</strong></span> <span class='ocrx_word' id='word_1_683' title='bbox 357 4677 436 4743; x_wconf 90' lang='lat' dir='ltr'><strong>dicit</strong></span> <span class='ocrx_word' id='word_1_684' title='bbox 457 4677 566 4743; x_wconf 93' lang='lat' dir='ltr'><strong>Deum</strong></span> <span class='ocrx_word' id='word_1_685' title='bbox 596 4689 753 4760; x_wconf 90' lang='lat' dir='ltr'><strong>perpetuo</strong></span> <span class='ocrx_word' id='word_1_686' title='bbox 776 4678 907 4744; x_wconf 90' lang='lat' dir='ltr'><strong>sedere:</strong></span> <span class='ocrx_word' id='word_1_687' title='bbox 937 4702 1001 4762; x_wconf 92' lang='lat' dir='ltr'><strong>quo</strong></span> <span class='ocrx_word' id='word_1_688' title='bbox 1022 4681 1188 4764; x_wconf 89' lang='lat' dir='ltr'><strong>intelligit,</strong></span> <span class='ocrx_word' id='word_1_689' title='bbox 1237 4702 1271 4746; x_wconf 89' lang='lat' dir='ltr'><strong>se</strong></span> <span class='ocrx_word' id='word_1_690' title='bbox 1305 4681 1339 4746; x_wconf 92' lang='lat' dir='ltr'><strong>in</strong></span> <span class='ocrx_word' id='word_1_691' title='bbox 1368 4681 1580 4748; x_wconf 89' lang='lat' dir='ltr'><strong>neccessitate</strong></span> <span class='ocrx_word' id='word_1_692' title='bbox 1610 4681 1763 4763; x_wconf 75' lang='lat' dir='ltr'><strong>proferat.</strong></span> <span class='ocrx_word' id='word_1_693' title='bbox 1808 4679 1920 4761; x_wconf 80' lang='lat' dir='ltr'><strong>Quare</strong></span> <span class='ocrx_word' id='word_1_694' title='bbox 1946 4679 1974 4747; x_wconf 87' lang='lat' dir='ltr'><strong>si</strong></span> <span class='ocrx_word' id='word_1_695' title='bbox 2004 4680 2090 4745; x_wconf 87' lang='lat' dir='ltr'><strong>nihil</strong></span> <span class='ocrx_word' id='word_1_696' title='bbox 2120 4681 2216 4750; x_wconf 87' lang='lat' dir='ltr'><strong>nobis</strong></span> 
     </span>
     <span class='ocr_line' id='line_1_52' title="bbox 215 4763 2218 4850; baseline 0.003 -23"><span class='ocrx_word' id='word_1_697' title='bbox 215 4764 426 4845; x_wconf 89' lang='lat' dir='ltr'><strong>quantumvis</strong></span> <span class='ocrx_word' id='word_1_698' title='bbox 456 4763 522 4827; x_wconf 90' lang='lat' dir='ltr'><strong>alte</strong></span> <span class='ocrx_word' id='word_1_699' title='bbox 551 4785 585 4828; x_wconf 91' lang='lat' dir='ltr'><strong>se</strong></span> <span class='ocrx_word' id='word_1_700' title='bbox 613 4764 729 4827; x_wconf 87' lang='lat' dir='ltr'><strong>efferat</strong></span> <span class='ocrx_word' id='word_1_701' title='bbox 757 4763 923 4829; x_wconf 90' lang='lat' dir='ltr'><strong>hominum</strong></span> <span class='ocrx_word' id='word_1_702' title='bbox 956 4766 1120 4843; x_wconf 87' lang='lat' dir='ltr'><strong>violentia,</strong></span> <span class='ocrx_word' id='word_1_703' title='bbox 1155 4774 1188 4830; x_wconf 90' lang='lat' dir='ltr'><strong>ot</strong></span> <span class='ocrx_word' id='word_1_704' title='bbox 1237 4768 1355 4832; x_wconf 90' lang='lat' dir='ltr'><strong>melius</strong></span> <span class='ocrx_word' id='word_1_705' title='bbox 1385 4778 1435 4832; x_wconf 86' lang='lat' dir='ltr'><strong>ast</strong></span> <span class='ocrx_word' id='word_1_706' title='bbox 1464 4786 1562 4849; x_wconf 89' lang='lat' dir='ltr'><strong>quam</strong></span> <span class='ocrx_word' id='word_1_707' title='bbox 1584 4765 1647 4832; x_wconf 89' lang='lat' dir='ltr'><strong>Dei</strong></span> <span class='ocrx_word' id='word_1_708' title='bbox 1677 4786 1780 4830; x_wconf 92' lang='lat' dir='ltr'><strong>manu</strong></span> <span class='ocrx_word' id='word_1_709' title='bbox 1810 4764 1946 4849; x_wconf 87' lang='lat' dir='ltr'><strong>protegi,</strong></span> <span class='ocrx_word' id='word_1_710' title='bbox 1975 4773 2218 4850; x_wconf 90' lang='lat' dir='ltr'><strong>paternumque</strong></span> 
     </span>
     <span class='ocr_line' id='line_1_53' title="bbox 216 4847 2215 4931; baseline 0.003 -19"><span class='ocrx_word' id='word_1_711' title='bbox 216 4848 286 4912; x_wconf 90' lang='lat' dir='ltr'><strong>sine</strong></span> <span class='ocrx_word' id='word_1_712' title='bbox 312 4847 409 4912; x_wconf 89' lang='lat' dir='ltr'><strong>modo</strong></span> <span class='ocrx_word' id='word_1_713' title='bbox 439 4857 631 4930; x_wconf 89' lang='lat' dir='ltr'><strong>prorumpat</strong></span> <span class='ocrx_word' id='word_1_714' title='bbox 664 4868 776 4912; x_wconf 90' lang='lat' dir='ltr'><strong>eorum</strong></span> <span class='ocrx_word' id='word_1_715' title='bbox 806 4849 904 4928; x_wconf 87' lang='lat' dir='ltr'><strong>furor,</strong></span> <span class='ocrx_word' id='word_1_716' title='bbox 939 4852 1047 4916; x_wconf 90' lang='lat' dir='ltr'><strong>Deum</strong></span> <span class='ocrx_word' id='word_1_717' title='bbox 1077 4860 1187 4916; x_wconf 89' lang='lat' dir='ltr'><strong>tamen</strong></span> <span class='ocrx_word' id='word_1_718' title='bbox 1237 4851 1307 4916; x_wconf 90' lang='lat' dir='ltr'><strong>eius</strong></span> <span class='ocrx_word' id='word_1_719' title='bbox 1329 4852 1477 4916; x_wconf 91' lang='lat' dir='ltr'><strong>favorem</strong></span> <span class='ocrx_word' id='word_1_720' title='bbox 1500 4853 1631 4931; x_wconf 87' lang='lat' dir='ltr'><strong>sentire,</strong></span> <span class='ocrx_word' id='word_1_721' title='bbox 1661 4872 1703 4915; x_wconf 92' lang='lat' dir='ltr'><strong>ne</strong></span> <span class='ocrx_word' id='word_1_722' title='bbox 1726 4849 1807 4916; x_wconf 91' lang='lat' dir='ltr'><strong>adeo</strong></span> <span class='ocrx_word' id='word_1_723' title='bbox 1829 4849 2001 4915; x_wconf 89' lang='lat' dir='ltr'><strong>molestum</strong></span> <span class='ocrx_word' id='word_1_724' title='bbox 2021 4851 2065 4916; x_wconf 88' lang='lat' dir='ltr'><strong>eit</strong></span> <span class='ocrx_word' id='word_1_725' title='bbox 2086 4854 2215 4918; x_wconf 90' lang='lat' dir='ltr'><strong>censeri</strong></span> 
     </span>
     <span class='ocr_line' id='line_1_54' title="bbox 216 4932 2216 5020; baseline 0.003 -23"><span class='ocrx_word' id='word_1_726' title='bbox 216 4952 384 5013; x_wconf 90' lang='lat' dir='ltr'><strong>uunquam</strong></span> <span class='ocrx_word' id='word_1_727' title='bbox 407 4953 448 4996; x_wconf 92' lang='lat' dir='ltr'><strong>ex</strong></span> <span class='ocrx_word' id='word_1_728' title='bbox 466 4954 526 4998; x_wconf 88' lang='lat' dir='ltr'><strong>sua</strong></span> <span class='ocrx_word' id='word_1_729' title='bbox 543 4932 619 4998; x_wconf 89' lang='lat' dir='ltr'><strong>sede</strong></span> <span class='ocrx_word' id='word_1_730' title='bbox 642 4952 736 5014; x_wconf 89' lang='lat' dir='ltr'><strong>posse</strong></span> <span class='ocrx_word' id='word_1_731' title='bbox 759 4933 903 4999; x_wconf 90' lang='lat' dir='ltr'><strong>detrahi:</strong></span> <span class='ocrx_word' id='word_1_732' title='bbox 928 4957 986 5001; x_wconf 91' lang='lat' dir='ltr'><strong>nec</strong></span> <span class='ocrx_word' id='word_1_733' title='bbox 1004 4939 1075 5000; x_wconf 89' lang='lat' dir='ltr'><strong>fieri</strong></span> <span class='ocrx_word' id='word_1_734' title='bbox 1093 4956 1187 5019; x_wconf 87' lang='lat' dir='ltr'><strong>posse</strong></span> <span class='ocrx_word' id='word_1_735' title='bbox 1237 4956 1345 5003; x_wconf 90' lang='lat' dir='ltr'><strong>coram</strong></span> <span class='ocrx_word' id='word_1_736' title='bbox 1376 4934 1499 5001; x_wconf 89' lang='lat' dir='ltr'><strong>mundo</strong></span> <span class='ocrx_word' id='word_1_737' title='bbox 1527 4957 1687 5020; x_wconf 88' lang='lat' dir='ltr'><strong>pauperes</strong></span> <span class='ocrx_word' id='word_1_738' title='bbox 1717 4946 1750 5000; x_wconf 92' lang='grc' dir='ltr'><strong>ιι</strong></span> <span class='ocrx_word' id='word_1_739' title='bbox 1779 4937 1936 5001; x_wconf 88' lang='lat' dir='ltr'><strong>miseros:</strong></span> <span class='ocrx_word' id='word_1_740' title='bbox 1975 4934 2032 4999; x_wconf 93' lang='lat' dir='ltr'><strong>sed</strong></span> <span class='ocrx_word' id='word_1_741' title='bbox 2065 4934 2216 5002; x_wconf 90' lang='lat' dir='ltr'><strong>dolorem</strong></span> 
     </span>
     <span class='ocr_line' id='line_1_55' title="bbox 213 5016 2216 5105; baseline 0.003 -24"><span class='ocrx_word' id='word_1_742' title='bbox 213 5023 253 5081; x_wconf 93' lang='lat' dir='ltr'><strong>ut</strong></span> <span class='ocrx_word' id='word_1_743' title='bbox 290 5037 326 5080; x_wconf 91' lang='lat' dir='ltr'><strong>se</strong></span> <span class='ocrx_word' id='word_1_744' title='bbox 364 5016 482 5084; x_wconf 90' lang='lat' dir='ltr'><strong>iudicis</strong></span> <span class='ocrx_word' id='word_1_745' title='bbox 523 5019 628 5083; x_wconf 86' lang='lat' dir='ltr'><strong>officio</strong></span> <span class='ocrx_word' id='word_1_746' title='bbox 666 5029 699 5082; x_wconf 90' lang='lat' dir='ltr'><strong>et</strong></span> <span class='ocrx_word' id='word_1_747' title='bbox 730 5028 892 5100; x_wconf 87' lang='lat' dir='ltr'><strong>potestate</strong></span> <span class='ocrx_word' id='word_1_748' title='bbox 923 5021 1061 5101; x_wconf 90' lang='lat' dir='ltr'><strong>abdicet,</strong></span> <span class='ocrx_word' id='word_1_749' title='bbox 1101 5021 1187 5105; x_wconf 92' lang='lat' dir='ltr'><strong>quod</strong></span> <span class='ocrx_word' id='word_1_750' title='bbox 1238 5031 1387 5086; x_wconf 90' lang='lat' dir='ltr'><strong>nostrum</strong></span> <span class='ocrx_word' id='word_1_751' title='bbox 1418 5022 1520 5086; x_wconf 88' lang='lat' dir='ltr'><strong>leniat</strong></span> <span class='ocrx_word' id='word_1_752' title='bbox 1549 5022 1629 5087; x_wconf 89' lang='lat' dir='ltr'><strong>haec</strong></span> <span class='ocrx_word' id='word_1_753' title='bbox 1658 5020 1845 5094; x_wconf 84' lang='lat' dir='ltr'><strong>consolatio,</strong></span> <span class='ocrx_word' id='word_1_754' title='bbox 1870 5041 1934 5085; x_wconf 91' lang='lat' dir='ltr'><strong>non</strong></span> <span class='ocrx_word' id='word_1_755' title='bbox 1957 5020 2071 5103; x_wconf 87' lang='lat' dir='ltr'><strong>procul</strong></span> <span class='ocrx_word' id='word_1_756' title='bbox 2100 5019 2216 5088; x_wconf 85' lang='lat' dir='ltr'><strong>abesse</strong></span> 
     </span>
     <span class='ocr_line' id='line_1_56' title="bbox 215 5100 2218 5188; baseline 0.003 -23"><span class='ocrx_word' id='word_1_757' title='bbox 215 5100 359 5165; x_wconf 90' lang='lat' dir='ltr'><strong>secundo</strong></span> <span class='ocrx_word' id='word_1_758' title='bbox 407 5103 552 5169; x_wconf 91' lang='lat' dir='ltr'><strong>membro</strong></span> <span class='ocrx_word' id='word_1_759' title='bbox 595 5101 717 5168; x_wconf 90' lang='lat' dir='ltr'><strong>clarius</strong></span> <span class='ocrx_word' id='word_1_760' title='bbox 757 5105 929 5185; x_wconf 81' lang='lat' dir='ltr'><strong>exprimit:</strong></span> <span class='ocrx_word' id='word_1_761' title='bbox 979 5104 1057 5172; x_wconf 90' lang='lat' dir='ltr'><strong>dicit</strong></span> <span class='ocrx_word' id='word_1_762' title='bbox 1097 5102 1185 5171; x_wconf 91' lang='lat' dir='ltr'><strong>enim</strong></span> <span class='ocrx_word' id='word_1_763' title='bbox 1237 5107 1355 5183; x_wconf 91' lang='lat' dir='ltr'><strong>Deum,</strong></span> <span class='ocrx_word' id='word_1_764' title='bbox 1387 5126 1482 5188; x_wconf 91' lang='lat' dir='ltr'><strong>quem</strong></span> <span class='ocrx_word' id='word_1_765' title='bbox 1513 5107 1554 5171; x_wconf 91' lang='lat' dir='ltr'><strong>ad</strong></span> <span class='ocrx_word' id='word_1_766' title='bbox 1591 5128 1651 5170; x_wconf 91' lang='lat' dir='ltr'><strong>nos</strong></span> <span class='ocrx_word' id='word_1_767' title='bbox 1680 5104 1842 5170; x_wconf 89' lang='lat' dir='ltr'><strong>iuvandos</strong></span> <span class='ocrx_word' id='word_1_768' title='bbox 1876 5124 2052 5171; x_wconf 85' lang='lat' dir='ltr'><strong>aerumnae</strong></span> <span class='ocrx_word' id='word_1_769' title='bbox 2080 5117 2218 5172; x_wconf 88' lang='lat' dir='ltr'><strong>nostrae</strong></span> 
     </span>
     <span class='ocr_line' id='line_1_57' title="bbox 215 5185 2216 5275; baseline 0.004 -26"><span class='ocrx_word' id='word_1_770' title='bbox 215 5207 281 5250; x_wconf 90' lang='lat' dir='ltr'><strong>uon</strong></span> <span class='ocrx_word' id='word_1_771' title='bbox 318 5185 392 5250; x_wconf 92' lang='lat' dir='ltr'><strong>ideo</strong></span> <span class='ocrx_word' id='word_1_772' title='bbox 433 5197 562 5253; x_wconf 89' lang='lat' dir='ltr'><strong>tantum</strong></span> <span class='ocrx_word' id='word_1_773' title='bbox 596 5208 745 5270; x_wconf 88' lang='lat' dir='ltr'><strong>regnare,</strong></span> <span class='ocrx_word' id='word_1_774' title='bbox 786 5197 824 5251; x_wconf 93' lang='lat' dir='ltr'><strong>ut</strong></span> <span class='ocrx_word' id='word_1_775' title='bbox 862 5190 1012 5256; x_wconf 90' lang='lat' dir='ltr'><strong>sublimis</strong></span> <span class='ocrx_word' id='word_1_776' title='bbox 1045 5192 1187 5256; x_wconf 91' lang='lat' dir='ltr'><strong>emineat</strong></span> <span class='ocrx_word' id='word_1_777' title='bbox 1237 5202 1416 5256; x_wconf 88' lang='lat' dir='ltr'><strong>accersunt.</strong></span> <span class='ocrx_word' id='word_1_778' title='bbox 1462 5190 1668 5272; x_wconf 80' lang='lat' dir='ltr'><strong>Quibusdam</strong></span> <span class='ocrx_word' id='word_1_779' title='bbox 1691 5205 1800 5272; x_wconf 65' lang='lat' dir='ltr'><strong>nm</strong></span> <span class='ocrx_word' id='word_1_780' title='bbox 1824 5189 2049 5256; x_wconf 84' lang='lat' dir='ltr'><strong>videturesse</strong></span> <span class='ocrx_word' id='word_1_781' title='bbox 2071 5191 2216 5275; x_wconf 89' lang='lat' dir='ltr'><strong>simplex</strong></span> 
     </span>
    </p>
   </div>
   <div class='ocr_carea' id='block_1_5' title="bbox 0 0 2334 5856">
    <p class='ocr_par' dir='ltr' id='par_1_9' title="bbox 0 0 2334 5856">
     <span class='ocr_line' id='line_1_58' title="bbox 0 0 2334 5856; baseline 0 2"><span class='ocrx_word' id='word_1_782' title='bbox 0 0 2334 5856; x_wconf 95' lang='lat' dir='ltr'><strong> </strong></span> 
     </span>
    </p>
   </div>
  </div>
 </body>
</html>
