4658 5856
160 343 226 408 379
723 414 736 447 ·.
946 337 1166 405 PSALMUS
1185 337 1372 406 XXXVII.
2098 340 2162 405 380

159 543 319 612 quatenus
345 527 468 593 scilieet
498 529 652 612 expedire
675 529 766 594 Deus
796 530 940 592 noverit:
972 530 1018 593 sic
1047 528 1135 593 enim
1188 530 1279 605 tatis,
1309 541 1342 593 ει
1365 528 1594 595 beneficentiae
1617 528 1755 596 dandam
1779 549 1920 612 operam.
1963 529 2161 610 Quanquam

160 618 217 681 fiet
245 628 281 679 nt
310 614 471 698 refulgeat
503 615 538 679 in
570 614 734 680 communi
765 613 934 678 hominum
968 613 1038 677 vita
1073 613 1135 677 Dei
1188 627 1296 678 antem
1319 614 1481 679 sententia
1508 614 1589 680 haee
1619 616 1753 680 minime
1778 617 1928 699 congruit
1956 634 2030 680 cum
2060 634 2160 678 sensu

160 701 352 768 benedictio:
376 713 408 764 et
432 714 542 765 tamen
560 701 670 782 inopia
692 698 823 782 quidam
842 697 955 764 fideles
976 699 1135 780 laborent,
1159 712 1163 797 f
1187 701 1303 777 earnis,
1325 713 1450 765 certum
1481 712 1591 764 mmen
1621 711 1687 777 est,
1714 710 1818 766 totum
1847 721 1949 784 genus
1978 699 2160 763 humanum

160 789 236 870 quia
259 786 338 868 ipsis
361 785 441 852 utile
462 793 523 851 est.
568 784 692 866 Quodsi
711 785 751 851 ad
770 785 1012 850 mendicitatem
1031 782 1135 867 redigi
1188 805 1253 849 non
1276 785 1373 849 aliam
1396 787 1436 851 ob
1460 805 1590 850 eausam
1618 796 1667 850 tot
1692 785 1908 851 incommodis
1938 806 1975 850 ac
2003 785 2160 849 molestiis

160 874 331 956 contingat
353 872 538 955 quempiam
556 892 597 935 ex
621 870 786 949 fidelibus,
815 892 946 937 sursum
972 869 1135 934 tollendae
1188 870 1320 947 involvi,
1344 872 1406 936 nisi
1429 873 1504 951 quia
1526 892 1585 954 pro
1607 891 1642 938 se
1664 873 1799 954 quisque
1821 871 1959 947 iniuriis,
1983 869 2162 948 fraudibus,

161 975 239 1023 sunt
273 967 399 1023 mentes
433 955 473 1021 ad
508 958 634 1022 beatam
667 954 759 1021 illam
793 956 1045 1035 haereditatem,
1080 954 1135 1020 ubi
1159 946 1162 1043 l
1188 958 1312 1038 rapinis
1340 969 1372 1020 ει
1395 956 1561 1023 maleficiis
1584 957 1720 1035 deditus,
1743 957 1807 1022 Dei
1818 956 2087 1022 benedictionem
2110 977 2162 1019 re·

160 1044 250 1128 large
271 1043 427 1127 rependet
448 1042 539 1107 Deus
558 1041 716 1124 quidquid
734 1043 831 1107 fluxis
853 1043 923 1108 suis
941 1040 1136 1107 benedictio·
1159 1054 1163 1181 Ι
1188 1043 1283 1124 spuit.
1321 1040 1365 1108 Se
1383 1063 1461 1125 ergo
1482 1043 1570 1125 ipsos
1589 1043 1737 1108 homines
1755 1043 1947 1126 impediunt,
1970 1063 2033 1124 quo
2051 1041 2163 1104 minus

161 1131 257 1195 nibus
280 1151 369 1197 nune
391 1129 490 1194 deest.
534 1129 727 1193 Tenendum
750 1129 847 1193 etiam
874 1127 1013 1192 alterum
1043 1124 1136 1205 illud,
1188 1140 1287 1212 agant
1308 1128 1445 1192 feliciter
1464 1130 1499 1192 in
1522 1129 1652 1204 munde,
1675 1129 1862 1211 etquisque
1885 1128 2047 1192 lactucae
2070 1136 2163 1190 tran·

160 1217 188 1282 si
207 1215 321 1280 fideles
337 1214 554 1280 communiter
572 1213 688 1278 iisdem
708 1214 820 1295 poenis
838 1213 996 1291 involvat,
1019 1209 1136 1295 quibus
1187 1212 1309 1294 quillus
1331 1213 1415 1295 quod
1438 1234 1535 1281 sunm
1558 1225 1607 1278 est
1628 1213 1803 1296 possideat.
1858 1213 1933 1278 Non
1956 1226 2079 1277 temere
2101 1212 2163 1292 igi·

161 1302 279 1384 impios
301 1299 482 1378 ulciscitur,
511 1319 612 1380 quum
642 1297 758 1363 iisdem
790 1297 901 1364 videat
928 1297 1050 1364 morbis
1073 1298 1135 1361 im·
1188 1308 1243 1362 tur
1265 1296 1375 1363 David
1398 1319 1417 1362 a
1439 1299 1601 1381 superiori
1624 1300 1772 1364 doctrina
1791 1298 1833 1364 ad
1856 1299 1940 1362 hanc
1962 1299 2164 1363 exhortatio·

161 1388 305 1471 plicitos,
328 1387 361 1450 in
384 1405 422 1449 eo
444 1384 528 1448 nihil
551 1406 622 1449 esse
644 1383 786 1449 absurdi.
829 1383 915 1448 Nam
944 1385 1003 1449 etsi
1033 1402 1136 1464 usquc
1188 1405 1261 1447 nem
1285 1384 1462 1450 delabitur:
1494 1387 1569 1467 quia
1590 1384 1618 1448 si
1650 1387 1810 1450 mansueti
1833 1395 1954 1449 terram
1983 1381 2163 1469 possident,

161 1473 203 1538 ad
226 1472 288 1538 Dei
318 1479 541 1552 contemptum
572 1492 639 1535 non
664 1470 853 1554 prosiliunt,
883 1491 988 1553 neque
1016 1468 1137 1535 addicti
1188 1481 1224 1533 ut
1246 1470 1381 1553 quisque
1402 1471 1464 1536 sibi
1486 1470 1568 1535 bene
1592 1491 1663 1535 esse
1684 1481 1789 1554 optat,
1813 1471 1859 1535 sie
1881 1471 1978 1534 ctiam
2002 1469 2099 1533 debet
2120 1467 2165 1531 ad

161 1568 239 1624 sunt
261 1555 446 1634 sceleribus,
469 1576 576 1638 neque
593 1557 693 1620 etiem
715 1554 776 1619 sibi
800 1554 939 1637 placent,
961 1555 1014 1622 vel
1037 1554 1136 1619 defixi
1189 1556 1381 1637 probitatem
1404 1568 1437 1621 et
1459 1556 1704 1622 beneficentiam
1729 1556 1819 1621 eniti.
1855 1555 2042 1621 Notandum
2062 1559 2164 1619 etiam

161 1658 239 1710 sunt
267 1644 303 1706 in
333 1643 401 1707 suis
430 1642 539 1705 vitiis:
573 1661 640 1705 non
670 1652 782 1706 tamen
815 1641 910 1707 soluti
935 1653 1015 1706 sunt
1047 1639 1137 1705 omni
1190 1651 1255 1718 est,
1281 1641 1361 1707 haee
1384 1641 1446 1707 duo
1469 1663 1533 1707 non
1556 1643 1626 1707 sine
1649 1643 1776 1706 ratione
1798 1641 1837 1706 ab
1860 1663 1897 1706 eo
1919 1641 2093 1723 coniungi,
2125 1652 2164 1704 ut

161 1742 264 1795 reatu.
310 1729 421 1809 Quare
444 1747 509 1791 non
532 1728 650 1792 mirum
673 1738 724 1792 εει
746 1728 775 1793 si
797 1727 1030 1810 temporalibus
1059 1746 1134 1809 poc·
1189 1725 1422 1792 beneficentiae
1445 1728 1600 1792 studeant
1620 1727 1749 1804 fideles,
1772 1736 1805 1791 ει
1827 1728 1867 1791 ab
1890 1727 1979 1790 omni
2003 1726 2164 1791 maleficio

161 1816 212 1881 nis
238 1814 403 1879 interdum
432 1812 630 1878 subiaceant.
674 1813 747 1879 Hoc
776 1813 903 1878 interea
933 1834 1045 1878 verum
1076 1823 1136 1889 εει,
1190 1813 1251 1877 sibi
1280 1823 1472 1894 temperent.
1525 1813 1607 1877 Nam
1641 1824 1679 1877 ut
1706 1812 1837 1877 Psalmo
1866 1812 1917 1876 34.
1949 1813 2056 1877 visum
2088 1812 2161 1889 fuit,

159 1902 268 1967 Deum
291 1900 358 1964 suis
380 1898 580 1981 prospicere,
613 1909 652 1964 ut
676 1909 764 1963 sorte
786 1919 846 1963 sua
867 1901 1010 1964 contenti
1043 1896 1137 1961 nulla
1189 1899 1356 1981 continget
1384 1919 1482 1981 saepe
1510 1899 1649 1980 aliquem
1680 1919 1746 1963 non
1777 1897 1879 1962 modo
1908 1898 2097 1962 humaniter
2126 1917 2163 1961 se

161 2009 197 2053 re
219 1996 347 2070 egeant,
382 1985 458 2066 quia
479 2003 575 2065 parce
599 1983 777 2058 victitando
806 1984 983 2049 liberaliter
1005 1984 1136 2048 interim
1189 2004 1302 2066 gerere
1325 2004 1403 2067 erga
1424 1994 1529 2049 certos
1552 1984 1713 2062 homines,
1743 1983 1799 2048 sed
1822 1983 2038 2067 plena.etiam
2060 2004 2163 2048 manu

162 2074 297 2137 vivunt:
329 2071 438 2136 sicuti*
454 2068 532 2134 dicit
552 2070 677 2136 Paulus
699 2069 841 2152 Philipp.
865 2069 901 2151 4,
929 2070 984 2134 12:
1026 2067 1137 2133 Didici
1190 2069 1230 2133 de
1251 2091 1308 2134 suo
1330 2069 1451 2152 largiri,
1476 2070 1532 2135 scd
1553 2071 1688 2134 interim
1711 2067 1842 2135 aliunde
1864 2090 1978 2151 rapere
2008 2088 2044 2132 ac
2067 2089 2163 2152 prae·

166 2155 342 2232 abundare,
366 2153 465 2220 didici
486 2164 519 2219 et
540 2156 710 2238 penuriam
734 2157 810 2237 pati.
1191 2154 1259 2218 dari
1283 2154 1371 2219 unde
1393 2176 1484 2221 snam
1508 2155 1734 2220 liberalitatem
1765 2164 1914 2220 ostentet.
1958 2155 2049 2237 Ergo
2077 2156 2162 2236 quis·

250 2243 302 2307 26.
321 2239 482 2326 (Quotidie
498 2239 685 2326 miseretur.)
715 2239 849 2323 Repetit
860 2239 1017 2323 quodiam
1036 2238 1137 2304 semel
1190 2242 1262 2322 quis
1284 2241 1392 2306 officia
1414 2263 1474 2306 sua
1495 2242 1586 2324 cupit
1608 2241 1680 2306 Deo
1703 2241 1845 2322 probari,
1871 2241 1918 2306 sie
1941 2239 2021 2304 bene
2044 2240 2164 2304 mereri

163 2331 305 2408 dixerat,
339 2325 402 2391 Dei
436 2329 575 2409 gratiam
609 2327 842 2392 inexhaustum
876 2348 947 2392 esse
977 2327 1136 2391 benorum
1190 2326 1318 2390 studeat
1341 2325 1380 2390 de
1402 2326 1556 2392 fratribus
1578 2328 1632 2409 qui
1659 2347 1720 2409 ops
1741 2328 1812 2392 eius
1840 2325 2000 2409 egebunt,
2034 2345 2074 2390 ne
2102 2326 2161 2389 uni

162 2416 308 2479 omnium
326 2414 458 2488 fontem,
478 2412 614 2495 ideoque
633 2412 711 2477 dnm
726 2433 761 2477 se
779 2413 902 2478 exserit
923 2432 1001 2495 erga
1015 2411 1137 2488 fideles,
1191 2423 1359 2477 succurrat
1381 2432 1456 2476 cnm
1475 2413 1609 2477 alterius
1627 2414 1759 2492 iactura,
1782 2414 1834 2476 vel
1856 2411 1943 2477 hunc
1965 2412 2051 2476 illius
2072 2431 2160 2475 moa·

163 2520 229 2565 non
251 2498 347 2563 modo
365 2499 446 2580 ipsis
463 2507 636 2581 suppetere
655 2498 741 2581 quod
760 2498 839 2563 satis
857 2498 900 2562 sit
917 2499 951 2561 in
973 2498 1137 2580 privatum
1191 2497 1279 2561 stitia
1301 2496 1472 2562 exhilaret.
1517 2502 1625 2580 Atque
1647 2498 1700 2562 his
1729 2496 1855 2563 duobus
1882 2498 1992 2562 verbis
2022 2498 2163 2562 breviter

163 2607 274 2662 usum,
303 2583 360 2649 sed
390 2582 479 2648 unde
508 2584 582 2649 aliis
612 2584 805 2667 largiantur.
851 2582 948 2663 Quod
978 2582 1069 2647 addit
1098 2581 1138 2646 de
1191 2582 1366 2647 secundam
1389 2583 1471 2666 legis
1492 2583 1636 2649 tabulam
1660 2583 1848 2666 complexus
1869 2594 1920 2648 est
1941 2583 2068 2648 David:
2098 2583 2163 2665 pri·

162 2692 276 2737 eorum
308 2670 435 2748 sanine,
477 2670 569 2733 varie
602 2669 791 2750 exponitur:
825 2670 905 2751 quin
939 2666 978 2733 de
1011 2668 1137 2750 piorum
1190 2688 1281 2731 mum
1299 2677 1337 2732 ut
1354 2689 1471 2734 manus
1488 2689 1563 2734 snas
1581 2670 1622 2734 ab
1640 2670 1727 2734 omni
1750 2689 1836 2734 noxa
1857 2689 1956 2751 puras
1973 2669 2165 2735 contineant

163 2757 240 2822 filiis
261 2755 415 2837 loquatur
438 2753 571 2817 minime
594 2753 729 2819 dubium
758 2761 824 2831 est,
851 2753 947 2835 idque
975 2753 1138 2836 colligitur
1191 2752 1312 2830 fideles,
1335 2773 1373 2819 ae
1394 2755 1518 2818 nemini
1540 2755 1718 2838 praebcant
1735 2755 1955 2836 querimoniae
1974 2755 2163 2819 materiam:

164 2864 207 2906 ex
230 2862 326 2906 versu
349 2840 514 2921 proximo:
545 2838 603 2903 sed
630 2837 715 2920 quod
744 2838 817 2903 illos
831 2840 887 2904 ud
906 2839 1139 2904 benedictionem
1191 2836 1308 2903 deinde
1336 2860 1376 2903 ne
1404 2838 1467 2903 sibi
1496 2839 1626 2918 vivant,
1662 2860 1698 2905 ac
1725 2841 1861 2922 privatis
1891 2839 2069 2904 commodis
2096 2841 2165 2904 sint

166 2928 235 2991 fora
258 2926 346 3004 dicit,
368 2923 499 3006 quidam
521 2924 568 2989 sie
590 2924 763 3007 accipiunt,
787 2945 824 2990 ae
846 2926 875 2989 si
898 2925 1042 2999 dixisset,
1073 2925 1140 2988 fore
1192 2922 1327 3000 addicti,
1356 2923 1413 2990 sed
1436 2926 1540 3008 quoad
1563 2935 1714 3008 suppetet
1743 2925 1894 3003 facultas,
1927 2927 1961 2988 in
1991 2945 2164 2990 commune

165 3010 394 3076 beneficentiae
406 3008 470 3074 Dei
492 3010 675 3074 ministros:
699 3011 745 3075 ita
759 3010 938 3075 secundum
949 3030 1004 3074 eos
1026 3030 1140 3075 sensus
1192 3008 1346 3091 prodesse
1377 3013 1519 3094 cupiant.
1576 3011 1729 3076 Diximus
1762 3024 1870 3076 autem
1902 3011 2049 3087 antehac,
2076 3009 2164 3076 hane

165 3105 260 3174 esset,
278 3104 409 3178 patrum
426 3095 605 3159 imitatores
619 3098 687 3160 fore
709 3097 744 3159 in
761 3096 913 3161 iuvandis
934 3095 1140 3180 pauperibus,
1193 3094 1256 3160 Dei
1276 3094 1530 3161 benedictionem
1548 3117 1630 3179 quae
1647 3097 1744 3162 tastis
1761 3097 1971 3179 promittitur,
1995 3116 2060 3160 non
2078 3117 2163 3161 sem·

165 3193 199 3248 et
220 3180 417 3247 liberalitate
435 3201 513 3264 erga
530 3201 644 3246 omnes
662 3180 859 3246 exercenda:
883 3180 939 3247 sed
962 3202 1076 3247 vereor
1098 3201 1140 3245 ue
1194 3202 1250 3263 per
1272 3181 1399 3263 aequali
1418 3181 1512 3247 modo
1530 3182 1687 3265 perspici,
1714 3193 1753 3247 ut
1775 3188 1895 3248 terrem
1918 3181 2101 3247 inhabitent.-
2127 3204 2165 3248 ac

166 3269 227 3333 hoc
257 3268 356 3333 nimis
389 3268 432 3331 sit
461 3276 623 3350 argutum.
675 3266 748 3332 Non
778 3267 899 3350 recipio
926 3266 1026 3331 etiam
1053 3266 1140 3348 quod
1193 3288 1324 3332 causam
1347 3269 1524 3343 attulimus,
1544 3269 1619 3351 quia
1642 3271 1701 3333 vix
1717 3267 1820 3332 ullum
1835 3276 1946 3333 tantae
1965 3268 2165 3351 integritatis

169 3352 287 3418 docent
308 3352 381 3430 alii,
411 3364 479 3414 tam
509 3353 673 3436 insignem
702 3353 770 3416 fore
797 3373 875 3437 erga
899 3352 984 3418 filios
1013 3352 1141 3436 piorum
1193 3353 1378 3434 exemplum
1416 3356 1557 3435 reperiat
1587 3355 1676 3419 Deus
1697 3358 1784 3418 inter
1807 3355 1973 3429 homines,
2004 3354 2082 3436 quin
2107 3374 2166 3419 sua

168 3438 233 3502 Dei
255 3439 404 3520 gratiam,
428 3450 465 3501 ut
487 3441 521 3500 in
544 3437 717 3501 formulam
740 3437 842 3501 bonae
865 3448 898 3501 et
919 3441 1045 3503 faustae
1067 3458 1141 3520 pre·
1194 3436 1523 3520 culpamsieriassibi
1542 3441 1782 3522 procreentqui
1805 3449 1881 3503 sunt
1897 3439 2078 3504 interalios
2094 3460 2166 3522 per·

168 3524 308 3591 cationis
330 3521 512 3588 trahantur.
556 3523 678 3586 Fateor
706 3522 792 3587 hanc
821 3521 975 3604 loquendi
1003 3523 1141 3587 formam
1195 3523 1378 3589 lectissimi:
1400 3524 1472 3588 ideo
1490 3525 1574 3589 nihil
1594 3526 1713 3590 mirum
1732 3525 1760 3590 si
1781 3525 1944 3590 Dominus
1961 3545 2053 3589 suam
2068 3526 2165 3590 bene·

168 3608 317 3693 pluribus
340 3608 418 3673 locis
439 3607 487 3671 ita
508 3607 627 3689 accipi:
651 3605 780 3672 sedhic
801 3605 1037 3693 (meoiudicio)
1060 3609 1142 3674 nihil
1195 3607 1371 3674 dictionem
1392 3608 1561 3685 subducat,
1584 3610 1700 3675 saltem
1722 3610 1830 3692 aliqua
1852 3632 1894 3674 ex
1918 3621 2025 3691 parte:
2048 3608 2167 3676 deinde

168 3695 258 3760 aliud
272 3694 377 3760 voluit
388 3692 498 3758 David
517 3713 616 3775 quam
639 3693 802 3758 celebrare
824 3694 1011 3758 continuam
1022 3694 1142 3759 favoris
1195 3697 1315 3760 scimus
1345 3707 1382 3759 ut
1409 3694 1577 3759 luxurient
1603 3695 1740 3762 affectus
1761 3697 1882 3775 earnis,
1912 3695 1973 3760 nisi
2005 3695 2170 3762 Dominus

169 3782 233 3847 Dei
256 3801 275 3844 a
297 3778 444 3861 patribus
466 3782 499 3843 in
522 3778 608 3844 filios
630 3779 762 3843 seriem:
786 3798 823 3843 ae
852 3783 881 3844 si
910 3779 1046 3856 diceret,
1076 3801 1142 3844 non
1196 3781 1343 3844 fraenum
1367 3780 1500 3845 inliciat.
1545 3778 1639 3845 Adde
1660 3780 1743 3864 quod
1768 3779 1809 3845 ad
1831 3780 2074 3846 meditationem
2097 3801 2169 3847 cos·

169 3866 334 3949 exstingui
367 3864 431 3929 Dei
461 3862 716 3931 benedictionem
750 3864 803 3929 ubi
843 3865 949 3930 iustus
982 3865 1142 3946 quispiam
1195 3865 1289 3930 lestis
1311 3866 1398 3929 vitae
1420 3886 1515 3930 nemo
1533 3866 1612 3931 satis
1629 3867 1779 3931 alacriter
1797 3877 1959 3951 properat,
1982 3867 2045 3931 nisi
2069 3867 2171 3933 variis

171 3953 324 4030 moritur,
359 3950 416 4015 sed
449 3952 622 4032 pervenire
654 3971 758 4034 usque
791 3949 832 4014 ad
861 3952 931 4017 cius
960 3951 1054 4016 filios.
1097 3951 1143 4014 Et
1195 3950 1337 4017 stimulis
1368 3961 1534 4032 urgeatur.
1591 3950 1677 4017 Hinc
1714 3954 1753 4017 fit
1786 3962 1821 4016 ut
1858 3953 2017 4036 possessio
2051 3966 2170 4029 terras,

170 4050 258 4102 certe
286 4035 376 4099 nulla
405 4046 455 4100 εει
483 4037 602 4101 certior
636 4035 819 4101 haereditas
852 4036 887 4099 in
920 4057 1018 4118 quam
1049 4036 1142 4102 nobis
1196 4056 1294 4119 quam
1326 4036 1435 4100 David
1468 4037 1613 4120 assignat
1645 4036 1721 4101 filiis
1755 4037 1834 4114 Dei,
1868 4057 1932 4102 ncn
1966 4058 2095 4120 semper
2126 4039 2172 4103 sit

170 4119 345 4186 succedant
365 4120 441 4200 filii,
471 4141 568 4203 quarn
592 4121 647 4186 ubi
669 4122 743 4187 illos
774 4121 939 4186 nobiscum
963 4120 1055 4188 Deus
1084 4143 1142 4205 pa·
1196 4123 1314 4204 pedum
1338 4122 1471 4204 positio,
1499 4123 1575 4204 qnia
1601 4122 1723 4187 multas
1744 4123 1985 4206 inquietudines
2014 4144 2069 4188 eos
2097 4144 2171 4207 per·

170 4222 264 4271 terno
287 4226 344 4271 suo
363 4205 475 4270 favore
496 4207 686 4290 complexus
710 4205 943 4271 benedictionis
970 4228 1048 4272 suae
1066 4227 1143 4272 con·
1197 4207 1337 4271 turbant.
1383 4207 1495 4290 Neque
1518 4217 1626 4271 tamen
1650 4209 1796 4273 fictitium
1821 4224 1870 4273 est
1888 4209 1972 4292 quod
1990 4210 2171 4290 promittit:

172 4302 277 4358 sortes
300 4291 384 4355 feeit.
1196 4294 1345 4376 quamvis
1362 4293 1449 4357 enim
1469 4293 1671 4374 experientia
1688 4295 1870 4360 communis
1888 4294 2034 4358 nondum
2046 4294 2173 4377 liquido

1196 4378 1397 4443 demonstret
1419 4377 1502 4443 filios
1520 4377 1583 4442 Dei
1602 4378 1756 4444 haeredes
1779 4401 1850 4446 εεεε
1873 4390 1988 4459 terrae,
2010 4383 2172 4446 sentimus

256 4463 308 4527 27.
326 4460 462 4526 ¹Recede
491 4462 627 4537 amalo,
657 4464 761 4544 alfae
792 4462 972 4528 bonumwt
1004 4463 1145 4530 inhabita
1198 4478 1308 4528 tamen
1336 4483 1394 4545 pre
1416 4483 1570 4528 mensura
1599 4479 1732 4530 nostrae
1760 4465 1836 4531 fidei
1864 4465 1941 4548 quid
1973 4465 2082 4531 valeat
2108 4466 2171 4532 Dei

171 4547 395 4615 incaseatum.
440 4546 490 4611 28.
514 4547 597 4627 Quia
611 4547 726 4612 Ielwea
746 4553 834 4613 amet
849 4549 1014 4625 iudicium,
1036 4554 1064 4615 et
1084 4571 1146 4616 noa
1198 4548 1395 4624 benedictio,
1435 4569 1519 4631 quaa
1550 4550 1680 4616 assidue
1712 4552 1817 4616 instar
1848 4552 1948 4616 fontis
1981 4552 2172 4616 inexhausti

169 4634 357 4716 derelinquit
374 4637 551 4698 maetam
571 4653 659 4710 suos,
681 4634 716 4696 ia
736 4634 895 4700 aemulum
915 4637 1145 4702 emetiatur.-
1198 4635 1342 4702 scaturit.
1370 4633 1467 4699 (larte
1479 4634 1553 4715 plus
1574 4655 1672 4717 quam
1693 4636 1779 4702 caeci
1801 4648 1880 4702 sunt
1896 4637 1953 4719 qui
1976 4658 2040 4702 non
2059 4637 2174 4702 vident

170 4727 319 4787 asenec
348 4719 517 4800 impioram
546 4718 710 4783 excidam.
761 4718 812 4784 29.
846 4718 932 4785 Iusti
958 4719 1147 4787 lteeredt'tata
1200 4721 1383 4806 praemium
1406 4718 1466 4782 hoc
1488 4722 1553 4784 iam
1576 4722 1710 4803 rependi
1731 4722 1825 4789 iustis
1848 4722 2050 4801 hominibus,
2085 4722 2172 4806 quod

164 4805 367 4889 possidebunt
394 4810 518 4881 terram
552 4802 783 4869 etltudt‘tabaat
804 4805 839 4868 in
868 4805 1027 4872 secedam
1054 4828 1148 4890 super
1202 4810 1292 4873 Deus
1315 4824 1371 4868 eos
1393 4823 1452 4868 suo
1469 4805 1630 4887 praesidio
1650 4816 1763 4872 tuetur
1785 4829 1822 4873 ac
1844 4809 1991 4873 sustinet.

172 4912 256 4957 eom.
1287 4891 1339 4955 28.
1368 4887 1731 4977 (declamaremus.)
1763 4894 1914 4958 Notanda
1932 4903 1982 4958 est
2000 4894 2172 4960 haeceon·

1203 4977 1342 5042 firmatio
1363 4976 1532 5058 proximae
1555 4979 1750 5056 sententiae,
1774 4980 1849 5060 quia
1871 4981 2012 5044 sumitur
2034 5002 2074 5044 ex
2097 4980 2170 5045 alti-

242 5063 292 5127 at.
312 5060 459 5147 (Reecede
479 5083 501 5124 n
523 5059 628 5146 meto.)
647 5058 821 5127 Concludit
838 5060 900 5126 hoc
923 5081 1023 5127 versu
1042 5062 1150 5128 David
1203 5084 1258 5128 ore
1276 5061 1442 5144 principio,
1460 5082 1586 5144 nempe,
1606 5062 1676 5127 Deo
1693 5063 1821 5146 placere
1839 5066 1995 5131 iustitiam
2015 5079 2048 5130 et
2076 5067 2172 5131 recti·

172 5156 208 5210 ut
228 5146 377 5212 fruamur
396 5146 457 5211 hae
474 5145 629 5212 felicitate
651 5146 721 5212 cuis
739 5146 897 5224 meminit,
914 5147 1150 5215 abstinendum
1203 5147 1357 5214 tudinem.
1408 5147 1503 5227 Quod
1526 5146 1653 5214 videtur
1673 5148 1805 5231 quidem
1826 5172 1896 5216 esse
1919 5150 2087 5231 mutilum,
2115 5152 2172 5219 sed

181 5252 234 5297 sse
259 5231 300 5297 ab
323 5233 414 5298 omni
436 5233 573 5312 iniuria,
603 5231 739 5298 colenda
761 5252 832 5297 esse
861 5230 968 5296 officia
998 5232 1151 5300 humani·
1202 5233 1277 5319 quia
1294 5253 1352 5315 pro
1369 5235 1514 5300 confesso
1531 5234 1633 5299 sumit
1644 5233 1763 5314 David,
1781 5236 1866 5319 quod
1881 5238 2009 5320 piorum
2026 5239 2172 5303 omnium
