4658 5856
159 315 225 382 635
959 312 1175 381 PSALIIUS
1199 315 1364 383 LXVIII.
2096 315 2162 379 636

159 505 223 571 mis
245 506 453 587 confugimus
472 501 514 568 ad
530 523 625 586 opem
643 502 716 582 Dei,
738 501 899 587 speranda
922 503 1011 569 haud
1035 502 1134 578 dubie
1157 507 1162 557 t
1186 503 1292 569 tiones
1322 504 1409 570 inter
1438 525 1473 569 se
1503 505 1699 589 confligant,
1733 514 1861 571 constet
1890 519 2001 569 tamen
2035 503 2159 585 optima

159 592 254 659 nobis
276 601 327 658 est
348 591 491 655 hostium
514 601 700 655 nostrorum
723 589 903 672 dissipatio.
1186 591 1379 671 symmetria
1396 599 1430 655 et
1448 599 1751 672 temperamentum,
1769 603 1801 655 et
1819 590 1873 656 hic
1891 603 1958 655 tam
1977 590 2158 655 concinnus

1186 684 1220 738 et
1241 675 1356 757 pulcer
1378 675 1457 741 ordo
1487 686 1536 739 tet
1553 676 1692 743 saeculis
1720 676 1881 759 aequabili
1912 688 2024 740 tenore
2054 675 2159 741 couti·

248 764 300 828 32.
331 761 457 827 Venient
482 761 635 842 primates
656 780 696 825 cc
717 759 864 844 Aegypto,
894 760 1064 841 Aethiopia
1089 780 1134 826 ce·
1186 772 1307 826 nuatus
1329 762 1437 827 tuerit.
1468 761 1628 827 Videmus
1647 782 1724 845 ergo
1742 775 1780 827 ut
1797 763 1959 827 coelorum
1977 760 2157 842 antiquitas

162 850 269 915 ariter
291 847 453 929 protendet
480 866 595 911 666666
622 865 699 911 suas
719 847 763 912 ad
784 845 898 911 Deam.
943 847 994 912 33.
1026 846 1136 930 Repaa
1187 845 1304 911 melius
1336 847 1543 912 commendet
1571 847 1719 912 mirabile
1750 846 1812 912 Dei
1843 848 2017 929 opificium.
2062 846 2158 910 Post·

162 941 265 1001 terrac
281 937 401 1000 cordate
419 931 499 1011 Deo,
516 931 646 1014 psallite
657 931 804 997 Domino.
829 931 934 996 Selab.
967 933 1018 998 34.
1034 931 1136 1014 Equi·
1186 951 1283 1013 quam
1307 954 1386 997 vero
1409 933 1582 999 creationis
1604 933 1763 1015 meminit,
1790 934 1901 998 statim
1924 931 2093 996 descendit
2116 931 2155 995 ad

162 1021 243 1085 tanti
267 1021 303 1084 ia
324 1019 415 1084 coelis
443 1019 596 1084 coelerum
623 1019 838 1099 antiquitatis:
866 1038 930 1084 eece
959 1020 1072 1084 enitet
1100 1019 1136 1082 ia
1186 1019 1346 1094 tonitrua,
1378 1038 1459 1100 quae
1488 1039 1545 1100 per
1573 1018 1731 1085 robustam
1752 1038 1851 1084 vocem
1881 1018 2047 1101 designat,
2075 1018 2158 1082 sicut

162 1127 231 1172 voce
258 1126 320 1171 sao
341 1123 441 1169 oocera
462 1104 597 1169 66666666.
641 1102 694 1168 35.
724 1102 808 1168 Date
829 1102 924 1168 rebar
944 1103 1014 1170 Deo
1042 1123 1152 1186 saper*
1186 1102 1273 1167 Psal.
1295 1102 1347 1181 29,
1369 1104 1392 1168 4
1413 1101 1566 1169 vidimus.
1611 1103 1808 1186 Quanquam
1838 1104 1982 1187 loquutic
2004 1102 2156 1167 bifariam

163 1191 287 1257 Israel:
336 1189 568 1270 magnificentia
611 1189 680 1254 cias
718 1194 745 1253 et
784 1189 879 1255 rebar
919 1191 954 1255 ia
992 1189 1134 1255 nubibas.
1187 1188 1308 1252 resolvi
1331 1197 1453 1272 potest:
1489 1190 1541 1254 vel
1564 1190 1651 1272 quod
1673 1190 1827 1254 mandato
1849 1209 1909 1256 suo
1932 1189 2076 1253 tonitrua
2097 1209 2154 1253 ex-

163 1277 214 1342 36.
252 1276 418 1342 Terribilis
452 1295 485 1340 es
517 1275 608 1342 Deae
639 1295 661 1339 a
692 1275 884 1341 aaaaaariis
921 1276 1006 1341 tais:
1044 1274 1135 1340 Dcas
1187 1272 1282 1353 citet,
1310 1295 1393 1357 quae
1416 1274 1558 1340 violento
1587 1276 1697 1340 sonitu
1726 1275 1852 1342 coelum
1875 1286 1909 1340 et
1929 1283 2052 1340 terram
2079 1294 2156 1338 cen·

164 1362 268 1428 Israel
296 1363 363 1444 ipse
385 1360 473 1425 dabit
492 1360 588 1425 robur
609 1365 637 1426 et
657 1359 861 1440 fortitudines
883 1361 1020 1443 populo:
1048 1360 1134 1426 heae·
1188 1359 1332 1424 cutiunt:
1355 1360 1408 1426 vel
1431 1360 1516 1444 quod
1538 1381 1650 1426 vocem
1672 1381 1765 1426 suam
1783 1362 1819 1425 in
1840 1362 1965 1425 tonitru
1988 1359 2156 1425 robustam

163 1449 264 1515 dictae
285 1447 384 1513 Deae.
1188 1444 1273 1510 edat.
1304 1444 1426 1512 Fusius
1448 1456 1557 1511 autem
1576 1447 1611 1510 in
1628 1468 1678 1529 eo,
1701 1468 1797 1531 quem
1820 1467 1926 1530 nuper
1944 1446 2054 1523 citavi,
2077 1445 2156 1521 loco,

1188 1527 1338 1612 disserui,
1361 1553 1425 1596 non
1448 1531 1507 1598 abs
1525 1554 1560 1597 re
1578 1535 1716 1615 proponi
1737 1532 1829 1597 nobis
1852 1541 2020 1596 tonantem
2038 1530 2157 1607 Deum,

249 1620 302 1684 32.
333 1617 480 1701 (Venient
503 1616 681 1698 primates.)
727 1618 852 1682 Iterum
879 1618 919 1683 ad
941 1618 1135 1702 gratulatio·
1188 1615 1265 1698 quia
1283 1617 1367 1681 nihil
1385 1616 1426 1681 ad
1444 1618 1671 1683 incutiendum
1694 1629 1852 1683 terrorem
1875 1619 2037 1683 efficacius
2061 1637 2157 1699 pene·

163 1727 239 1772 nem
262 1704 450 1785 revertitur,
474 1713 508 1767 66
525 1704 697 1768 confirmat
720 1703 804 1786 quod
829 1705 925 1787 paulo
948 1714 1024 1768 ante
1042 1703 1135 1782 dixit,
1188 1710 1254 1765 irat
1282 1700 1451 1767 hominum
1482 1713 1616 1769 mentes.
1661 1704 1770 1787 Atque
1800 1714 1839 1768 ut
1860 1714 2005 1769 nostram
2034 1702 2157 1784 incogi-

163 1813 258 1876 reges
280 1790 321 1854 ad
344 1788 538 1855 solvendum
561 1790 633 1853 Deo
655 1789 813 1854 tributum
836 1799 1001 1856 venturos.
1038 1789 1134 1870 Quod
1189 1789 1327 1852 tantiam
1346 1790 1594 1872 expergefaciat,
1613 1790 1664 1855 vel
1683 1791 1789 1872 potius
1808 1789 1987 1856 socordiam
2005 1789 2157 1871 corrigat,

164 1877 359 1943 nominatim
393 1875 433 1939 de
463 1874 637 1957 Aegyptiis
669 1884 702 1938 et
734 1873 951 1957 Aethiopibus
984 1884 1135 1940 testatur.
1188 1873 1280 1954 quasi
1303 1873 1337 1937 in
1356 1894 1392 1938 re
1414 1876 1577 1957 praesenti
1599 1896 1658 1940 nos
1680 1876 1808 1955 sistens,
1830 1876 1934 1940 utitur
1956 1874 2157 1939 demonstra-

163 1962 261 2030 Unde
293 1960 478 2044 colligimus
511 1959 703 2025 vaticinium
735 1960 797 2027 hoo
830 1959 871 2024 ad
902 1960 1028 2026 Christi
1062 1981 1135 2043 per·
1189 1960 1258 2024 tiva
1281 1960 1442 2038 particula
1465 1958 1554 2026 Ecce.

164 2068 280 2116 sonam
313 2046 463 2121 extendi,
500 2045 592 2110 cuius
625 2044 757 2110 tandem
791 2045 891 2111 ductu
922 2047 1039 2130 iugum
1072 2046 1136 2111 Dei
1272 2044 1324 2109 35.
1352 2043 1449 2128 (Date
1476 2045 1595 2131 rebar.)
1639 2045 1767 2110 Alludit
1797 2045 1837 2111 66
1868 2046 2053 2128 proximam
2083 2066 2157 2110 sen·

166 2134 337 2200 subierunt
350 2130 507 2215 Aegyptii
524 2144 557 2195 et
571 2130 757 2214 Aethiopes.
784 2130 932 2196 Verbum
952 2144 1032 2231 Yt'ttt
1051 2130 1135 2213 quod
1189 2130 1334 2207 tentiam,
1363 2130 1419 2196 ubi
1441 2130 1569 2196 dixerat
1591 2132 1699 2197 Deum
1724 2132 1892 2197 robustam
1914 2151 2028 2196 vocem
2051 2129 2156 2214 edere,

165 2241 225 2284 nos
249 2220 408 2283 vertimus
431 2215 590 2282 Celeriter
619 2217 805 2300 protendet,
834 2217 1028 2282 tantundem
1046 2217 1136 2282 valet
1189 2235 1295 2297 neque
1323 2217 1422 2299 enim,
1453 2217 1582 2299 propria
1614 2216 1792 2299 loquendo,
1821 2216 1995 2299 quidquam
2026 2219 2056 2281 ei
2080 2217 2156 2282 dare

166 2327 203 2370 ac
226 2323 358 2370 currere
380 2301 485 2368 faciet.
531 2299 597 2368 Sed
621 2301 831 2385 metaphorae
857 2303 1017 2385 asperitas
1046 2303 1135 2368 miti·
1188 2312 1339 2366 nostrum
1361 2313 1420 2368 est.
1465 2301 1532 2369 Sed
1562 2304 1638 2386 quia
1666 2305 1750 2367 iusto
1779 2324 1853 2367 oum
1880 2302 2003 2368 honore
2024 2301 2156 2368 frauda-

165 2389 275 2473 ganda
296 2389 367 2453 fuit.
413 2387 589 2455 Caeterum
612 2387 746 2453 dubium
769 2398 818 2453 est
839 2409 882 2452 an
904 2387 1135 2471 promptitudi·
1188 2407 1271 2469 mus,
1301 2397 1472 2470 postquam
1494 2409 1571 2454 aum
1594 2388 1743 2453 horribili
1765 2390 1894 2471 fragore
1916 2397 2084 2453 tonantem
2106 2389 2156 2452 in·

166 2497 240 2541 nem
271 2473 414 2555 obsequii
445 2483 552 2553 notet,
580 2494 622 2538 an
645 2494 722 2538 vero
752 2473 916 2557 intelligat
944 2474 1135 2557 suppliciter
1188 2472 1282 2537 duxit
1297 2472 1415 2546 David.
1433 2475 1524 2540 iubet
1542 2493 1599 2539 nos
1616 2473 1757 2540 vtoiesim
1775 2492 1929 2539 resonare
1947 2473 2016 2538 eius
2034 2473 2157 2539 laudes.

165 2560 329 2645 protensis
351 2558 392 2622 ad
410 2558 518 2625 Deum
537 2559 689 2624 manibus
707 2559 837 2624 veniam
860 2560 1037 2643 petituros:
1060 2560 1136 2643 quia
1187 2557 1363 2622 Caeterum
1386 2580 1428 2624 ne
1450 2571 1645 2625 evanescant
1667 2568 1782 2643 gentes
1805 2560 1899 2625 solito
1920 2580 2011 2624 more
2034 2560 2070 2622 in
2088 2559 2155 2625 suis

165 2647 219 2712 hic
242 2654 292 2710 est
315 2645 517 2727 precantium
541 2655 662 2728 gestus.
703 2642 769 2709 Sed
787 2646 862 2725 quia
880 2654 1017 2728 utroque
1039 2644 1135 2710 modo
1188 2645 1392 2720 commentis,
1421 2656 1554 2710 revocat
1576 2666 1631 2711 eas
1652 2644 1694 2710 ad
1715 2645 1798 2729 legis
1827 2645 2009 2711 doctrinam
2036 2664 2103 2727 qua
2124 2665 2157 2711 se

166 2731 364 2814 exprimitur
396 2728 568 2806 subiectio,
609 2730 689 2794 satie
726 2739 776 2794 est
813 2743 925 2794 tenere
964 2731 1134 2795 consilium
1187 2727 1279 2792 Deus
1301 2730 1468 2811 patefecit:
1491 2731 1585 2812 quasi
1607 2731 1737 2807 diceret,
1761 2753 1781 2796 6
1803 2731 1965 2797 creatione
1987 2729 2105 2794 mundi
2126 2742 2157 2794 et

166 2814 313 2892 Doridis,
336 2814 547 2897 Aethiopiam
569 2825 601 2879 ct
623 2815 811 2898 Aegyptum
833 2816 893 2880 sub
914 2816 976 2880 Dei
997 2825 1136 2899 potesta·
1187 2812 1422 2896 gubernatione
1455 2816 1656 2881 necessarios
1689 2837 1759 2882 esse
1793 2836 1984 2900 progressus
2015 2815 2057 2880 ad
2086 2835 2155 2880 eam

166 2916 232 2968 tom
256 2911 430 2966 venturas:
460 2921 564 2982 neque
595 2921 650 2966 eas
674 2901 779 2979 modo,
806 2900 861 2964 sed
885 2902 981 2983 longe
1004 2901 1135 2967 dissitas
1187 2898 1371 2965 doctrinam
1392 2921 1456 2982 qua
1477 2900 1569 2967 Deus
1592 2902 1797 2967 familiariter
1818 2902 1859 2965 ad
1883 2902 2031 2966 homines
2054 2921 2157 2968 acces·

166 2987 280 3053 mundi
310 2985 433 3069 plagas.
479 2989 527 3051 Ac
553 2987 619 3051 iam
642 2985 771 3068 longius
801 2985 1008 3070 progreditur
1036 3007 1134 3071 quam
1187 2986 1240 3068 sit,
1262 3006 1304 3049 ne
1321 3006 1492 3069 perperam
1515 3001 1687 3070 vagentur.
1726 2989 1803 3054 Huc
1825 2988 1967 3070 pertinet
1988 2987 2156 3069 epitheton

167 3085 279 3150 antea,
313 3071 392 3136 dum
419 3093 516 3156 repeto
543 3072 655 3138 mandi
681 3077 805 3137 camora
835 3071 902 3137 Deo
932 3073 1038 3151 iubet,
1070 3094 1135 3155 qua
1187 3069 1252 3136 Dei
1285 3069 1399 3137 Israel.
1454 3071 1629 3138 Caeterum
1668 3093 1733 3139 non
1764 3084 1895 3138 tantum
1927 3073 2051 3155 linguis
2084 3072 2158 3138 vult

165 3156 318 3243 loquendi
347 3156 452 3222 forme
479 3157 681 3224 voluntarios
702 3157 766 3223 Dei
796 3158 936 3224 cultores
965 3159 1033 3223 fore
1061 3180 1134 3241 pro·
1185 3155 1366 3239 praedicari
1388 3156 1452 3222 Dei
1475 3158 1647 3237 virtutem,
1679 3158 1736 3224 sod
1763 3158 1804 3224 ad
1826 3158 1924 3223 fidem
1952 3158 2051 3224 simul
2081 3157 2156 3223 hor·

166 3245 298 3311 nuntiat
327 3243 381 3325 qui
411 3244 502 3325 prius
529 3264 604 3308 eum
627 3254 901 3325 contempserant.
946 3242 1025 3310 Sola
1047 3246 1133 3309 enim
1187 3252 1291 3307 tatur:
1316 3244 1394 3324 quia
1411 3255 1491 3308 tunc
1509 3245 1639 3327 proprie
1657 3244 1832 3309 tribuimus
1848 3244 1919 3310 Deo
1937 3243 2036 3309 robur
2054 3265 2158 3321 suum,

165 3331 230 3396 Dei
260 3328 413 3411 cognitio,
444 3339 480 3393 ut
501 3328 577 3392 alibi
609 3328 732 3393 dictum
763 3339 821 3407 est,
851 3329 981 3412 linguas
1010 3342 1135 3395 reserat
1187 3327 1265 3392 dum
1299 3329 1532 3410 acquiescimus
1569 3331 1605 3394 in
1641 3330 1708 3395 solo
1740 3331 1810 3395 eius
1843 3328 2014 3412 praesidio.
2069 3328 2157 3403 Ideo,

166 3436 203 3479 66
242 3414 341 3480 solvit
380 3412 420 3477 66
460 3413 713 3495 praedicandum
749 3412 813 3477 Dei
853 3435 981 3479 nomen.
1041 3414 1134 3481 Ideo·
1188 3424 1359 3497 postquam
1383 3413 1461 3493 dixi,
1482 3417 1626 3482 circaea
1648 3415 1715 3480 etas
1737 3435 1802 3481 esse
1823 3416 1858 3479 ia
1879 3415 2021 3495 nabibus,
2045 3417 2155 3481 statim

167 3521 230 3583 qua
260 3498 337 3563 hinc
367 3499 521 3580 probatur
550 3501 696 3583 gentium
729 3500 871 3578 vocatio,
900 3500 986 3581 quod
1016 3500 1134 3579 Moses,
1187 3499 1292 3578 addit,
1322 3501 1513 3567 tremendam
1540 3521 1605 3566 eece
1633 3521 1655 3566 a
1682 3501 1752 3566 saia
1778 3502 1987 3578 aandaariis,
2018 3499 2082 3567 hoc
2110 3515 2158 3567 est

167 3600 200 3650 et
244 3584 423 3666 prophetae
468 3606 522 3649 eas
561 3582 601 3647 ad
641 3583 845 3648 offerendum
890 3584 996 3649 laudis
1035 3587 1134 3649 sacri·
1187 3585 1343 3649 virtutem
1365 3606 1383 3650 e
1406 3586 1527 3670 templo
1549 3608 1608 3652 suo
1631 3606 1790 3660 exserere,
1813 3606 1895 3669 quae
1917 3586 1996 3652 satis
2019 3585 2061 3651 ad
2085 3606 2157 3652 con·

166 3672 275 3736 licium
308 3679 484 3735 accersant.
529 3669 632 3734 Porro
666 3670 800 3752 nequis
829 3670 1005 3735 absurdum
1028 3669 1134 3748 ducat,
1186 3670 1378 3736 sternendos
1407 3672 1518 3739 hostes
1548 3673 1664 3738 valeat.
1714 3671 1801 3736 Nam
1832 3671 1919 3753 quod
1951 3670 2085 3755 quidam
2117 3672 2155 3736 dc

167 3765 274 3821 totum
303 3755 414 3820 orbem
444 3755 553 3838 colligi
583 3755 764 3820 incultum
790 3753 862 3830 Dei,
892 3755 947 3837 qui
976 3756 1134 3821 hactenus
1186 3754 1275 3820 coelo
1299 3770 1331 3819 et
1353 3768 1441 3823 terra
1469 3766 1649 3840 exponunt,
1679 3778 1745 3822 non
1771 3758 1946 3840 respondet
1974 3758 2157 3822 contextui:

166 3852 339 3908 contentus
361 3840 470 3905 fuerat
490 3841 609 3924 populo
631 3861 707 3919 uno,
736 3839 867 3905 subiicit
888 3840 999 3905 David
1028 3840 1134 3923 legiti·
1186 3840 1261 3922 quia
1280 3861 1356 3906 mox
1373 3845 1530 3925 sequitur,
1549 3842 1654 3908 Deam
1672 3842 1777 3908 Israel
1793 3842 1941 3907 datarum
1956 3843 2158 3924 fortitudines

167 3947 256 3991 mum
293 3936 402 3990 tamen
435 3926 465 3991 ei
499 3948 570 3991 esse
603 3927 779 4009 imperium
813 3926 849 3990 in
881 3946 994 3992 omnes
1027 3935 1134 3991 terrae
1181 3927 1306 4007 pertula
1352 3926 1448 3993 Unde
1477 3929 1674 4012 colligimus,
1705 3928 1744 3992 de
1774 3930 1974 4010 protectione
2002 3929 2157 3994 ecclesiae

167 4021 294 4097 partes,
325 4011 402 4094 quia
430 4013 548 4094 equitat
575 4032 671 4094 trapa
693 4031 798 4078 emere
826 4012 937 4079 melos:
969 4032 1034 4094 qua
1054 4032 1134 4078 voce
1187 4011 1250 4076 Dei
1272 4009 1383 4078 haberi
1406 4035 1599 4079 sermonem.
1634 4013 1833 4080 Sanctuaria
1855 4026 1964 4079 autom
1987 4013 2067 4079 dicit
2090 4014 2159 4097 plu·

166 4096 333 4180 intelligit,
360 4097 633 4178 quemadmodum
662 4097 758 4162 initio
782 4096 880 4162 huius
902 4098 1026 4163 Psalmi
1049 4097 1134 4162 dixi·
1187 4096 1247 4160 rali
1276 4118 1429 4177 numero,
1458 4112 1496 4163 ut
1517 4099 1595 4163 alibi
1617 4100 1775 4165 vidimus:
1806 4101 1883 4182 quia
1911 4098 2157 4166 tabernaculum

166 4204 250 4259 mus,
273 4201 423 4264 praeesse
445 4203 520 4247 oum
538 4203 665 4248 summo
682 4183 819 4265 imperio
836 4184 986 4249 omnibus
1008 4196 1135 4249 creatu·
1186 4182 1221 4245 in
1244 4191 1312 4247 tres
1334 4193 1445 4266 partes
1466 4183 1657 4251 distinctum
1679 4196 1758 4251 erat.
1802 4186 1844 4250 In
1873 4205 2018 4263 summa,
2049 4205 2157 4251 arcam

164 4269 220 4344 ris,
251 4276 422 4348 totumque
451 4267 562 4332 orbem
591 4287 650 4333 suo
680 4269 813 4333 arbitrio
844 4268 1016 4334 moderari.
1064 4268 1136 4335 uui
1186 4266 1326 4332 foederis
1348 4270 1441 4351 quasi
1461 4269 1599 4336 fiduciae
1621 4271 1753 4355 signum
1771 4272 1923 4356 proponit
1940 4269 2104 4348 fidelibus,
2122 4284 2160 4336 ut

165 4363 276 4420 autem
309 4351 372 4416 hoc
404 4353 601 4435 generaliter
640 4353 778 4429 dictum,
817 4355 1035 4419 reverentiam
1070 4353 1135 4419 Dei
1187 4353 1403 4434 promissione
1430 4353 1487 4418 illa
1512 4357 1603 4435 freti,
1633 4358 1706 4442 Ego
1727 4357 1762 4421 in
1785 4356 1892 4423 medio
1913 4358 2014 4422 vestri
2036 4355 2158 4432 habito.

165 4438 327 4505 maiestati
349 4436 509 4518 conciliat,
531 4438 777 4503 circumstantia
799 4446 909 4503 tamen
931 4438 994 4504 loci
1012 4439 1135 4523 negligi
1186 4437 1291 4503 Exod.
1316 4438 1369 4515 25,
1388 4440 1408 4505 8
1431 4449 1464 4504 et
1484 4440 1537 4521 29,
1555 4442 1607 4521 45,
1631 4443 1798 4526 tranquilli
1819 4441 1881 4508 sub
1899 4443 1963 4508 Dei
1985 4442 2046 4507 alis
2067 4442 2161 4525 quie·

164 4546 229 4591 non
253 4524 365 4589 debet:
394 4523 469 4605 quia
489 4523 636 4606 gentium
660 4525 859 4589 mentionem
887 4525 1018 4602 faciens,
1051 4545 1134 4607 quae
1187 4534 1288 4603 scant,
1310 4530 1345 4589 66
1364 4524 1527 4609 intrepide
1549 4548 1623 4592 eum
1645 4530 1809 4595 invocent.
1848 4529 1962 4612 Neque
1982 4528 2070 4594 enim
2094 4527 2159 4592 alio

164 4621 244 4676 tunc
274 4618 451 4674 extraneae
481 4617 577 4673 erant
605 4608 645 4672 ab
675 4608 824 4686 ecclesia,
858 4608 922 4674 Dei
955 4609 1134 4692 potentiam
1186 4608 1257 4672 iure
1285 4609 1440 4676 excelluit
1469 4612 1609 4696 populus
1632 4613 1745 4694 Israel,
1773 4624 1811 4679 ut
1836 4615 1896 4681 sub
1919 4616 1982 4682 Dei
2011 4613 2161 4679 custodia

165 4695 338 4764 creationis
361 4696 432 4760 iure
454 4694 496 4758 ad
518 4714 572 4758 eas
594 4693 757 4758 extendit:
786 4696 873 4760 acsi
897 4694 1028 4772 diceret,
1051 4694 1134 4758 nihil
1187 4701 1257 4758 tuto
1290 4692 1512 4774 delitesceret,
1553 4698 1617 4764 nisi
1649 4700 1727 4781 quia
1758 4702 1902 4783 gratuito
1934 4701 1997 4766 Dei
2029 4697 2161 4765 loedere

165 4803 236 4848 esse
258 4782 377 4845 mirum
400 4781 429 4845 si
453 4781 542 4845 Deus
564 4778 665 4845 coelis
687 4777 842 4857 insidens,
870 4790 1006 4845 cunctos
1028 4787 1135 4845 terrae
1188 4777 1310 4845 electus
1332 4783 1456 4846 eratin
1475 4784 1537 4848 Dei
1560 4785 1732 4866 peculium.
1767 4785 1954 4851 Notandum
1973 4806 2051 4850 vcro
2068 4786 2160 4869 quod

166 4866 290 4935 incolas
312 4867 549 4948 complectitur.
593 4864 674 4930 Ideo
695 4864 792 4929 coelos
813 4865 1008 4946 arrtiqaitatis
1030 4875 1134 4944 vocat,
1188 4863 1374 4929 tremendas
1396 4865 1470 4931 illas
1491 4869 1701 4935 fortitudines
1722 4891 1860 4952 quaram
1882 4871 1980 4954 paulo
1996 4882 2074 4935 ante
2092 4892 2163 4937 ma·

167 4964 204 5020 ut
225 4954 365 5019 sciamus
387 4955 498 5018 statim
521 4973 541 5016 a
563 4950 722 5034 principio
744 4949 804 5014 sub
822 4949 892 5015 eius
914 4971 1012 5016 manu
1035 4951 1134 5015 fuisse
1187 4947 1293 5029 minit,
1316 4951 1459 5033 applicat
1481 4974 1568 5019 nunc
1590 4955 1625 5018 in
1647 4955 1801 5022 ecclesiae
1822 4955 1973 5022 salutem.

167 5049 272 5105 totum
296 5038 478 5103 humanum
499 5058 612 5121 genus.
657 5035 722 5100 Hic
744 5056 821 5099 vero
843 5035 963 5102 clarius
992 5035 1134 5120 refulget

167 5126 231 5190 Dei
252 5122 366 5207 gloria,
397 5123 483 5208 quod
511 5143 611 5205 quum
634 5123 793 5186 immensa
814 5121 858 5185 sit
879 5122 1041 5187 coelorum
1064 5141 1133 5187 ma·

167 5210 276 5288 china,
299 5219 366 5274 tam
389 5209 525 5293 rapidus
546 5217 664 5285 motus,
687 5228 724 5272 ao
747 5215 814 5272 tam
837 5204 984 5273 diversae
1006 5208 1133 5274 revolu-
