4658 5856
238 371 300 436 407
1078 368 1293 437 Psnbuus
1317 370 1390 436 XL.
2160 370 2224 436 408

240 560 376 643 adeptus
399 572 484 637 erat,
513 560 634 625 multos
664 561 928 643 expergefactum
956 558 997 622 iri
1021 567 1057 622 ut
1080 579 1115 622 se
1136 559 1207 624 Deo
1259 558 1365 623 salus:
1395 558 1451 624 sed
1481 559 1673 626 tantundem
1696 561 1785 626 valet
1815 572 1912 643 atque
1941 581 2053 625 eornm
2075 560 2226 644 exemplo

240 645 406 724 addicant,
434 653 468 710 et
488 657 678 712 reverenter
705 665 740 711 se
762 645 951 712 contineant
972 644 1032 709 sub
1055 644 1126 710 eius
1147 644 1208 708 im·
1259 643 1298 708 ad
1331 644 1552 709 imitationem
1586 648 1670 730 rapi:
1700 667 1777 711 nam
1806 667 1905 729 quum
1937 647 2058 729 passim
2087 646 2227 711 volitent

243 733 342 815 perio,
365 730 443 815 quia
465 741 648 816 agnoscunt
669 731 793 795 iustum
816 729 928 795 mundi
951 729 1100 795 iudicem.
1136 730 1208 795 Iam
1259 729 1390 811 superbi
1403 729 1559 808 homines,
1582 733 1637 816 qui
1649 733 1720 798 Deo
1738 740 1932 815 contempto,
1956 731 2116 798 felicitatis
2134 752 2225 795 aum-

244 839 321 882 vero
349 817 495 900 quisquis
528 839 569 882 ex
603 815 710 881 animo
739 838 774 881 se
804 816 867 882 Dei
895 816 1031 899 imperio
1062 815 1208 894 subiecit,
1239 834 1346 879 mam
1369 815 1404 879 in
1426 837 1487 881 sua
1509 819 1696 893 ambitione,
1718 819 1752 881 in
1776 816 1952 894 fraudibus,
1976 818 2010 882 in
2033 817 2167 900 rapinis,
2191 818 2225 879 iu

241 924 331 984 spem
354 902 625 968 cumreverentia
647 902 829 967 necessario
851 902 1040 983 coniungat:
1063 920 1209 983 pracser-
1239 900 1379 983 astutia
1407 901 1532 965 locant:
1561 904 1670 969 statim
1698 903 1824 986 obrepit
1855 922 2010 985 perversa
2042 902 2228 979 aemulatio,

242 990 299 1053 tim
323 988 379 1053 ubi
401 998 477 1052 ante
498 987 606 1053 oculos
624 988 810 1053 versabitur
833 987 958 1070 gratiae
980 986 1209 1064 testimonium,
1259 987 1449 1067 praesertim
1473 988 1526 1052 ubi
1549 988 1613 1053 illis
1634 1011 1692 1073 pro
1716 997 1791 1053 voto
1813 987 1963 1068 succedit,
1985 1008 2071 1052 vana
2092 1009 2166 1070 spes
2185 985 2227 1050 ad

242 1095 307 1156 quo
339 1073 431 1139 Deus
461 1075 530 1155 ipse
563 1072 780 1139 communiter
806 1093 918 1137 omnes
949 1071 988 1135 ad
1017 1093 1051 1136 se
1081 1072 1207 1136 invitat.
1238 1069 1345 1134 -idem
1368 1072 1559 1136 tentandum
1583 1095 1640 1140 noa
1664 1073 1824 1140 sollicitat.
1869 1073 1979 1154 Quare
1996 1073 2177 1155 prudenter
2195 1084 2229 1136 et

242 1159 397 1224 Diximus
429 1160 516 1223 enim
545 1157 655 1223 Deum
688 1156 928 1223 misericordem
963 1170 995 1222 et
1029 1156 1208 1221 beneficum
1238 1177 1323 1221 ‘non
1346 1157 1547 1241 sinemagna
1568 1160 1761 1225 ueoessitata
1772 1159 1891 1236 David,
1915 1168 1952 1222 ut
1972 1160 2006 1222 in
2024 1178 2107 1242 pura
2127 1159 2229 1223 unius

243 1265 319 1328 erga
341 1244 421 1308 alios
442 1243 514 1307 ideo
533 1244 627 1308 nobis
647 1244 790 1327 proponi,
813 1256 851 1308 ut
868 1254 1049 1308 statuamus
1070 1243 1208 1307 eundem
1259 1242 1322 1305 Dei
1345 1242 1463 1306 fiducia
1480 1264 1595 1309 sensus
1613 1258 1744 1310 nostros
1762 1246 1937 1322 contiueat,
1966 1244 2096 1309 amalis
2115 1263 2229 1307 exem·

242 1351 320 1413 erga
352 1350 410 1394 nos
443 1329 518 1393 fore.
573 1329 643 1394 Iam
673 1329 761 1395 istud
793 1329 897 1395 videre
928 1330 1023 1395 ouius
1059 1329 1210 1392 meminit
1259 1326 1321 1408 plis
1339 1347 1455 1391 cavere
1478 1330 1641 1412 praecipit,
1664 1352 1746 1413 quae
1763 1351 1821 1394 nos
1837 1328 1877 1393 ad
1897 1329 2108 1394 defectionem
2132 1327 2227 1392 undi-

244 1414 368 1492 David,
399 1435 464 1478 uon
494 1413 535 1479 ad
565 1413 675 1480 oculos
704 1423 849 1492 tantum,
879 1413 935 1480 sed
966 1414 1138 1497 praecipue
1168 1412 1208 1476 ad
1260 1433 1323 1493 que
1353 1412 1538 1477 sollicitant.
1584 1415 1756 1481 Caeterum
1781 1414 1865 1496 quod
1888 1414 1967 1480 dicit
1998 1412 2156 1496 superbos
2185 1412 2231 1477 cd

242 1501 362 1564 mentis
383 1520 514 1564 sensum
537 1501 692 1565 refertur:
723 1502 797 1582 quia
825 1501 888 1564 etsi
916 1501 1097 1584 promiscue
1120 1498 1208 1563 vide·
1259 1498 1453 1562 mendacem
1474 1500 1632 1577 divertere,
1657 1502 1717 1565 boc
1738 1500 1834 1564 modo
1856 1501 1988 1565 stultam
2018 1500 2127 1566 carnis
2150 1518 2229 1563 con-

241 1597 318 1648 runt
340 1605 452 1650 omues
474 1585 559 1666 quod
581 1585 752 1669 acciderat,
770 1586 882 1650 multis
905 1596 1014 1652 tamon
1037 1606 1101 1649 non
1119 1584 1209 1650 venit
1260 1582 1426 1647 fidentiam
1439 1585 1723 1650 brevitcrdefinit:
1746 1586 1823 1668 quid
1846 1587 1933 1650 enim
1949 1585 2037 1650 aliud
2053 1595 2230 1649 esteorum

241 1671 276 1734 in
310 1680 453 1735 mentem
487 1691 664 1754 agnoscere
704 1671 926 1737 liberationem
957 1669 1095 1735 Davidis
1128 1689 1209 1752 opus
1259 1669 1420 1752 superbia,
1441 1671 1496 1752 qui
1519 1673 1676 1754 figmenta
1698 1692 1758 1736 sua
1779 1671 1814 1734 in
1827 1671 1890 1736 Dei
1908 1672 2013 1738 locum
2035 1669 2230 1752 subrogant,

241 1777 312 1822 esse
332 1757 405 1821 Dei.
443 1755 530 1836 Quia
552 1778 628 1840 ergo
650 1757 685 1820 in
708 1755 951 1823 considerandis
973 1756 1037 1821 Dei
1059 1754 1209 1838 operibus
1260 1773 1359 1835 quam
1382 1754 1481 1819 fallar
1504 1756 1637 1821 illusio?
1682 1756 1779 1821 Certe
1808 1757 1955 1839 quisquis
1979 1756 2029 1821 vel
2054 1755 2230 1819 minimum

242 1852 310 1906 tam
340 1841 434 1906 multi
467 1844 668 1907 caecutiunt:
701 1843 841 1907 sciamus
871 1863 926 1907 eos
960 1842 1054 1906 modo
1084 1841 1209 1907 censeri
1260 1839 1320 1903 sibi
1343 1852 1482 1924 arrogat,
1508 1853 1604 1907 vento
1627 1842 1747 1907 stultae
1765 1843 1926 1922 opinionis
1947 1842 2091 1923 inflatus,
2113 1841 2176 1905 sibi
2195 1842 2230 1903 in

243 1927 403 2009 oculatos,
425 1928 541 2009 quibus
564 1927 659 1993 datus
681 1937 730 1993 est
751 1927 986 2011 intelligentiae
1009 1927 1150 2008 spiritus,
1173 1936 1210 1989 ut
1260 1925 1437 2006 perniciem
1460 1947 1552 1991 suam
1572 1927 1746 1992 blanditur.
1791 1927 1831 1991 In
1863 1947 2007 2005 summa,
2038 1927 2111 2008 piae
2145 1944 2230 2007 quae

243 2033 309 2076 non
332 2026 528 2094 occupentur
548 2014 584 2077 in
596 2014 732 2091 eventis,
754 2012 810 2078 sed
822 2014 981 2079 occultam
994 2011 1056 2076 Dei
1076 2032 1209 2076 manum
1261 2013 1294 2073 iu
1316 2032 1417 2075 unum
1440 2011 1549 2076 Deum
1570 2013 1729 2079 recumbit
1751 2011 1887 2078 fiduciae
1919 2012 2095 2096 opponitur
2116 2031 2230 2094 super-

244 2095 306 2162 fidc
328 2098 534 2180 perspiciant.
1261 2095 1313 2159 bia
1335 2110 1368 2159 et
1390 2097 1531 2163 vanitas:
1561 2100 1637 2181 quia
1667 2097 1922 2181 necquidquam
1952 2097 2041 2164 carni
2064 2095 2231 2161 difficilius

1261 2190 1310 2245 eat
1331 2201 1428 2263 qnam
1453 2183 1655 2266 acquiescere
1677 2185 1712 2247 in
1734 2203 1801 2247 uno
1816 2185 1900 2247 Deo:
1924 2180 2122 2248 otmundus
2144 2201 2231 2246 ecm-

329 2267 359 2331 5.
378 2266 501 2333 Beatus
522 2267 572 2332 cir
592 2268 648 2349 qui
659 2268 769 2348 posuit
787 2267 932 2332 Iedooom
954 2288 1039 2349 spem
1060 2274 1212 2343 suomet
1262 2286 1319 2348 per
1348 2265 1499 2333 fastuosis
1533 2268 1718 2334 hominibus
1746 2271 1884 2333 refertus
1918 2277 1984 2347 est,
2017 2268 2072 2351 qui
2104 2267 2168 2332 sibi
2196 2268 2230 2330 in

243 2372 305 2418 nort
333 2353 469 2434 respersit
497 2353 540 2418 ud
568 2353 714 2434 superbos
741 2354 848 2435 etqui
877 2353 1033 2419 divertunt
1060 2356 1102 2419 ud
1129 2375 1210 2419 meu-
1261 2351 1356 2416 vanis
1389 2351 1550 2418 illecebris
1582 2354 1763 2437 placentes,
1798 2355 1924 2436 piorum
1959 2353 2086 2417 animos
2118 2351 2231 2416 statim

243 2439 379 2504 dudum.
434 2438 464 2502 6.
498 2437 605 2503 Multo
636 2439 738 2518 fecisti
774 2443 808 2503 trr
848 2438 961 2504 Iedoou
995 2439 1083 2504 Deus
1123 2459 1212 2504 meus
1262 2435 1511 2516 labefactarent,
1545 2441 1607 2504 nisi
1641 2440 1797 2505 iniectum
1821 2448 1906 2505 esset
1928 2439 2077 2504 fraenum
2102 2437 2165 2503 hoc
2188 2437 2231 2501 ad

242 2523 404 2589 mirabilia
426 2528 496 2588 tuo:
520 2529 548 2588 et
568 2524 767 2607 capitoliades
783 2529 854 2589 tuus
871 2544 967 2604 supa
984 2545 1040 2590 rios
1061 2546 1121 2590 non
1143 2527 1211 2590 iicet
1262 2522 1458 2587 cohibendas
1481 2538 1592 2590 omnes
1615 2545 1767 2590 erroneas
1789 2533 1822 2589 et
1844 2545 1945 2608 vagas
1967 2525 2144 2607 opiniones.

243 2610 391 2675 ordinare
412 2609 455 2673 ud
475 2614 517 2673 te:
545 2607 682 2674 uomodo
710 2611 884 2691 etloqucr,
908 2611 1091 2690 wawcleut
1111 2630 1211 2692 supro
1348 2607 1377 2672 6.
1411 2607 1528 2692 (Malta
1558 2610 1683 2696 fecisti.)
1737 2609 1931 2693 Quanquam
1961 2611 1994 2674 in
2017 2609 2127 2675 verbis
2149 2631 2231 2674 norr-

244 2695 466 2758 rrurroticnerrr.
1264 2691 1345 2755 nihil
1369 2692 1564 2759 dissentiunt
1585 2698 1787 2778 interpretes,
1822 2696 1900 2761 satia
1933 2704 2042 2759 tamen
2064 2697 2231 2774 convenit,

1265 2776 1427 2843 Davidem
1450 2779 1503 2846 hic
1526 2802 1597 2846 oum
1627 2781 1840 2846 admiratione
1862 2781 2045 2864 expendere
2067 2780 2133 2845 Dei
2155 2800 2232 2862 pro·

330 2864 360 2929 5.
383 2861 519 2948 (Beatus
539 2865 590 2930 cir
606 2864 684 2950 qui.)
730 2865 857 2930 Recitat
879 2865 1007 2948 qualem
1037 2866 1117 2931 bene
1139 2887 1212 2948 spe·
1267 2863 1458 2940 videntium,
1501 2887 1564 2948 qua
1603 2866 1764 2949 gubernat
1798 2867 1978 2931 humanum
2009 2885 2123 2949 genus.
2182 2869 2232 2930 Ac

245 2950 339 3015 randi
361 2951 531 3015 materiam
559 2971 618 3016 sua
644 2950 792 3016 liberatio
822 2951 885 3034 piis
917 2951 1066 3017 omnibus
1097 2951 1213 3016 datura
1265 2949 1521 3031 primoquidem
1544 2952 1717 3031 exclamat,
1743 2951 2048 3035 rnopaovelmrlto
2072 2970 2139 3014 esse
2161 2970 2233 3032 ope·

245 3036 304 3100 sit:
327 3056 454 3118 nempe,
477 3045 513 3100 ut
530 3036 724 3119 contemptis
744 3038 897 3104 omuibus
910 3036 1024 3102 mundi
1042 3037 1213 3114 illecebris,
1265 3055 1336 3098 rum
1358 3033 1422 3098 Dei
1443 3037 1614 3101 miraculo:
1636 3037 1841 3122 significans,
1871 3038 1977 3102 Deum
1999 3036 2232 3100 inaestimabili

246 3133 377 3187 setotos
399 3122 434 3184 in
458 3122 529 3186 eius
540 3121 639 3186 fidem
662 3140 774 3187 secure
793 3123 1014 3188 committant:
1032 3144 1098 3209 ,nec
1117 3123 1212 3188 modo
1265 3121 1424 3200 supientia
1443 3124 1490 3186 sio
1511 3122 1674 3186 moderari
1698 3144 1749 3187 res
1771 3122 1948 3206 humanas,
1978 3129 2015 3185 ut
2042 3122 2112 3186 eius
2132 3141 2232 3203 opera

244 3208 390 3290 persuasi
412 3208 479 3273 sint
508 3207 616 3273 beatos
646 3227 716 3272 esse
738 3209 793 3289 qui
823 3209 857 3272 in
888 3229 953 3274 uno
976 3210 1047 3275 Deo
1068 3219 1211 3291 sperant,
1266 3225 1348 3287 quae
1370 3206 1499 3271 assiduo
1522 3228 1582 3272 usu
1595 3208 1766 3284 vilescunt,
1787 3209 1884 3291 longe
1896 3207 2077 3272 humanum
2099 3219 2231 3288 coptum

245 3294 301 3359 sed
332 3313 445 3357 omnes
481 3313 555 3376 spes
583 3293 761 3358 contrarias
798 3293 927 3360 fallaces
960 3304 993 3359 ct
1024 3295 1213 3360 maledictas
1265 3300 1429 3373 superent.
1481 3292 1535 3357 Ita
1563 3293 1711 3358 videmus
1741 3293 1781 3359 ab
1816 3314 1883 3358 una
1912 3293 2018 3375 speeie
2050 3291 2092 3355 ad
2127 3303 2230 3356 totum

245 3380 323 3443 fore.
368 3378 454 3442 Nam
475 3379 538 3443 ista
567 3379 733 3460 persuasio
765 3399 831 3443 uon
860 3381 1004 3445 nascitur
1027 3380 1212 3446 nobiseum:
1264 3396 1369 3460 genus
1389 3378 1620 3444 conscendere:
1643 3400 1680 3445 ac
1702 3381 1730 3444 si
1753 3380 1890 3456 diecret,
1919 3400 1983 3443 non
2018 3378 2079 3443 hoc
2102 3385 2231 3441 tantum

245 3464 300 3528 sed
334 3463 454 3545 partim
488 3484 528 3528 ex
566 3463 666 3528 verbo
699 3463 781 3541 Dei,
824 3465 944 3547 partim
984 3486 1024 3529 ex
1064 3465 1214 3548 operibus
1265 3480 1331 3525 uuo
1354 3461 1440 3527 facto
1462 3462 1571 3529 Deum
1594 3463 1747 3548 probasse
1765 3485 1860 3546 quam
1884 3463 1924 3527 de
1946 3464 2090 3527 humano
2112 3482 2231 3546 genere

245 3549 443 3630 concipitur,
492 3568 678 3631 quanquam
723 3548 810 3614 solus
855 3570 989 3632 operum
1032 3549 1095 3615 Dei
1140 3570 1215 3615 con·
1264 3558 1433 3629 paternam
1457 3569 1567 3613 curam
1595 3560 1696 3633 gerit,
1725 3550 1781 3615 sed
1811 3548 2007 3634 generaliter
2035 3548 2071 3612 iu
2092 3547 2231 3630 singulis

246 3646 385 3719 spectus,
408 3644 445 3699 ut
466 3654 570 3717 nuper
582 3634 659 3710 dixi,
683 3633 885 3700 hancluoem
907 3636 1042 3699 minime
1064 3637 1098 3700 in
1120 3635 1214 3700 nobis
1264 3631 1376 3696 muudi
1397 3632 1543 3715 partibus
1572 3635 1696 3719 fulgere
1719 3634 1941 3700 admirabilem
1970 3635 2040 3700 eius
2059 3633 2233 3715 providen-

247 3719 454 3798 aocenderet,
484 3720 547 3784 nisi
571 3719 662 3784 Deus
685 3718 784 3785 verbo
804 3740 862 3785 suo
881 3720 1087 3803 praelucens,
1119 3721 1214 3786 bene·
1265 3717 1355 3781 tiam.
1388 3716 1517 3784 Deinde
1535 3719 1694 3803 adiungit,
1717 3721 1848 3787 canalio
1860 3719 1924 3785 Dei
1944 3719 1978 3782 in
2001 3720 2095 3784 nobis
2116 3738 2231 3783 ouran·

247 3806 425 3872 volentium
455 3804 547 3870 uobis
577 3826 670 3869 suam
700 3805 895 3872 ostenderet.
948 3805 1011 3873 Ubi
1040 3819 1150 3871 autem
1180 3827 1215 3872 se
1265 3801 1316 3866 dis
1327 3803 1443 3867 altiora
1464 3825 1534 3869 esso
1557 3826 1594 3870 ae
1612 3808 1716 3888 magis
1734 3804 1900 3871 recondita
1911 3824 2010 3887 quam
2033 3813 2069 3868 ut
2079 3803 2232 3871 distincte

248 3890 340 3956 nobis
362 3892 537 3974 propitium
560 3891 626 3955 foro
647 3890 811 3973 pollicitus
834 3901 897 3971 est,
920 3892 1016 3957 certis
1038 3893 1135 3956 etiam
1159 3891 1215 3956 do·
1266 3889 1546 3970 ordicoripossiut.
1578 3889 1720 3970 Quidam
1734 3900 1905 3974 exponunt
1916 3890 2108 3975 particulam
2119 3867 2231 3974 utbx,

248 3978 409 4042 sumentis
441 3977 617 4042 bonitatam
651 3998 743 4041 suum
777 3987 928 4042 testatam
962 3979 1097 4056 faciens,
1129 3977 1215 4060 quod
1266 3994 1365 4055 super
1387 3995 1446 4038 nos
1476 3977 1712 4058 comparative:
1747 3998 1784 4042 ac
1816 3977 1845 4042 si
1878 3974 2001 4041 dietum
2034 3986 2136 4059 esset,
2170 3976 2232 4038 Dei

249 4081 304 4125 ore
327 4062 471 4142 protulit,
493 4084 591 4127 manu
614 4060 774 4145 obsignat.
811 4061 1047 4144 ItaqueDavid
1069 4082 1136 4127 non
1159 4062 1216 4127 abs
1266 4059 1510 4126 consiliasensu
1533 4070 1641 4126 nostro
1664 4062 1780 4127 altiora
1802 4082 1880 4127 esse.
1914 4059 1980 4126 Sed
1992 4060 2101 4126 David
2113 4059 2233 4144 pedus,

249 4167 284 4211 re
307 4156 555 4222 commemorat,
584 4149 660 4230 quia
681 4169 721 4212 ex
744 4148 903 4230 profunda
925 4159 1031 4213 morte
1052 4156 1217 4214 extractus
1267 4164 1363 4226 quam
1397 4145 1487 4210 Deus
1520 4147 1685 4229 suscipere
1725 4146 1764 4211 de
1796 4147 1890 4213 nobis
1923 4167 2034 4212 curam
2069 4146 2234 4230 dignatur,

249 4233 357 4298 estin
380 4231 491 4305 vitam,
515 4232 625 4298 fideles
648 4231 709 4298 hoe
732 4235 955 4316 experimento
985 4254 1056 4299 esse
1078 4233 1217 4313 edoctos,
1267 4230 1480 4295 commendat.
1535 4230 1623 4311 Quia
1655 4240 1764 4298 autem
1804 4234 1865 4298 hoc
1897 4233 1992 4297 modo
2026 4229 2235 4314 abrumpitur

249 4315 335 4402 quod
359 4316 552 4381 naturaliter
570 4319 719 4383 homines
741 4318 802 4383 sibi
814 4339 880 4384 non
898 4319 991 4385 facile
1009 4320 1215 4403 persuadent,
1268 4324 1454 4392 contextus,
1485 4326 1645 4399 coguntur
1674 4318 1810 4384 verbum
1836 4328 1934 4470 qm(
1964 4337 2058 4384 aecus
2085 4317 2233 4401 accipere

248 4405 379 4471 beatum
404 4422 473 4466 esse
485 4403 633 4484 quisquis
656 4424 720 4468 uno
733 4402 804 4468 Deo
826 4415 998 4470 contentus
1019 4416 1079 4472 est.
1113 4405 1216 4470 Porro
1268 4421 1365 4483 quam
1399 4403 1568 4482 transtuli,
1602 4423 1718 4485 nempe
1751 4402 1836 4487 quod
1868 4404 1979 4469 nulus
2012 4404 2147 4484 aequari
2180 4401 2233 4467 vel

249 4491 326 4574 quia
347 4507 407 4553 nos
430 4488 551 4570 ingenii
575 4489 678 4552 nostri
701 4492 828 4555 vanitas
851 4489 918 4555 fere
941 4489 1092 4556 deorsum
1115 4500 1217 4555 retra·
1267 4486 1405 4551 conferri
1427 4485 1498 4550 Deo
1519 4487 1629 4570 possit.
1674 4490 1800 4553 Verum
1818 4495 1855 4553 ut
1877 4509 1897 4553 a
1918 4491 2015 4572 longa
2036 4487 2233 4553 refutatione

249 4575 315 4639 hit:
345 4583 379 4639 et
407 4594 507 4655 quum
530 4573 616 4637 ultro
645 4571 685 4636 ad
707 4574 851 4641 fallacias
879 4576 979 4640 simus
1009 4597 1122 4641 omnes
1143 4597 1216 4657 pro·
1266 4570 1460 4649 abstineam,
1494 4572 1580 4638 hunc
1612 4576 1791 4657 genuinum
1824 4595 1895 4639 esse
1926 4593 2057 4641 sensum
2087 4571 2232 4656 prudeus

249 4660 358 4743 pensi,
387 4658 502 4722 multis
524 4661 635 4742 pravis
664 4661 823 4742 exemplis
852 4672 1031 4727 tentamur:
1061 4663 1215 4728 continuo
1266 4656 1386 4721 Irector
1407 4655 1488 4723 mihi
1511 4660 1680 4737 concedet,
1708 4660 1815 4725 Deum
1838 4658 2158 4744 incomprehensibili
2181 4679 2232 4723 sa·

250 4760 324 4829 post
347 4745 476 4811 subiicit
494 4743 617 4817 David,
640 4743 771 4808 beatum
790 4765 855 4810 esse
872 4748 927 4826 qui
948 4767 1009 4812 rrorr
1031 4748 1159 4828 respicit
1175 4748 1217 4812 ud
1267 4741 1389 4825 pientia
1411 4743 1457 4808 ita
1472 4763 1584 4826 regere
1599 4745 1781 4810 humanum
1794 4766 1908 4828 genus,
1933 4755 1968 4811 ut
1989 4746 2060 4811 eius
2076 4763 2177 4827 opera
2197 4745 2230 4808 in

250 4829 407 4912 superbos,
430 4842 555 4914 Diffi
576 4830 708 4913 quidam
732 4840 865 4894 vertunt
888 4831 1025 4911 Diuites,
1048 4833 1099 4896 vel
1123 4832 1216 4913 Mag·
1267 4848 1362 4892 suum
1385 4836 1418 4891 ct
1447 4830 1629 4913 legitimum
1651 4830 1797 4895 ordinem
1821 4831 1967 4914 digerere
1992 4840 2144 4895 nostrum
2166 4849 2230 4894 non

252 4928 343 4980 nates
362 4915 459 4981 huius
477 4917 615 4982 saeculi:
639 4915 695 4981 sed
714 4936 882 4998 perperam
896 4916 981 5001 (meo
999 4917 1129 5002 iudicio)
1142 4918 1218 4998 quia
1240 4902 1244 5003 i
1265 4917 1324 4980 sit:
1348 4913 1424 4996 quia
1444 4936 1557 4980 seusus
1579 4916 1683 4980 nostri
1706 4916 1892 4998 priusquam
1915 4917 1949 4981 in
1972 4924 2099 4981 tantam
2121 4916 2230 4980 altitu-

251 5000 451 5065 coniunctim
484 5001 562 5068 haee
591 5002 654 5066 duo
683 5011 866 5083 ponuntur,
896 5002 1056 5085 Superbia
1077 5018 1109 5068 et
1131 5003 1216 5069 Aba·
1267 5000 1375 5064 dinem
1398 5001 1600 5082 perveniant,
1622 5022 1681 5066 sua
1703 5000 1855 5066 tarditate
1878 5003 2042 5070 deficiunt.
2087 5000 2231 5067 Additur

252 5088 366 5150 tractio
386 5086 426 5150 ad
445 5087 661 5154 mendacium.
691 5087 867 5168 Respicere
885 5109 963 5170 ergo
983 5090 1217 5172 admagnates,
1267 5085 1309 5150 ad
1331 5084 1442 5162 Deum,
1474 5085 1550 5168 quia
1579 5086 1639 5151 etsi
1661 5107 1702 5151 ex
1725 5097 1817 5169 parte
1839 5097 2027 5170 reputamus
2050 5108 2149 5170 quam
2171 5087 2230 5151 mi·

251 5190 316 5233 non
351 5172 514 5254 significat
547 5173 630 5255 quod
664 5172 713 5236 illi
747 5173 985 5255 imaginantur,
1025 5173 1065 5239 ad
1105 5193 1217 5239 eorum
1267 5171 1358 5236 rifice
1390 5170 1483 5236 nobis
1517 5172 1607 5237 Deus
1646 5172 1836 5253 prospiciat,
1877 5175 1996 5239 restrin
2022 5173 2089 5238 ’tur
2121 5182 2228 5238 tamen

251 5256 430 5337 potentiam
453 5268 485 5319 et
502 5278 578 5339 opes
600 5279 635 5323 se
657 5256 830 5342 applicare,
853 5258 946 5342 quasi
963 5258 1039 5324 inde
1062 5258 1218 5342 penderet
1269 5256 1349 5323 haec
1371 5256 1512 5340 cognitio
1534 5257 1574 5322 ad
1597 5256 1765 5322 modulum
1794 5268 1956 5325 nostrum:
1986 5194 2124 5343 idboque
2144 5257 2229 5323 infra
