4658 5856
223 315 285 383 119
1069 309 1285 380 PSAIrMUS
1307 311 1369 378 XL
2149 311 2214 379 120

222 516 355 589 patrum
371 503 516 569 moribus
530 501 745 579 destiterant,
767 500 1191 586 probroserooaregentes:
1242 499 1306 565 oito
1332 499 1533 583 praeveniat,
1565 499 1676 566 lentus
1704 507 1738 564 at
1769 498 1878 582 segnis
1900 498 2039 566 ridetur.
2083 500 2212 566 Verum

224 613 284 657 neo
314 598 442 654 tentum
471 588 705 654 ineireumnisis
727 585 877 666 eonsarri,
905 586 1083 654 sedetiam
1105 583 1191 650 Oba·
1243 587 1271 651 si
1292 584 1399 652 losum
1429 584 1507 650 dare
1536 586 1685 669 oupimue
1707 585 1777 651 eiua
1799 583 1933 662 auxilio,
1960 585 2141 650 domandus
2163 597 2213 651 est

224 675 359 743 uanaeie
381 674 436 755 qui
458 673 603 739 maxime
625 679 718 739 erant
740 672 956 739 detestabiles.
996 673 1096 737 Pater
1117 681 1193 735 tuus
1242 671 1353 737 fervor
1371 680 1492 748 noster,
1507 670 1650 736 sedanda
1660 671 1873 754 impatientia,
1891 669 2062 753 mitigandi
2074 670 2212 754 dolores,

224 760 384 828 Chenaau
416 768 521 825 mater
552 768 607 825 tua
640 757 801 836 Ohittaaa,
838 758 954 825 Eaeoh.
978 758 1029 843 16,
1051 758 1082 823 3.
1124 755 1193 821 Alii
1243 755 1425 840 usquedum
1448 757 1599 822 miseriae
1622 767 1751 822 nostrae
1772 756 1837 822 Dei
1859 755 1999 840 gratiam
2021 766 2211 840 provooent.

224 846 347 913 similes
376 844 438 910 looi
465 865 562 927 saepe
584 855 767 910 ooourrnnt.
811 840 927 910 Falsus
948 866 1026 929 ergo
1048 859 1079 908 et
1102 841 1193 906 adul·
1245 841 1296 906 Ne
1312 847 1425 926 perpet
1440 843 1589 923 amptius.
1632 841 1758 908 Iterum
1781 843 1844 908 Dei
1866 840 2049 924 potentiam
2063 842 2105 907 ad
2123 841 2212 907 fran-

223 932 349 999 terinos
385 929 539 995 Abrabae
571 929 655 994 filios
684 928 831 1013 gentium
862 930 993 995 nomine
1021 931 1193 1005 infamans,
1244 927 1368 1011 gendos
1399 927 1518 1010 impios
1556 926 1770 1005 sommendat,
1810 939 1848 994 ut
1874 926 1961 993 inter
1990 926 2214 992 tumultuosos

224 1018 348 1103 gratias
376 1014 450 1080 Deo
479 1016 557 1098 agit,
588 1013 674 1098 quod
703 1015 786 1080 tales
807 1016 1008 1099 eorruptelas
1029 1013 1194 1097 expulerit
1244 1033 1358 1078 eorum
1386 1014 1529 1096 impetus
1557 1016 1689 1079 firmum
1712 1014 1805 1081 nobis
1826 1021 1959 1080 maneat
1979 1012 2068 1078 istud
2090 1013 2213 1096 prinoi-

224 1126 243 1170 e
272 1124 331 1169 sna
359 1101 502 1167 eoolasia.
551 1100 727 1166 Caeterum
757 1099 817 1166 hoe
850 1101 1001 1184 exemplo
1031 1102 1194 1182 doeemur,
1244 1099 1345 1181 pium,
1377 1099 1475 1165 simul
1508 1119 1545 1166 ao
1577 1098 1720 1165 Domino
1755 1099 1862 1165 risum
1893 1099 2001 1177 fuerit,
2034 1099 2213 1164 evanidam

224 1210 291 1255 uon
319 1207 391 1253 esse
418 1207 541 1252 novum
572 1187 598 1250 si
622 1184 718 1250 hodie
740 1207 867 1269 quoque
896 1185 1024 1270 profani
1046 1186 1194 1251 homines
1243 1185 1312 1251 fore
1335 1184 1491 1268 quidquid
1513 1185 1703 1251 moliuntur.
1747 1184 1892 1250 Verbum
1915 1195 1998 1338 pp
2018 1182 2157 1266 quidam
2175 1183 2213 1248 in

225 1273 391 1340 eoolesiam
420 1269 485 1335 Dei
513 1271 747 1336 oontaminant.
796 1271 977 1354 Rogendus
1006 1282 1115 1337 tamen
1145 1278 1194 1335 est
1245 1282 1363 1336 neutro
1390 1292 1509 1355 genere
1530 1270 1703 1354 aooipiunt,
1736 1281 1774 1336 ut
1795 1271 1839 1338 sit
1860 1293 1917 1338 sen
1937 1293 1983 1348 us,
2008 1292 2050 1335 ne
2071 1268 2214 1352 amplius

224 1360 315 1426 Deus
346 1364 383 1422 ut
410 1355 543 1420 domum
571 1376 665 1421 suam
692 1356 756 1422 nito
785 1368 949 1442 repurget,
983 1378 1044 1422 neo
1065 1376 1194 1422 eaerum
1244 1356 1391 1421 mortalia
1413 1356 1510 1421 homo
1527 1358 1650 1421 timeat.
1695 1354 1762 1423 Sed
1779 1358 1861 1422 ratio
1880 1357 2022 1441 postulet
2040 1355 2213 1421 transitive

223 1466 320 1512 suum
342 1440 499 1524 templum
521 1442 629 1524 porois
651 1451 685 1507 at
706 1442 843 1508 eanibus
865 1444 970 1510 instar
997 1441 1194 1525 sterquilinii
1245 1440 1381 1523 exponi:
1400 1460 1459 1505 nee
1476 1439 1654 1506 absurdum
1672 1452 1730 1519 est,
1749 1441 1877 1525 impios,
1896 1443 1972 1511 lieet
1988 1441 2096 1523 eapite
2112 1461 2214 1523 snpra

225 1539 378 1614 exponat.
1244 1527 1351 1591 nubes
1372 1526 1542 1606 extollant,
1563 1527 1673 1592 vooari
1695 1528 1856 1606 mortales,
1878 1529 1932 1593 vel
1955 1527 2105 1593 homines
2126 1524 2214 1590 mul·

310 1610 601 1697 tumescentem
622 1612 775 1699 mmm.)
815 1613 1000 1680 Confirmat
1017 1614 1068 1680 hie
1087 1612 1194 1679 verbis
1246 1611 1288 1676 tis
1310 1613 1474 1676 aerumnis
1496 1613 1670 1678 obnoxios:
1692 1614 1768 1695 quia
1789 1613 1920 1696 oblique
1941 1613 2002 1680 hoo
2024 1610 2121 1677 modo
2139 1632 2213 1694 per·

223 1697 383 1801 propbeta
413 1694 499 1780 quod
521 1718 627 1779 nuper
649 1696 733 1764 dixi:
766 1720 884 1782 nempe
906 1698 983 1764 dnm
1006 1699 1194 1784 hypooritae
1245 1697 1421 1780 stringitur
1449 1718 1571 1763 vesana
1599 1718 1711 1762 eorum
1739 1697 1882 1779 audania,
1911 1697 1987 1765 dum
2017 1717 2096 1763 suae
2116 1697 2214 1762 sortis

222 1808 258 1852 1n
292 1783 428 1850 eeclesia
468 1794 619 1866 regnant,
663 1784 717 1848 vol
749 1805 809 1851 sua
841 1785 1050 1849 multitudine
1082 1784 1194 1849 fideles
1245 1782 1337 1848 obliti
1359 1792 1485 1849 atrones
1517 1783 1622 1848 minas
1645 1784 1779 1865 spirant,
1808 1785 1922 1850 efflant
1944 1780 2125 1849 horrendos
2147 1794 2213 1846 ter·

223 1870 375 1949 obruunt,
396 1867 527 1933 assidue
545 1867 726 1951 rogandum
744 1891 816 1935 esse
833 1869 943 1935 Deum
962 1886 1069 1936 utens
1087 1881 1194 1935 exter·
1244 1888 1344 1945 rores,
1374 1868 1509 1950 perinde
1530 1889 1568 1934 ao
1589 1869 1618 1933 si
1639 1888 1753 1940 eorum
1774 1870 1901 1936 librdrm
1924 1864 2149 1952 reprimendae
2171 1887 2214 1932 ne

224 1957 337 2034 minet,
370 1974 446 2017 nam
477 1973 573 2018 veros
607 1955 670 2018 Dei
703 1954 844 2021 oultores
877 1957 993 2022 merite
1020 1977 1140 2040 engere
1162 1963 1193 2018 et
1243 1951 1337 2018 Deus
1368 1953 1500 2036 quidam
1529 1954 1701 2019 sulfioeret.
1752 1954 1919 2021 Partinula
1947 1956 2045 2020 etiam
2074 1972 2090 2018 e
2116 1957 2213 2030 terra,

223 2062 321 2106 urere
343 2038 438 2103 debet
456 2049 522 2102 um
541 2037 634 2104 foeda
651 2040 809 2106 oonfusio.
849 2042 894 2106 Et
911 2043 1045 2125 spiritua
1062 2052 1193 2107 sanetus
1245 2040 1378 2105 taeitam
1407 2039 1553 2104 eontinet
1575 2038 1752 2105 antithesin
1775 2040 1861 2105 inter
1883 2039 2008 2106 humile
2029 2052 2138 2103 terrae
2159 2038 2215 2104 do·

224 2128 287 2192 hoo
309 2125 439 2190 oraoulo
459 2125 616 2200 oolirmat,
645 2125 731 2207 qnod
754 2127 832 2191 olim
855 2125 947 2193 Deua
968 2137 1098 2210 patrum
1120 2146 1193 2208 pre·
1244 2122 1414 2201 mioilinm,
1456 2132 1490 2189 et
1528 2125 1692 2190 ooelorum
1723 2125 1939 2192 altitudinem.
1994 2123 2090 2191 Unde
2123 2123 2214 2189 enim

224 2210 316 2277 nibus
344 2209 511 2286 eoneessit,
550 2230 609 2273 nos
639 2208 735 2275 hodie
763 2211 1006 2294 impetraturos,
1040 2214 1068 2278 ai
1097 2211 1193 2277 mode
1244 2208 1479 2293 oppugnandos
1509 2209 1573 2273 Dei
1603 2211 1686 2275 lilios
1714 2208 1873 2292 prodent?
1914 2233 1933 2277 e
1961 2222 2050 2275 terra
2078 2207 2215 2288 soilioet,

225 2297 348 2363 erimus
377 2293 427 2379 (nt
454 2292 561 2445 deoetg
591 2294 631 2359 de
660 2296 814 2363 eoolesiee
841 2297 1031 2363 liberatione
1052 2297 1193 2364 sollieiti.
1244 2293 1380 2377 perinde
1397 2316 1434 2360 aa
1451 2297 1479 2360 si
1498 2295 1666 2360 vermionli
1689 2307 1831 2361 eterree
1851 2298 1976 2363 fissuris
1995 2306 2215 2378 emergerent.

226 2381 323 2464 Quod
352 2379 509 2462 seqnitur,
560 2380 656 2462 iriqis
683 2401 736 2447 eor
759 2403 875 2463 eorum,
907 2384 995 2449 varie
1023 2394 1193 2466 exponunt
1246 2381 1348 2463 Atqui
1371 2380 1432 2446 hoo
1453 2380 1548 2445 modo
1570 2379 1678 2445 Deum
1696 2383 1804 2462 ipsum
1822 2382 1993 2465 impetunt,
2016 2379 2075 2463 qni
2091 2402 2110 2446 e
2128 2379 2217 2446 ooelo

225 2470 430 2550 interpretes.
482 2465 688 2530 Tantundem
711 2468 905 2548 quibusdam
928 2469 1022 2547 valet,
1056 2491 1094 2534 ae
1115 2469 1193 2532 dare
1246 2464 1403 2530 auxilium
1426 2466 1530 2531 servis
1552 2466 1621 2530 suis
1642 2467 1813 2548 promittit.

224 2553 309 2620 votis
341 2570 536 2616 suooessum.
591 2550 676 2616 Aliis
704 2561 754 2617 est
773 2575 828 2618 eor
860 2555 1008 2632 formare,
1042 2575 1084 2619 ne
1116 2552 1191 2636 qnid

224 2645 340 2722 petant
372 2635 492 2707 fideles,
526 2635 590 2699 nisi
622 2634 709 2718 qnod
740 2648 867 2702 reatum
898 2659 936 2703 eo
969 2640 1091 2705 iustum
1126 2649 1191 2703 eet:

225 2724 321 2790 aienti
349 2721 474 2786 Paulus
503 2718 597 2784 donet
625 2721 776 2803 spiritum
800 2722 888 2788 intus
910 2723 1031 2788 diotare
1051 2725 1193 2807 gemitus

225 2804 470 2881 inenarrabiles,
504 2804 730 2871 Romanorum
763 2808 792 2884 8,
826 2807 879 2872 26.
928 2808 1075 2892 Utraque
1108 2809 1193 2874 forte
1582 2803 1789 2875 PSALMUS
1812 2806 1878 2874 XI.

227 2891 388 2975 expositio
428 2890 527 2953 nimia
562 2899 613 2955 est
649 2892 808 2958 restrinta.
863 2894 976 2958 Primo
1010 2896 1096 2959 enim
1129 2894 1194 2959 Dei

227 2976 368 3062 gratiam
390 2975 425 3038 iu
447 2993 485 3039 eo
504 2974 709 3042 tommendet
726 2977 843 3056 David,
865 2980 941 3061 qnia
958 3000 1036 3045 suos
1053 2980 1194 3045 onltores
1247 2976 1331 3031 ABG·
1352 2977 1425 3029 ΒΝ
1447 2975 1606 3030 suntheim
1624 2977 1847 3045 Psalmipartee:
1870 2977 1899 3030 in
1917 2978 2008 3046 priore
2025 2977 2112 3032 refert
2131 2977 2217 3032 ⁰⁸¹1&

226 3065 262 3128 in
284 3060 382 3126 rebus
403 3060 542 3125 turbatis
563 3061 714 3143 sustinet,
744 3084 785 3127 ne
807 3065 934 3131 animos
956 3065 1193 3148 despondeant:
1349 3044 2217 3184 231}ss‘ggffigffftugffitlgssffil³¹¹2?ssss{2332ss

226 3145 419 3214 fortitudine
451 3157 485 3210 et
517 3147 673 3243 patientia
703 3149 846 3227 instruit,
880 3151 979 3235 erigit
1009 3151 1046 3216 in
1076 3151 1194 3217 bonam
1350 3180 1518 3235 hasarsual.
1554 3182 1658 3234 minue
1675 3183 1727 3234 eibi
1744 3183 1779 3235 de
1796 3184 1882 3235 „qm
1920 3182 2031 3235 qim,
2048 3184 2142 3237 οδω,
2156 3200 2217 3255 ff..

227 3254 327 3317 spem,
367 3230 484 3330 inuitat
507 3241 619 3330 ‘ettam
648 3232 690 3298 ad
719 3255 840 3317 pronos.
883 3236 967 3301 Nam
996 3237 1195 3388 verbumdffl
1350 3251 1461 3316 tulatur,
1496 3250 1600 3319 Deique
1617 3252 1748 3304 iustitium
1767 3253 1795 3304 in
1813 3251 1913 3305 mundo
1930 3252 2049 3320 regando
2065 3253 2215 3320 praeditet

227 3341 293 3387 uon
326 3317 422 3382 modo
454 3316 603 3400 dingere,
637 3319 694 3384 sed
727 3320 871 3386 stabilire
903 3322 1074 3406 signifieat.
1165 3332 1196 3387 et

229 3415 340 3471 antem
361 3403 528 3485 singulare
550 3402 614 3499 Dei
636 3403 839 3484 beneficium,
862 3405 938 3471 dum
961 3409 995 3472 in
1015 3409 1196 3473 tentatione
1335 3408 1364 3471 1.
1395 3405 1553 3486 Praefecto
1585 3405 1735 3471 Pselmate
1766 3404 1915 3471 Doridis.
1958 3405 1988 3472 2.
2022 3405 2066 3471 In
2100 3407 2217 3475 Iebooo

230 3510 345 3556 seusus
379 3499 504 3551 nostros
536 3498 663 3564 retinet,
704 3510 763 3554 nea
797 3492 919 3571 patitur
961 3492 1024 3557 alio
1064 3493 1195 3558 reflecti.
1247 3493 1380 3573 confido.-
1412 3493 1560 3573 quomodo
1591 3492 1696 3557 dicitis
1727 3491 1852 3557 animae
1883 3511 1976 3568 meae,
2018 3492 2155 3575 migrate
2181 3495 2218 3559 ia

230 3575 312 3640 Mox
334 3571 485 3653 sequitur
505 3570 644 3636 alterum
666 3573 858 3651 membrum,
881 3596 945 3640 non
963 3580 1083 3642 frustra
1100 3577 1197 3660 dirigi
1247 3583 1378 3642 montem
1398 3582 1535 3642 vestram
1555 3579 1635 3643 aaut
1656 3576 1751 3641 nem?
1795 3575 1826 3641 3.
1850 3575 1937 3643 Certe
1957 3597 2021 3644 eoae
2041 3578 2137 3659 impii
2152 3584 2217 3645 tea-

229 3660 360 3745 piorum
389 3655 533 3733 effeetus,
568 3665 604 3720 ut
635 3678 708 3722 oum
729 3678 787 3741 epe
808 3672 841 3724 et
863 3663 1020 3742 patientia
1042 3662 1082 3725 ad
1105 3662 1197 3727 obse·
1248 3662 1320 3727 dett
1340 3682 1459 3744 ereum,
1481 3668 1629 3744 optarunt
1649 3663 1781 3744 sapitas
1801 3682 1896 3743 seper
1915 3683 2054 3740 aeream,
2076 3669 2112 3728 et
2128 3667 2219 3732 inett-

229 3745 345 3829 quinm
377 3741 556 3823 oompositi,
588 3740 629 3805 ad
663 3741 771 3808 Deum
805 3746 990 3828 respiaiant‚
1026 3746 1197 3829 ipsumque
1249 3746 1349 3812 lenter
1370 3750 1403 3811 ie
1424 3747 1535 3813 exalto
1553 3753 1660 3814 eontra
1680 3752 1775 3813 reatos
1794 3749 1892 3813 eorde.
1935 3749 1966 3812 4.
1992 3746 2079 3814 Certe
2099 3749 2219 3831 sande·

230 3835 401 3897 invooent:
433 3826 510 3909 quia
540 3826 603 3892 Dei
634 3848 729 3895 aures
752 3830 794 3896 ad
815 3831 1036 3897 exaudiendos
1057 3833 1198 3916 gemitus
1248 3837 1350 3898 mente
1371 3833 1525 3899 dmtnwta
1545 3839 1634 3900 etat:
1655 3833 1758 3897 iaetus
1779 3834 1856 3914 quid
1875 3833 1956 3915 feeit.

232 3934 438 3997 nequaquam
478 3911 598 3978 surdae
636 3924 742 3981 erunt.
795 3914 857 3980 'Ita
897 3927 1029 3982 mutuus
1063 3918 1199 3998 dupliois

231 4000 357 4085 gratiae
381 4018 557 4063 eonsensus
581 3996 633 4063 bie
653 3999 815 4078 laudatur,
838 4002 922 4083 qnod
947 4002 1036 4068 Deua
1058 4003 1199 4069 oultorss
1335 4003 1363 4066 1.
1396 4001 1454 4087 (In
1492 4002 1607 4067 Ieltovn
1641 4002 1707 4087 eu.)
1760 4003 1885 4070 Omnes
1917 4004 1986 4070 fere
2019 4008 2219 4089 interpretes

232 4106 307 4151 snos
337 4083 482 4161 definere,
511 4082 561 4146 vol
584 4103 604 4147 a
625 4083 689 4149 fide
710 4086 871 4169 excidere,
900 4087 953 4152 vel
975 4086 1125 4170 preoibns
1147 4109 1197 4152 re·
1249 4088 1484 4168 querimoniam
1512 4107 1583 4152 esee
1605 4100 1731 4170 putant,
1766 4090 1799 4153 in
1822 4110 1887 4172 qua
1910 4090 2020 4156 David
2041 4091 2219 4175 populares

231 4168 390 4236 nuuoiare
420 4188 485 4231 non
514 4168 608 4244 sinat,
638 4168 696 4233 sed
724 4170 765 4234 ad
795 4193 830 4236 se
859 4187 996 4249 revooet,
1034 4170 1135 4238 donee
1163 4194 1198 4238 re
1248 4193 1324 4237 suos
1346 4186 1483 4248 aoouset,
1506 4173 1590 4254 quod
1612 4173 1753 4238 latebras
1783 4173 1901 4257 ubique
1918 4179 2108 4258 quaeritans
2130 4177 2219 4243 nibil

234 4259 490 4339 ipsaappareat
511 4272 604 4334 apem
626 4273 739 4320 eorum
762 4275 829 4319 non
852 4277 968 4322 vanam
991 4278 1051 4322 neo
1072 4257 1198 4323 irritam
1249 4277 1385 4339 nsquam
1414 4255 1626 4322 humanitatis
1654 4258 1811 4325 inveniat.
1864 4261 1909 4324 Εἰ
1939 4283 2053 4328 rernm
2083 4264 2218 4346 quidem

234 4340 346 4407 luisse.
391 4338 505 4402 Posset
527 4359 592 4401 uon
614 4338 698 4405 mula
719 4339 768 4405 ita
784 4339 905 4406 resolvi
922 4341 1035 4421 oratio,
1054 4341 1198 4408 stabilias
1249 4355 1307 4417 est,
1334 4362 1434 4425 quum
1457 4342 1520 4407 huo
1542 4355 1576 4407 et
1596 4342 1675 4408 illue
1697 4357 1820 4409 erraret
1842 4344 1954 4412 Saulis
1974 4350 2145 4415 saevitiam
2163 4349 2219 4414 fu-

234 4446 291 4493 oor
311 4425 466 4507 ipsorum,
489 4420 591 4487 donee
612 4423 724 4490 audiat
744 4426 834 4490 auris
856 4434 922 4491 tua.
1249 4428 1351 4509 giens,
1374 4449 1533 4510 nusquam
1556 4437 1665 4492 tntum
1686 4428 1736 4492 illi
1757 4431 1858 4497 fuisse
1879 4433 2075 4516 perfugium,
2098 4434 2218 4501 saltem

322 4510 372 4575 18.
392 4507 451 4593 (Ut
466 4505 612 4591 tutes.)
643 4507 832 4574 Proximam
849 4512 1043 4576 sententiam
1061 4512 1095 4576 in
1111 4513 1200 4579 huno
1250 4510 1307 4576 nbi
1338 4511 1395 4577 din
1427 4513 1556 4594 quietus
1588 4522 1698 4578 staret.
1754 4514 1865 4596 Quare
1898 4521 2014 4583 merito
2047 4541 2122 4585 eum
2156 4541 2220 4587 sua

235 4595 408 4694 epsoielem
440 4612 536 4657 nsum
568 4594 794 4692 nooommodat,
834 4616 876 4660 ne
909 4596 1057 4661 dubitent
1088 4596 1199 4663 fideles
1248 4607 1345 4748 pente
1367 4598 1573 4680 expostulare
1594 4599 1711 4680 potuit,
1732 4600 1818 4681 quod
1840 4603 1952 4668 nullus
1975 4604 2116 4689 hospitio
2139 4628 2219 4690 pro·

236 4684 293 4750 ubi
322 4682 445 4747 iniuste
476 4698 620 4759 oppressi
654 4679 784 4758 luerint,
825 4679 935 4745 Deum
968 4681 1098 4747 tandem
1131 4683 1199 4748 fora
1264 4703 1362 4765 ngum
1381 4683 1531 4765 exoipere
1548 4683 1701 4767 dignatus
1719 4696 1813 4752 esset
1857 4688 1926 4755 Sed
1943 4710 2005 4772 ego
2022 4691 2121 4757 altine
2138 4713 2219 4759 eum

239 4767 400 4834 rindioem
424 4764 481 4847 qni
503 4765 588 4844 ipsos
609 4761 735 4829 liberet.
778 4764 905 4846 Quibus
925 4767 1032 4832 verbis
1049 4766 1201 4832 admonet
1249 4769 1410 4851 respieere
1439 4770 1597 4848 existimo,
1627 4789 1704 4834 nam
1733 4791 1833 4853 quum
1864 4776 2014 4840 sertatim
2036 4796 2151 4843 omnes
2172 4779 2220 4844 ad

238 4855 367 4920 fortiter
406 4847 592 4914 durandum
629 4867 700 4914 esee
732 4848 792 4915 sub
824 4871 918 4917 ornos
951 4860 984 4916 et
1016 4853 1198 4917 aerumnis:
1250 4851 1507 4935 desperationem
1541 4875 1616 4919 eum
1648 4855 1861 4938 impellerent,
1896 4881 2027 4927 neeesse
2060 4863 2123 4927 luit
2154 4884 2220 4947 pro

238 4941 316 5023 quia
337 4958 433 5020 saepe
456 4934 618 5000 Dominus
639 4955 704 4998 non
726 4944 803 5001 ante
824 4938 929 5001 servis
949 4936 1018 5001 suis
1040 4936 1112 5001 vntt
1133 4939 1200 5020 opi·
1250 4939 1357 5004 earnis
1378 4938 1567 5004 infirmitate
1589 4962 1652 5005 non
1675 4940 1791 5008 leviter
1813 4965 1888 5009 eum
1950 4947 2052 5026 rualli,
2074 4948 2133 5014 sed
2151 4948 2221 5017 lide

239 5025 349 5102 tulari,
376 5044 475 5107 quem
504 5019 545 5085 ad
574 5027 721 5085 extrem
750 5019 872 5085 redeoti
894 5021 1026 5086 fuerint.
1069 5020 1107 5086 Id
1130 5023 1200 5104 qui·
1250 5024 1406 5102 munitus,
1422 5023 1583 5106 intrepide
1599 5037 1633 5091 et
1649 5038 1836 5095 onustanter
1852 5030 1887 5094 in
1958 5032 2221 5115 ipromissionea

239 5109 313 5176 dem
331 5110 418 5174 laetu
435 5106 565 5173 diffieile
582 5117 641 5184 est,
659 5105 735 5187 qnia
752 5116 885 5189 superet
902 5107 1037 5188 quisque
1055 5117 1200 5172 nostrum
1252 5107 1409 5184 reonbuit,
1449 5118 1487 5173 ut
1519 5111 1749 5179 tentationibus
1780 5115 1916 5181 minime
1948 5116 2087 5184 aedunt
2143 5117 2222 5188 Hes

238 5217 372 5281 prorsus
387 5193 543 5263 immunis
560 5212 631 5259 ease
647 5212 669 5257 a
690 5190 854 5259 molestie:
876 5189 1012 5275 ideoque
1029 5191 1093 5257 nisi
1111 5191 1201 5258 Deus
1252 5193 1438 5276 spirituales
1466 5192 1571 5262 luotae
1599 5217 1686 5262 nuno
1712 5210 1953 5281 oommemorat,
1980 5203 2099 5286 quibua
2127 5204 2223 5273 inter
