4658 5856
221 341 283 403 411
1058 332 1274 405 PSALMUS
1295 336 1371 401 XL.
2140 336 2206 401 412

224 530 339 605 horus,
368 533 405 591 ut
432 525 552 610 stigma
580 533 665 592 esset
693 527 868 608 perpetuae
897 520 1075 588 servitutis.
1120 521 1187 588 Sed
1238 543 1279 588 ex
1302 524 1379 589 viva
1400 523 1505 591 cordis
1523 523 1630 592 radico
1653 530 1837 603 nascentur,
1860 544 1966 589 meras
1989 542 2060 588 esse
2075 522 2202 588 larvas:

223 613 305 679 mihi
326 611 458 678 videtur
486 615 595 678 coacta
627 609 764 694 argutia.
809 607 998 692 Simmioius
1027 606 1085 672 alii
1113 615 1187 673 tan·
1238 607 1354 673 deinde
1373 609 1495 674 frustra
1517 610 1551 674 in
1575 609 1832 677 observationem
1844 608 1924 693 legis
1938 608 2087 690 componi
2105 610 2205 689 pedes

223 698 357 765 tundem
375 697 484 764 valere
505 695 638 776 docent,
666 704 762 778 atque
785 696 908 778 Aptare
929 693 965 757 in
986 693 1186 775 obsequium,
1237 699 1406 772 etmauus,
1429 705 1463 760 et
1479 695 1596 779 oculos,
1620 697 1682 761 nisi
1705 715 1725 760 a
1746 694 1841 761 corde
1858 695 1992 777 incipiat
2002 693 2203 776 obsequium.

222 783 437 866 nequeenim
466 803 565 847 unam
593 778 753 846 duntaxat
774 799 903 859 aurem,
931 777 988 844 sed
1017 787 1187 861 utramque
1237 778 1411 845 Caeterum
1433 779 1569 846 axeliis
1591 781 1771 864 scripturae
1793 780 1872 845 locis
1896 791 2010 844 notum
2034 790 2099 855 est,
2130 800 2205 862 pro·

98 872 106 897 ¹
222 869 380 935 nominat.
423 868 491 933 lam
514 867 633 933 soimus
656 873 773 931 natura
795 863 912 930 surdos
937 884 1007 930 esse
1029 863 1186 941 homines,
1237 866 1345 947 prium
1368 886 1438 931 esse
1460 886 1580 932 munus
1601 867 1736 950 spiritus
1769 866 1890 946 saneti,
1917 864 2022 947 legem
2046 863 2109 930 Dei
2132 885 2204 930 cor·

222 955 298 1037 quia
319 953 516 1019 hebetudine
538 972 634 1017 aures
662 950 728 1016 illis
755 949 937 1016 obstructae
964 957 1057 1026 sunt,
1087 949 1187 1014 donec
1237 948 1331 1014 dibus
1353 951 1473 1016 uostris
1494 952 1690 1036 insculpere.
1725 951 1800 1016 Nou
1822 955 1888 1034 agit
1900 949 2029 1032 quidem
2052 950 2086 1013 in
2111 951 2205 1014 nobis

222 1061 276 1106 ιιι
297 1040 440 1122 perforet
457 1039 558 1103 Deus.
593 1037 683 1120 Ergo
701 1036 762 1103 hac
780 1055 859 1101 voco
878 1042 1011 1100 notatur
1028 1034 1185 1112 docilitas,
1237 1034 1329 1100 Deus
1341 1043 1494 1119 tanquam
1505 1037 1540 1101 in
1552 1036 1723 1121 lapidibus,
1742 1037 1859 1101 utsiuo
1875 1035 1980 1101 oordis
1991 1037 2093 1100 nostri
2105 1055 2205 1099 sensu

222 1124 263 1191 ad
284 1145 383 1207 quam
404 1124 581 1188 formamur
603 1121 737 1206 spiritus
764 1121 868 1186 sancti
889 1122 1004 1204 gratia.
1047 1121 1119 1203 Ego
1140 1130 1186 1185 ta·
1237 1120 1291 1186 vel
1309 1121 1485 1188 intrinseco
1503 1134 1592 1188 motu
1610 1143 1670 1187 nos
1684 1123 1805 1205 rapiat:
1825 1119 1880 1186 sed
1892 1141 1993 1204 quum
2011 1121 2207 1185 naturaliter

222 1230 299 1275 men
321 1210 384 1276 hoo
406 1206 555 1292 loquendi
585 1229 688 1291 genus
718 1205 758 1272 ad
781 1207 1059 1272 circumstantiam
1088 1205 1186 1270 huius
1236 1205 1382 1289 ingenita
1393 1207 1436 1273 sit
1447 1207 1540 1273 uobis
1552 1208 1714 1288 voluntas,
1727 1216 1864 1272 naturae
1876 1213 1985 1272 autem
1998 1207 2206 1288 corruptione

223 1296 284 1361 loci
302 1296 434 1379 propius
456 1292 668 1370 accommodo,
692 1291 853 1358 Davidem
882 1312 947 1356 nou
969 1291 1070 1356 fuisse
1093 1292 1185 1375 gravi
1238 1291 1351 1357 vitiata
1369 1293 1423 1373 sit,
1444 1301 1482 1358 ut
1493 1313 1621 1378 semper
1632 1293 1673 1358 ad
1684 1292 1882 1376 peccandum
1895 1291 2046 1358 inclinet:
2068 1290 2207 1374 corrigit

222 1393 255 1446 et
278 1379 369 1445 tardo
381 1379 503 1456 auditu,
525 1379 622 1444 sicuti
643 1377 764 1462 vulgus
774 1377 954 1455 hominum,
976 1387 1014 1441 ut
1034 1376 1070 1440 in
1092 1377 1188 1440 sacri·
1237 1395 1309 1441 eam
1341 1381 1375 1442 in
1404 1379 1536 1460 melius,
1569 1388 1605 1444 ut
1632 1378 1734 1444 libere
1762 1386 1952 1462 appetamus
1980 1376 2155 1454 iustitiam,
2185 1396 2206 1439 ι

223 1467 304 1531 ficiis
326 1464 408 1529 nihil
431 1464 494 1529 nisi
515 1471 680 1529 terrenum
703 1463 913 1546 intelligeret:
945 1461 1003 1528 sed
1032 1468 1186 1546 purgatae
1237 1482 1301 1543 qua
1327 1471 1394 1527 toto
1423 1465 1541 1530 affectu
1572 1464 1661 1548 prius
1689 1484 1818 1529 eramus
1851 1463 1974 1528 aversi:
2001 1470 2098 1544 atque
2129 1462 2208 1527 hino

222 1552 321 1616 fuisse
350 1549 421 1615 eius
450 1571 561 1626 aures,
591 1558 629 1614 ut
656 1549 771 1613 melior
799 1556 883 1613 esset
911 1546 993 1631 legis
1015 1548 1186 1630 interpres,
1237 1568 1317 1612 vera
1345 1548 1487 1629 libertas,
1517 1549 1573 1614 ubi
1600 1547 1698 1615 corda
1725 1558 1846 1628 nostra,
1868 1568 1950 1632 quae
1969 1548 2061 1630 prius
2083 1548 2207 1613 mauol-

221 1645 436 1719 externosque
458 1655 572 1700 omnes
593 1636 676 1700 ritus
697 1633 738 1698 ad
756 1633 960 1716 spiritualem
977 1632 1043 1697 Dei
1065 1633 1187 1697 cultum
1238 1642 1314 1716 pata
1335 1644 1578 1719 orantpeooato,
1602 1637 1693 1700 Deus
1713 1635 1748 1699 in
1766 1634 1957 1718 obsequium
1967 1654 2062 1698 suum
2075 1632 2207 1697 format.

221 1722 365 1786 referret.
409 1720 495 1784 Nam
517 1720 643 1784 aurium
672 1719 923 1804 perforationem
952 1719 1043 1801 quasi
1070 1739 1186 1801 paren·
1238 1718 1295 1806 (Ire
1314 1720 1467 1787 ιοιιιιιιι
1487 1720 1587 1807 titre.)
1632 1719 1719 1802 Quia
1740 1740 1877 1804 graecus
1900 1721 2061 1802 interpres
2082 1737 2209 1782 nomen

223 1807 307 1872 thesi
328 1805 475 1884 includit,
499 1806 538 1871 de
560 1805 726 1871 sacrificiis
748 1827 789 1869 ex
807 1805 951 1888 professo
968 1813 1126 1869 tractans:
1149 1813 1187 1867 ut
1239 1805 1363 1888 Capitis
1384 1814 1548 1889 posuerat,
1570 1806 1647 1871 dum
1669 1805 1786 1870 volunt
1808 1804 1940 1888 quidam
1962 1812 2079 1888 argute
2101 1803 2208 1885 philo-

221 1901 296 1976 apte
315 1891 434 1958 resolvi
455 1891 557 1974 possit
577 1892 679 1956 oratio
699 1891 733 1954 in
759 1891 846 1955 buno
867 1890 1014 1954 modum:
1046 1888 1187 1954 Domine
1238 1891 1379 1975 sophari,
1401 1913 1476 1957 oum
1499 1892 1566 1957 suis
1588 1892 1709 1976 ineptis
1719 1890 1909 1956 commentis
1921 1888 2050 1953 ridiculi
2061 1889 2208 1954 fuerunt.

221 1988 259 2042 tu
280 1976 362 2042 milri
384 1997 478 2043 aures
501 1977 673 2060 aperuisti,
701 1985 738 2040 ut
760 1975 873 2040 dextre
896 1995 1069 2059 agnoscam
1090 1993 1187 2057 quor·
1239 1976 1340 2060 Atqui
1362 1977 1503 2041 nominis
1524 1976 1665 2043 hebraici
1688 1954 1820 2061 urbm
1842 1974 1955 2040 eadem
1977 1989 2026 2040 est
2047 1974 2209 2059 etymolo-

220 2084 294 2127 sum
316 2071 441 2146 spectet
461 2060 617 2144 quidquid
637 2060 800 2126 mandasti
818 2059 858 2127 de
875 2060 1050 2138 sacrificiis,
1073 2079 1188 2143 nempe
1239 2063 1302 2212 gia,
1323 2081 1405 2145 quae
1426 2062 1613 2128 Voluminis
1635 2062 1722 2146 apud
1744 2064 1891 2143 Latinos,
1914 2059 2042 2127 barbari
2063 2059 2208 2126 rotulum

221 2169 260 2213 ea
280 2169 338 2231 per
364 2169 399 2214 se
428 2146 511 2211 nihil
538 2148 655 2212 afferre
682 2146 917 2212 oblectationis:
946 2147 1022 2228 quia
1050 2152 1103 2224 tu,
1132 2144 1187 2228 qui
1261 2148 1393 2214 icorent.
1437 2145 1504 2213 Sed
1525 2146 1705 2214 videndum
1725 2159 1776 2215 est
1797 2168 1860 2230 quo
1883 2167 1980 2212 sensu
1999 2145 2210 2229 peculiariter

219 2233 356 2317 spiritus
377 2253 421 2310 es,
444 2253 509 2297 non
531 2233 668 2297 moraris
688 2239 818 2297 terrena
839 2231 919 2297 liaeo
937 2232 1106 2309 elementa,
1128 2251 1189 2296 nec
1239 2233 1299 2299 sibi
1332 2232 1483 2300 vendicet
1515 2231 1626 2300 David
1659 2232 1743 2317 quod
1774 2231 1924 2298 omnibus
1954 2251 2127 2298 commune
2156 2242 2209 2296 est

221 2339 318 2384 carne
340 2317 393 2383 vel
414 2317 573 2401 sanguine
602 2318 745 2402 indiges:
775 2316 911 2399 ideoque
938 2316 1061 2400 aliquid
1089 2316 1188 2382 altius
1238 2339 1276 2384 ao
1298 2320 1528 2402 promiscuum.
1564 2319 1649 2384 Nam
1671 2339 1771 2402 quum
1793 2318 1847 2383 lex
1869 2317 1994 2383 cunctis
2016 2315 2207 2381 hominibus

222 2414 255 2469 ct
276 2405 494 2487 praestantius
515 2401 646 2486 requiri.
690 2403 761 2468 Iam
784 2403 906 2484 siquis
927 2402 1067 2484 obiiciat,
1088 2401 1187 2468 sacri·
1238 2404 1436 2488 praescribat
1457 2411 1568 2470 sancte
1587 2405 1720 2472 vivendi
1737 2405 1910 2470 rationem:
1934 2424 1998 2467 non
2017 2401 2147 2468 videtur
2169 2402 2207 2466 in

221 2489 297 2554 ficia
318 2496 430 2554 tamen
451 2510 491 2554 ex
513 2489 576 2554 Dei
603 2495 775 2571 praecepto
797 2488 896 2555 fuisse
927 2488 1051 2554 oblata:
1083 2507 1187 2569 nuper
1238 2510 1341 2555 uuum
1374 2489 1539 2555 hominem
1573 2490 1625 2557 vel
1658 2510 1779 2574 pancos
1803 2498 1998 2572 competere
2033 2486 2119 2569 quod
2151 2487 2207 2552 hio

220 2574 292 2639 dixi
312 2572 476 2639 Davidem
505 2573 558 2638 hio
586 2573 787 2656 spiritualem
809 2574 873 2638 Dei
900 2573 1024 2641 cultum
1053 2573 1093 2639 ab
1115 2594 1186 2638 um·
1239 2575 1367 2640 dicitur.
1400 2575 1604 2658 Respondeo,
1625 2576 1774 2659 quamvis
1791 2575 2007 2640 communiter
2028 2573 2070 2637 ud
2092 2592 2208 2637 omnes

220 2660 331 2725 bratili
351 2658 562 2744 distinguere.
597 2659 639 2723 In
656 2659 717 2725 hac
736 2677 813 2723 vero
830 2659 1079 2743 comparatione,
1102 2658 1186 2723 nihil
1238 2661 1399 2743 pertineat
1419 2660 1555 2727 literalis
1577 2661 1723 2728 doctrina
1742 2661 1838 2745 legis,
1861 2660 1937 2742 quia
1959 2672 2068 2723 temen
2090 2679 2149 2740 per
2172 2679 2209 2724 so

220 2746 341 2810 mirum
364 2745 393 2810 si
416 2744 574 2810 sacrificia
584 2744 706 2810 nullius
727 2745 883 2810 momenti
906 2765 976 2810 esse
993 2745 1088 2821 dicct,
1110 2744 1187 2828 quia
1237 2754 1454 2826 mortuaest,
1485 2756 1519 2810 et
1540 2746 1625 2811 nibil
1647 2746 1735 2811 aliud
1768 2766 1863 2829 quam
1897 2758 2005 2810 aerem
2039 2744 2206 2809 verberat:

220 2839 350 2896 tantum
372 2828 568 2895 adminicula
592 2836 686 2894 erant
707 2829 852 2912 pietatis,
882 2830 1122 2912 tendebantque
1151 2829 1185 2893 in
1238 2832 1346 2897 Deum
1368 2830 1430 2897 alio
1453 2830 1548 2896 modo
1569 2853 1645 2898 suos
1667 2831 1795 2910 docere,
1825 2841 1858 2895 et
1881 2841 2042 2913 quatenus
2067 2829 2208 2893 interior

221 2917 322 2982 alium
355 2917 462 2980 finem.
514 2914 625 2995 Quum
658 2935 736 3000 ergo
768 2915 887 2982 talibus
918 2915 1112 2983 rudimentis
1145 2915 1185 2979 ad
1238 2926 1271 2981 et
1292 2918 1407 2982 efficax
1428 2918 1493 2982 ista
1513 2916 1648 3000 spiritus
1668 2917 1824 2994 doctrina,
1848 2917 1997 2999 proprius
2019 2925 2069 2980 est
2089 2934 2205 2979 eorum

103 3044 106 3050 -
220 3001 318 3067 fidem
352 3010 384 3065 et
416 3000 650 3083 poenitentiam
683 3000 839 3084 populum
876 3021 970 3067 suum
1003 3000 1187 3068 exercuerit
1238 3003 1427 3068 thesaurus:
1457 3003 1492 3066 iu
1519 3022 1638 3068 arcano
1659 3002 1723 3067 Dei
1752 3003 1835 3068 libro
1866 3023 1931 3067 non
1960 3000 2026 3066 nisi
2056 3000 2096 3064 de
2123 2999 2206 3083 ipsis

220 3086 331 3152 Deus:
353 3085 546 3169 colligimus,
565 3086 801 3153 sacrificiiseoli
814 3087 910 3153 nolle.
949 3086 1087 3170 Semper
1099 3087 1185 3151 enim
1238 3089 1483 3171 scriptumest,
1513 3097 1551 3153 ut
1573 3089 1635 3153 Dei
1658 3088 1860 3153 voluntatem
1889 3086 2080 3168 compleant.
2124 3086 2206 3149 Per·

221 3172 303 3238 illud
324 3172 503 3237 tenendum
524 3185 583 3249 est,
605 3171 762 3255 quidquid
780 3193 837 3254 per
855 3195 889 3239 se
901 3173 973 3238 Deo
993 3194 1059 3238 non
1070 3173 1185 3256 placet,
1238 3181 1333 3239 sonat
1362 3173 1492 3257 quidem
1525 3195 1591 3239 vox
1619 3174 1682 3240 Dei
1716 3194 1774 3256 per
1802 3181 1907 3237 totum
1937 3173 2058 3250 orbem,
2088 3183 2126 3236 ut
2157 3172 2208 3234 in·

220 3257 277 3324 sed
299 3264 433 3341 propter
455 3257 545 3322 aliud
566 3256 745 3337 duntaxat,
774 3260 802 3322 si
824 3280 882 3342 pro
906 3279 984 3325 vero
1005 3259 1075 3325 eius
1096 3257 1186 3324 cultu
1238 3260 1438 3326 excusabiles
1456 3259 1634 3325 reddantur
1655 3260 1839 3342 quicunque
1868 3279 1935 3322 nou
1964 3257 2208 3338 obtemperant:

221 3352 382 3418 censetur,
401 3342 577 3425 repudiari.
1238 3346 1295 3412 sed
1324 3354 1453 3409 tautum
1481 3346 1517 3411 in
1546 3344 1642 3412 corda
1673 3346 1801 3428 piorum
1831 3353 1987 3426 penetrat,
2020 3341 2139 3425 quibus
2173 3343 2209 3405 in

305 3428 336 3491 8.
359 3426 564 3511 (Tenedios,
587 3427 798 3515 Ecoeveuio.)
842 3426 1006 3496 Aduerbio
1028 3435 1100 3495 tuno
1121 3427 1187 3512 sig·
1239 3432 1378 3497 salutem
1400 3430 1562 3496 destinata
1584 3442 1643 3496 est
1688 3429 1795 3496 Sicuti
1816 3450 1894 3512 ergo
1916 3429 2093 3510 imperator
2120 3427 2208 3491 mili·

221 3514 334 3578 nificat
364 3532 430 3576 non
463 3512 556 3595 prius
587 3533 622 3576 se
654 3512 808 3578 idoneum
850 3513 950 3578 fuisse
983 3514 1187 3596 discipulum,
1239 3531 1311 3582 tum
1332 3537 1464 3582 suorum
1494 3517 1625 3581 uomina
1654 3516 1778 3598 recipit,
1815 3527 1852 3579 ut
1884 3523 1990 3580 certus
2021 3513 2065 3576 sit
2095 3533 2209 3577 eorum

221 3617 320 3682 quam
340 3595 434 3662 Deus
464 3616 559 3661 aures
580 3598 777 3679 aperuisset:
808 3605 971 3665 caeterum
993 3599 1049 3664 ubi
1071 3619 1188 3664 arcano
1238 3621 1410 3667 muneres:
1433 3602 1529 3668 sicuti
1550 3602 1707 3686 magister
1728 3620 1805 3665 suos
1826 3598 2000 3682 discipulos
2027 3597 2063 3662 in
2085 3598 2209 3664 catalo-

223 3684 357 3766 spiritus
378 3681 536 3746 instinctu
553 3679 685 3747 edoctus
706 3682 783 3766 fuit,
815 3683 894 3749 dicit
921 3705 956 3749 ιι
984 3690 1134 3768 prompto
1156 3692 1189 3747 et
1238 3708 1316 3771 gum
1339 3686 1452 3752 refert:
1481 3689 1528 3752 ιιι
1550 3689 1641 3752 Deus
1668 3688 1752 3753 filios
1781 3705 1856 3751 suos
1880 3686 1915 3749 in
1937 3684 2021 3749 libro
2044 3683 2131 3747 vitae
2155 3681 2210 3747 ds·

223 3769 322 3835 alacri
343 3767 442 3832 fuisse
464 3767 572 3831 auimo
590 3764 631 3832 ad
648 3768 836 3849 parendum.
871 3768 981 3852 Atque
998 3769 1051 3834 hio
1068 3769 1189 3850 optime
1239 3773 1375 3855 scriptos
1398 3773 1505 3853 habet,
1527 3781 1563 3838 ut
1582 3773 1641 3838 sub
1659 3774 1734 3857 iugo
1752 3791 1831 3837 suae
1849 3770 2039 3853 disciplinae
2056 3788 2113 3834 eos
2131 3790 2209 3834 oon·

224 3877 245 3920 a
266 3852 377 3919 servili
398 3859 570 3935 coactoque
593 3851 745 3937 obsequio
767 3876 845 3922 vera
867 3853 1050 3921 obedientia
1067 3853 1189 3919 discer-
1239 3859 1351 3922 tineat.
1394 3857 1515 3924 Restat
1535 3859 1708 3942 scrupulus
1730 3878 1833 3922 unus:
1867 3856 1944 3938 quia
1965 3854 2096 3921 videtur
2117 3854 2210 3937 Apo·

222 3942 322 4005 nitur.
378 3936 529 4004 Sciamus
561 3958 647 4021 ergo,
682 3940 837 4025 quidquid
869 3941 1008 4007 offerant
1039 3939 1188 4006 homines
1239 3943 1341 4009 stolus
1360 3942 1396 4007 in
1417 3943 1564 4026 Epistola
1593 3943 1634 4008 ad
1655 3943 1740 4008 Heb.
1766 3942 1824 4024 10,
1846 3942 1883 4021 5,
1911 3941 2070 4008 violenter
2099 3939 2209 4005 locum

222 4026 303 4102 Deo,
327 4022 445 4089 frivolu
455 4031 523 4088 mot
533 4023 685 4105 putidum
703 4044 784 4106 esse,
805 4026 869 4093 nisi
881 4048 916 4092 se
933 4029 1021 4111 ipsos
1033 4026 1187 4091 offerant:
1239 4029 1327 4095 huuc
1349 4036 1514 4112 torquere,
1543 4029 1621 4093 dum
1644 4028 1684 4094 ad
1708 4028 1879 4094 Christum
1908 4026 2015 4093 solum
2036 4024 2210 4110 restringit

223 4107 338 4176 deiude
359 4108 444 4173 hanc
474 4129 601 4192 quoquo
630 4109 826 4177 oblationem
848 4111 971 4178 nullius
992 4132 1063 4178 esse
1083 4112 1188 4194 pretii,
1240 4113 1324 4197 quod
1353 4114 1561 4195 praedicatur
1590 4113 1630 4178 de
1663 4115 1813 4179 omuibus
1842 4113 1962 4189 electis,
1996 4117 2030 4175 et
2062 4113 2209 4193 praecise

223 4195 288 4262 nisi
306 4193 491 4260 voluntaria
512 4194 564 4259 ιιι.
599 4193 752 4262 Notanda
769 4199 856 4262 euim
879 4205 955 4263 sunt
975 4197 1056 4263 haeo
1078 4197 1188 4277 verba,
1239 4198 1405 4266 contendit
1422 4198 1577 4284 abrogata
1595 4219 1667 4264 esse
1683 4198 1766 4282 legis
1784 4198 1950 4276 sacrificia,
1972 4217 2054 4280 quae
2077 4204 2209 4261 tantum

224 4281 304 4348 Erre
330 4279 425 4344 ιιηιι.
475 4279 573 4359 Item,
603 4275 696 4346 Volui
721 4283 824 4364 fucere
844 4283 1063 4363 ὀιιιιῑαιιιιιι
1091 4286 1188 4347 tuem.
1239 4306 1297 4370 per
1318 4284 1591 4368 comparationem
1614 4294 1714 4368 negat
1737 4284 1843 4350 David
1862 4283 1935 4349 Deo
1957 4290 2051 4366 grata
2066 4302 2152 4347 esse:
2176 4292 2210 4346 ιι

226 4368 263 4435 Si
292 4365 424 4450 quidem
452 4363 640 4431 hebraicum
667 4367 801 4433 verbum
829 4379 967 4451 impu,
996 4368 1189 4433 tantundem
1238 4371 1347 4454 graeci
1368 4370 1555 4453 interpretis
1576 4370 1683 4454 potius
1711 4390 1809 4452 quam
1831 4369 2008 4453 prophetae
2030 4369 2130 4433 verba
2157 4388 2209 4433 re

223 4453 313 4519 valet
341 4472 379 4517 ac
402 4449 607 4532 Complaouit
638 4450 730 4536 mihi,
764 4452 818 4518 vol
844 4454 1003 4519 Libenter
1031 4453 1188 4536 acquievi.
1239 4456 1352 4534 citans,
1377 4455 1450 4539 plus
1472 4454 1597 4539 colligit
1625 4474 1722 4538 quam
1744 4454 1864 4521 Davidi
1886 4454 2086 4538 propositum
2108 4453 2210 4519 fuerit

224 4540 365 4605 Notatur
382 4536 490 4618 itaque
508 4543 574 4599 tam
586 4537 806 4620 promptitudo
823 4537 864 4603 ad
883 4537 1072 4622 parendum,
1113 4559 1189 4604 uam
1240 4540 1364 4607 dooere.
1397 4540 1450 4605 De
1468 4539 1592 4606 Christi
1615 4562 1755 4624 persona
1777 4540 1894 4606 solutio
1917 4539 2020 4607 facilis
2041 4548 2106 4605 est:
2130 4539 2209 4622 quia

224 4623 369 4690 liberalis
390 4619 525 4686 aflectus
546 4629 579 4685 et
623 4623 757 4705 urgendi
769 4625 960 4704 constantia,
982 4624 1068 4689 acsi
1090 4559 1189 4688 ιιιιι-
1239 4626 1350 4693 David
1372 4646 1437 4691 non
1454 4647 1512 4691 suo
1532 4632 1660 4690 tantum
1678 4629 1807 4709 privato
1826 4625 1958 4690 nomine
1976 4625 2129 4709 loquutus
2147 4633 2208 4704 est,

226 4721 285 4789 set,
307 4708 410 4774 libere
432 4728 467 4772 se
488 4641 681 4789 prestitisse
704 4709 828 4774 colendi
850 4709 914 4775 Dei
942 4709 1087 4774 studium
1115 4709 1189 4774 aliis
1239 4710 1296 4777 sed
1328 4711 1362 4776 in
1393 4731 1513 4796 genere
1546 4710 1623 4793 quid
1655 4713 1827 4779 conveniat
1855 4710 2006 4777 omnibus
2026 4710 2090 4777 Dei
2121 4710 2208 4789 filiis,

226 4794 375 4862 omuibus
408 4792 495 4860 curis
527 4800 560 4857 et
589 4793 687 4859 votis:
722 4815 781 4860 neo
815 4802 929 4877 sponte
959 4794 1122 4860 duntaxat
1154 4815 1189 4860 se
1239 4797 1390 4862 ostendit.
1433 4795 1498 4862 Ubi
1526 4805 1634 4861 autem
1667 4797 1702 4862 in
1736 4796 1877 4862 medium
1911 4796 2020 4881 prodit
2052 4797 2209 4863 ecclesiae

225 4882 326 4947 fuisse
358 4879 572 4964 morigerum,
612 4877 669 4945 sed
700 4881 795 4945 firmo
828 4881 928 4945 animi
959 4881 1123 4963 proposito
1154 4901 1189 4945 se
1240 4880 1466 4961 communitas,
1500 4881 1540 4945 ad
1574 4893 1671 4965 eaput
1704 4884 1811 4967 ipsum
1846 4882 2041 4949 adscendere
2074 4903 2207 4949 necesse

226 4966 373 5052 regulam
394 4966 448 5048 pie
471 4962 603 5030 vivendi
625 4965 814 5050 amplexum
837 4986 916 5030 esse.
950 4965 1046 5046 Quod
1068 4966 1189 5030 iterum
1240 4975 1298 5032 ιιι.
1349 4966 1418 5032 Νιι
1451 4966 1559 5031 obstat
1590 4968 1675 5050 quod
1709 4968 1805 5052 paulo
1835 4976 1917 5051 post,
1950 4989 2033 5052 quae
2066 4969 2208 5035 sustinet

226 5052 323 5118 tertio
345 5050 489 5115 membro
505 5048 811 5131 moliusconfirmat,
833 5051 926 5134 Ζιιιιι
937 5051 1001 5117 Dei
1022 5050 1190 5117 visceribus
1240 5051 1335 5130 mala,
1354 5051 1468 5135 eulpae
1485 5074 1564 5117 suae
1582 5053 1738 5136 imputat:
1762 5054 1838 5137 quia
1855 5054 1990 5121 minime
2012 5074 2137 5121 novum
2157 5067 2207 5120 est

226 5139 295 5202 scie
326 5136 461 5200 infixam
493 5156 563 5201 esse
596 5157 753 5202 asserens.
807 5137 892 5203 Nam
924 5136 1000 5200 hinc
1033 5136 1188 5221 sequitur,
1240 5135 1280 5201 ad
1305 5137 1472 5203 Christum
1494 5138 1670 5222 improprie
1693 5139 1772 5206 vitia
1797 5148 1908 5204 nostra
1927 5140 2109 5206 transferri.
2154 5141 2205 5206 De

227 5222 439 5306 quantumvis
449 5220 677 5304 resplendeant
688 5221 856 5290 hominum
872 5242 979 5306 opera,
1001 5222 1065 5289 nisi
1078 5232 1188 5288 tamen
1239 5222 1446 5308 abrogatione
1471 5223 1584 5309 legalis
1602 5225 1709 5292 cultus
1724 5225 1770 5291 ita
1791 5224 1979 5308 respondeo,
2009 5246 2074 5293 non
2094 5227 2205 5311 inepte
