4658 5856
161 385 224 451 '139
938 379 1155 449 PSALMUS
1178 379 1379 448 LXXVIII.
2093 378 2152 443 tto

162 573 265 638 tuisse
293 571 334 637 eb
364 594 425 638 sua
457 573 581 639 seelera
613 582 740 636 veteres
773 569 913 653 incolas,
945 592 1019 637 cum
1053 571 1133 653 ipsis
1185 590 1253 652 cap.
1277 569 1307 650 l,
1331 570 1371 633 16
1396 567 1513 651 utitur)
1537 587 1650 633 eorum
1674 566 1839 632 levitatem
1862 566 2028 650 exprimit.
2070 566 2153 631 Nam

163 658 254 724 omni
283 658 443 723 scelerum
474 679 595 743 genere
622 656 767 722 certare?
802 677 840 722 ac
862 658 890 722 si
912 656 952 721 de
973 655 1134 721 industria
1185 655 1282 721 sicuti
1304 654 1463 719 falluntur
1485 654 1678 719 iaculatores
1700 654 1756 735 qui
1778 672 1891 718 areum
1915 653 2001 718 male
2024 654 2152 718 firmum

164 745 363 826 propesitum
388 757 475 809 esset
497 745 531 808 in
550 766 584 809 se
602 763 767 808 accersere
789 762 886 825 quam
910 745 943 806 in
968 742 1040 807 aliis
1063 762 1135 824 per·
1185 741 1237 806 vel
1260 742 1345 805 male
1367 740 1532 805 intensum
1555 738 1693 817 habeut,
1725 738 1774 803 vel
1803 737 1972 821 obliquum
2002 750 2037 802 et
2063 739 2153 803 flexi·

163 843 315 912 spexerat
332 828 396 894 Dei
416 828 602 895 vindictam.
638 827 735 908 Quod
758 837 869 911 postea
891 828 983 892 addit
1004 833 1134 892 mauman
1185 827 1299 892 bilem:
1334 828 1379 890 ita
1407 826 1485 889 dicit
1512 826 1659 904 reflexum
1686 823 1894 905 saisselinus
1917 823 2090 906 poputum,
2122 834 2153 891 et

163 914 252 993 dune,
276 936 342 979 neu
364 925 460 992 recte,
484 914 704 991 meoiudicio,
728 913 859 996 qnidam
882 913 923 978 ad
945 925 1046 978 totam
1070 924 1133 977 ter·
1184 912 1308 978 lubrica
1329 912 1540 994 flexuosaque
1562 911 1706 977 versutia
1728 910 1884 993 elapsum,
1908 933 1949 975 ne
1969 931 2072 976 manu
2093 911 2153 977 Dei

163 1020 234 1066 ram
258 1001 449 1077 extendunt,
473 1021 555 1082 quae
576 1001 637 1066 etsi
659 1011 831 1064 montuosa
853 1009 932 1077 erat,
954 999 1069 1064 habuit
1088 1011 1132 1063 ta·
1184 1010 1363 1082 regeretur.

163 1107 239 1150 men
262 1087 411 1170 regiones
433 1087 548 1168 planas
570 1095 604 1151 et
626 1086 820 1167 aequabiles,
850 1086 929 1149 satis
953 1085 1077 1167 amplas
1100 1094 1133 1149 et
1268 1084 1321 1150 58.
1354 1082 1616 1167 (Preeecaeerunt
1647 1084 1682 1147 iu
1713 1079 1863 1167 excelsis.)
1913 1080 2065 1166 Speciem
2092 1081 2150 1148 'de

163 1171 287 1255 longas.
332 1170 442 1251 Quare
465 1193 529 1235 non
553 1171 666 1236 dubito
689 1173 768 1252 quin
791 1169 1010 1253 amplificandi
1036 1192 1132 1236 causa
1156 1210 1160 1267 p
1183 1170 1331 1234 fectionis
1356 1169 1493 1252 profert,
1524 1188 1589 1250 qua
1615 1168 1722 1251 polam
1746 1171 1856 1232 testati
1885 1183 1961 1232 sunt
1985 1168 2153 1233 Israelitae

163 1266 307 1320 mentem
327 1255 418 1333 Sion,
441 1258 496 1322 ubi
515 1256 714 1322 domicilium
733 1256 794 1321 sibi
814 1264 846 1319 et
864 1259 1003 1336 primam
1022 1256 1129 1321 sedem
1156 1270 1160 1399 Ι
1184 1276 1219 1321 se
1242 1256 1338 1321 fidem
1362 1267 1395 1319 et
1416 1253 1605 1336 obsequium
1629 1274 1751 1337 negare
1773 1253 1854 1318 Deo.
1895 1252 1986 1319 Satis
2009 1255 2096 1318 enim
2120 1272 2152 1318 et

163 1345 306 1426 elegerat
329 1341 429 1418 Deus,
453 1343 627 1409 honorilice
649 1341 818 1406 addiderit.
855 1342 978 1406 Fateor
999 1341 1131 1425 quidem
1183 1361 1282 1422 super
1304 1341 1462 1404 admoniti
1484 1340 1623 1419 fuerant,
1645 1341 1788 1423 perverti
1806 1350 1838 1403 et
1857 1339 2076 1404 contaminari
2092 1340 2153 1405 Dei

162 1427 387 1512 synecdochen
410 1449 498 1492 esse:
521 1428 617 1493 mede
640 1437 773 1492 teneant
794 1428 930 1492 lectores
953 1428 1060 1493 lecum
1083 1428 1131 1494 di·
1183 1426 1325 1508 cultum,
1359 1426 1422 1489 nisi
1453 1425 1492 1489 ab
1515 1428 1585 1490 eius
1608 1426 1707 1489 verbo
1736 1424 1932 1507 penderent:
1968 1447 2057 1491 nane
2088 1438 2153 1490 tota

161 1524 247 1579 serte
270 1513 419 1595 exprimi,
447 1535 486 1577 ex
510 1535 583 1596 que,
607 1514 698 1578 velut
720 1534 761 1578 ex
785 1513 884 1588 fonte,
906 1513 1059 1578 manabat
1082 1523 1130 1578 to·
1183 1512 1255 1595 lege
1274 1510 1464 1593 posthabita,
1484 1511 1523 1574 ad
1540 1533 1600 1576 sua
1616 1512 1774 1594 figmenta
1791 1522 2018 1594 perrumpunt.
2044 1512 2153 1594 Atque

163 1599 227 1661 tius
258 1607 364 1662 terrae
392 1600 557 1665 sauctitas.
604 1599 737 1664 Mentem
759 1598 840 1665 breue
861 1599 970 1663 dextra
992 1598 1056 1664 Dei
1084 1601 1131 1665 eet
1182 1597 1242 1662 hos
1265 1600 1388 1662 tructus
1418 1618 1547 1680 semper
1578 1597 1737 1679 producit
1756 1595 1838 1679 legis
1867 1610 2088 1679 contemptus,
2119 1610 2153 1662 ut

157 1703 336 1767 possesorem
356 1683 458 1766 fuisse
477 1685 525 1750 eet
547 1686 735 1768 acquisitum
757 1685 851 1750 dicit:
881 1683 971 1768 (uam
994 1688 1128 1749 verbum
1182 1683 1301 1747 crassis
1331 1681 1614 1765 superstitionibus
1644 1703 1679 1747 se
1701 1682 1854 1747 addicant
1881 1683 1936 1763 qui
1964 1683 2058 1765 sequi
2081 1705 2150 1765 pre·

162 1781 238 1876 ,Ἤρ
261 1782 434 1852 utrumque
462 1769 637 1854 siguificat)
668 1792 765 1835 nese
791 1772 929 1834 efferant
950 1770 1128 1848 Israelitae,
1182 1770 1288 1852 prium
1323 1789 1473 1848 sensum,
1511 1789 1608 1851 quam
1641 1767 1713 1832 Dee
1750 1789 1784 1833 se
1817 1767 1977 1833 subiicere
2015 1769 2149 1833 malunt.

162 1855 256 1937 quasi
288 1857 418 1938 proprie
451 1867 554 1921 marte
588 1866 707 1920 terram
732 1855 951 1937 acquisierint,
984 1856 1037 1919 vel
1060 1859 1129 1921 eius
1183 1854 1318 1919 Duobus
1351 1865 1459 1918 autem
1493 1853 1597 1919 medis
1626 1855 1777 1918 vitiatum
1806 1854 1907 1918 fuisse
1933 1854 1996 1918 Dei
2028 1855 2150 1919 cultum

160 1943 361 2023 possessione
392 1942 560 2006 truantur:
596 1943 690 2007 sicuti
722 1942 854 2006 Psalmo
877 1941 978 2020 44,4
1007 1941 1129 2006 dictum
1181 1941 1407 2022 conqueritur:
1437 1941 1552 2022 prime,
1582 1939 1666 2021 quod
1691 1939 1754 2004 Dei
1783 1939 1919 2022 gloriam
1948 1939 2151 2005 deformave-

159 2026 237 2090 fuit:
273 2025 360 2105 Quia
382 2048 447 2091 neu
471 2028 506 2091 iu
529 2027 636 2110 gladio
666 2049 724 2092 suo
756 2028 831 2092 lacti
860 2039 940 2092 suut
972 2027 1129 2091 haeredes
1181 2027 1258 2100 rint,
1281 2026 1368 2089 idola
1390 2037 1422 2089 et
1444 2026 1609 2107 sculptilia
1631 2026 1692 2090 sibi
1716 2024 1886 2107 tingendo:
1910 2021 2042 2107 deinde,
2064 2024 2149 2108 qued

160 2120 276 2189 terrae,
300 2132 359 2176 uec
381 2113 551 2178 brachium
574 2133 687 2178 eorum
710 2113 857 2178 servavit
877 2131 950 2177 ees:
972 2113 1028 2178 sed
1052 2112 1129 2178 dex·
1181 2112 1221 2175 ad
1258 2111 1366 2176 Deum
1403 2109 1599 2193 placandum
1626 2124 1813 2176 extraneos
1846 2123 1878 2173 et
1912 2113 2032 2176 vetites
2066 2114 2145 2176 ritus

162 2204 212 2260 tra
235 2206 304 2273 tua,
337 2210 370 2260 et
399 2197 567 2262 brachium
597 2210 704 2277 tuum,
737 2210 769 2262 et
796 2199 908 2263 lumen
932 2199 1045 2263 vultus
1069 2199 1127 2275 tui,
1180 2197 1446 2280 excogitaverint.

160 2282 238 2363 quia
261 2281 403 2346 dilexisti
426 2305 494 2350 nes.
537 2285 583 2349 Et
604 2305 681 2348 mox
702 2285 849 2367 sequitur
871 2283 1054 2369 explicatio,
1077 2305 1129 2348 ee·

153 2365 269 2448 puteas
292 2367 393 2449 fuisse
407 2364 523 2453 'pentes
551 2391 587 2436 ae
614 2371 771 2450 paenas
796 2371 832 2434 in
852 2376 980 2436 sedem:
1012 2371 1128 2452 quibus
1265 2366 1316 2433 59.
1339 2368 1474 2433 Audiuit
1495 2367 1587 2433 Deus
1608 2371 1635 2430 et
1656 2368 1758 2432 iratus
1779 2373 1831 2445 est,
1858 2373 1886 2430 et
1907 2374 2089 2433 exsecratus
2109 2374 2150 2432 cst

160 2453 267 2518 verbis
288 2454 419 2519 medum
442 2455 630 2538 acquirendi
653 2455 765 2519 delinit
788 2455 960 2539 propheta:
984 2476 1021 2519 ac
1036 2459 1062 2520 si
1079 2456 1129 2520 di·
1181 2453 1271 2518 ualde
1294 2454 1454 2519 Isrea'lern.
1499 2454 1550 2518 60.
1581 2453 1625 2517 Et
1646 2452 1782 2517 deseruit
1809 2452 2030 2518 habitationem
2056 2452 2149 2535 aaut

159 2549 256 2613 eeret,
286 2538 398 2622 Neque
428 2542 583 2623 populum
605 2539 709 2606 Israel
737 2542 817 2605 adeo
840 2543 938 2605 tuisse
961 2540 1128 2618 bellacem,
1180 2539 1412 2604 tabernaculum
1444 2540 1497 2603 uhi
1528 2539 1679 2605 trebiteeit
1710 2540 1791 2603 inter
1822 2537 1969 2603 hemines.
2025 2540 2079 2604 61.
2108 2538 2151 2603 Et

160 2643 266 2705 neque
296 2635 411 2708 gentes
439 2627 511 2689 illas
540 2637 607 2690 tam
634 2625 733 2690 fuisse
763 2626 909 2706 timidas,
942 2627 1006 2690 nisi
1036 2638 1129 2709 parta
1179 2625 1264 2690 dedit
1293 2626 1328 2688 in
1347 2627 1564 2706 ‘captivitatem
1591 2625 1684 2689 robur
1706 2644 1815 2700 suum,
1849 2631 1875 2688 et
1901 2624 2150 2703 pulcritudinem

160 2709 273 2773 fuisset
296 2710 431 2774 victoria
449 2710 513 2774 Dei
534 2711 678 2795 auspicio
701 2731 738 2776 ac
761 2711 894 2775 virtute.
927 2710 1021 2775 Adde
1044 2712 1128 2793 quod
1179 2730 1271 2774 suam
1293 2711 1327 2773 in
1348 2730 1477 2774 menum
1505 2711 1683 2793 afllipentis.
1728 2710 1780 2775 62.
1806 2709 1849 2774 Et
1869 2709 1997 2774 inclusit
2028 2712 2063 2775 in
2082 2711 2150 2794 pta·

160 2793 307 2877 legitima
336 2816 403 2858 non
431 2795 544 2860 fuisset
573 2798 747 2878 possessio,
775 2796 838 2860 nisi
862 2795 953 2861 Deus
984 2797 1128 2878 spoliatis
1179 2795 1269 2859 dium
1291 2795 1442 2875 poputum
1470 2816 1579 2870 mum,
1609 2794 1840 2861 dhaereditate'
1868 2814 1945 2859 suae
1971 2796 2078 2860 iratus
2098 2800 2149 2860 ed.

161 2878 324 2961 prioribus
351 2879 474 2960 incelis,
502 2883 536 2946 in
559 2883 611 2946 ius
632 2893 665 2947 et
687 2882 794 2948 locum
816 2902 928 2946 eorum
958 2882 1129 2948 succedere
1180 2879 1232 2945 63.
1253 2879 1378 2945 Eleates
1399 2880 1504 2966 einer)
1533 2881 1653 2946 emovit
1679 2880 1763 2964 ipnis
1784 2886 1812 2945 et
1832 2881 1971 2963 cirpines
1998 2883 2069 2945 eius
2089 2902 2150 2945 nen

161 2963 285 3029 alienes
307 2965 474 3031 voluisset.
1180 2971 1255 3030 suat
1273 2966 1432 3055 laudatae.
1477 2966 1527 3032 64.
1559 2965 1741 3031 Sacerdotes
1763 2967 1831 3030 eius
1850 2967 1886 3029 in
1905 2966 2014 3049 plodio
2037 2968 2148 3032 cecide·

246 3049 297 3117 56.
328 3049 386 3136 (Et
405 3052 617 3138 mutaverunt.)
660 3053 725 3119 Hic
752 3052 819 3119 iam
841 3051 1016 3136 exprobrat
1043 3053 1128 3137 quod
1179 3057 1262 3130 runt,
1292 3056 1321 3117 et
1340 3052 1456 3118 eidem
1485 3054 1553 3118 eius
1574 3073 1635 3117 nen
1656 3052 1812 3117 tundunt.
1856 3051 1907 3116 65.
1939 3050 1983 3115 Et
2004 3072 2148 3136 superpe-

160 3143 209 3200 tet
230 3133 394 3202 benefieiis
413 3140 528 3216 ornati,
552 3159 615 3203 non
635 3137 792 3203 desierint
808 3137 931 3223 perfide
949 3161 985 3204 se
999 3160 1126 3222 gerere:
1177 3138 1283 3219 fectus
1301 3142 1345 3202 est
1361 3143 1510 3220 tauquam
1528 3138 1685 3203 dormiens
1699 3137 1866 3216 Dominus,
1887 3141 2038 3216 tanquam
2058 3138 2150 3218 sertis

160 3221 227 3286 imo
255 3242 354 3304 quum
387 3225 480 3288 novis
509 3225 647 3289 subinde
680 3225 794 3308 gratiis
827 3236 1058 3290 revocarentur
1087 3226 1128 3291 ad
1179 3224 1318 3288 daurons
1336 3243 1417 3304 prae
1438 3224 1518 3289 eivae.
1552 3224 1602 3288 66.
1623 3222 1667 3286 Et
1682 3225 1839 3305 percussit
1858 3223 2061 3288 aduersarios
2076 3242 2150 3288 sues

160 3306 359 3390 obsequium,
376 3330 435 3374 sua
453 3312 655 3376 contumacia
669 3311 784 3393 iugum
800 3313 1013 3377 excusserint.
1039 3310 1126 3391 Quid
1178 3315 1272 3386 retro,
1294 3308 1493 3392 opprobrium
1514 3316 1670 3374 caunum
1685 3312 1793 3390 posuit
1814 3310 1849 3374 in
1871 3309 1961 3390 ipsis.

162 3391 271 3457 valeat
298 3396 438 3460 tentandi
465 3395 599 3460 verbum
629 3396 719 3478 prius
749 3397 900 3461 diximus.
944 3395 1012 3464 Sed
1038 3397 1128 3463 addit

161 3478 321 3560 propheta
357 3481 553 3562 generaliter
582 3501 633 3546 ces
668 3480 881 3547 cumulasse:
913 3483 990 3564 quia
1016 3483 1129 3564 foedus
1263 3478 1620 3566 59.(Aaaeo1)ens.)
1663 3480 1793 3545 Rursus
1815 3478 1959 3544 ostendit
1980 3480 2148 3564 propheta,

160 3564 230 3628 eius
250 3584 311 3629 nen
328 3566 538 3631 custodierint.
571 3566 643 3631 Hac
661 3576 769 3632 autem
788 3578 951 3650 postrema
969 3569 1128 3650 particula
1179 3586 1278 3648 quum
1302 3566 1429 3630 videret
1445 3565 1535 3631 Deus
1557 3589 1592 3632 se
1608 3564 1689 3629 nihil
1706 3566 1879 3630 tolerantia
1895 3567 2064 3649 prolicere,
2085 3586 2149 3648 qua

161 3649 278 3713 melius
307 3651 514 3716 convincitur
541 3663 653 3734 aperta
679 3663 712 3717 et
734 3672 843 3718 crassa
872 3653 1014 3733 rebellio,
1043 3654 1128 3737 quod
1179 3671 1244 3715 nen
1267 3651 1339 3716 sine
1361 3651 1501 3716 ludibrio
1530 3652 1726 3716 abutebatur
1755 3651 1894 3733 populus
1922 3650 1961 3716 ad
1992 3651 2149 3734 peccandi

159 3734 365 3800 familiariter
383 3736 422 3802 de
440 3737 545 3802 efficio
563 3759 621 3802 sue
637 3737 751 3815 edocti,
775 3739 1001 3804 recusaverint
1018 3747 1127 3805 tamen
1180 3736 1355 3814 licentiam,
1383 3757 1515 3803 severas
1537 3736 1577 3803 de
1599 3757 1636 3801 ee
1658 3757 1778 3820 peenas
1800 3737 1987 3818 sumpsisse.
2033 3737 2149 3802 Caete-

159 3817 232 3885 Deo
253 3818 394 3886 subesse.
431 3822 516 3887 Nam
539 3835 572 3887 ct
594 3824 698 3908 legem
718 3836 813 3889 vocat
834 3826 1019 3905 testimonie,
1041 3826 1127 3909 quod
1179 3843 1252 3886 rum
1286 3822 1465 3888 similitude
1497 3844 1594 3906 quam
1628 3824 1727 3888 sumit
1756 3844 1776 3887 a
1804 3821 1964 3887 iudicibus
1997 3824 2148 3898 terrenis,

159 3903 221 3971 hac
249 3907 433 3988 paciscendi
464 3907 606 3973 formula
635 3910 725 3974 Deus
758 3910 915 3993 populum
943 3911 1036 3975 illum
1066 3912 1127 3977 sibi
1179 3909 1366 3989 frequenter
1393 3911 1533 3975 occurrit
1555 3909 1590 3973 in
1612 3909 1783 3990 scriptura.
1827 3907 1951 3973 Audire
1980 3909 2071 3973 euim
2100 3908 2148 3972 di·

162 3989 365 4069 devinxerat,
388 3994 482 4059 sicuti
505 3995 603 4060 certis
625 3993 751 4078 legibus
772 3995 859 4060 inter
876 4016 911 4060 se
929 3999 1129 4062 conveniunt
1180 3993 1264 4060 citur
1283 3994 1381 4071 Deus,
1405 4016 1469 4059 nen
1487 3995 1572 4078 qnod
1590 3995 1799 4076 inquisitione
1820 4014 1901 4075 epos
1919 3995 1971 4070 sit,
1994 3993 2053 4058 sed
2072 3995 2149 4077 quia

161 4075 320 4141 homines.
365 4077 560 4163 Quanquam
583 4090 694 4145 autem
716 4079 769 4146 his
791 4081 899 4146 verbis
922 4104 988 4146 non
1011 4083 1128 4148 leviter
1180 4101 1247 4144 neu
1277 4087 1399 4144 temere
1421 4079 1462 4144 ad
1485 4101 1543 4145 sua
1565 4081 1683 4144 iudicia
1709 4078 1852 4162 prosilit,
1883 4099 1924 4142 ne
1952 4080 2027 4162 quis
2060 4088 2151 4162 putet

161 4180 217 4225 eos
239 4163 442 4243 perstrinxit,
465 4166 663 4248 apostasiam
687 4178 794 4231 tamen
817 4175 851 4231 et
873 4166 1042 4249 perfidiam
1064 4169 1128 4232 illis
1180 4186 1251 4230 esse
1273 4166 1493 4247 praecipitem.
1524 4164 1662 4230 Summa
1684 4178 1742 4241 est,
1767 4164 1920 4247 populum
1945 4185 2005 4228 sua
2026 4165 2151 4230 seelera

160 4256 274 4329 postea
296 4246 460 4327 abiiciens,
483 4251 651 4316 cumulum
669 4263 779 4316 reatus
797 4251 956 4336 adiungit.
984 4252 1128 4336 Adopta·
1180 4252 1227 4316 sic
1249 4251 1463 4326 continuasse,
1493 4261 1530 4315 ut
1559 4250 1690 4315 tandem
1722 4249 1845 4314 clamer
1874 4251 1906 4313 in
1937 4250 2065 4314 eoelum
2096 4251 2150 4314 ad-

162 4341 257 4396 verat
285 4353 339 4397 ees
367 4332 458 4399 Deus
487 4335 548 4399 sibi
575 4336 610 4399 in
633 4336 808 4418 populum:
841 4348 1026 4423 contempto
1060 4341 1129 4404 eius
1181 4336 1356 4402 scanderit:
1376 4346 1408 4400 et
1425 4336 1495 4419 ipsa
1511 4356 1634 4419 poenae
1651 4337 1796 4419 gravitas
1814 4335 1926 4417 culpae
1945 4338 2150 4400 atrocitatem

161 4417 289 4501 lavore,
318 4417 405 4482 ultre
427 4439 461 4483 se
483 4421 643 4486 abdicant.
688 4422 873 4505 collegerat
902 4443 956 4489 eos
978 4424 1039 4488 sub
1061 4425 1129 4489 alas
1181 4423 1298 4505 arguit.
1334 4421 1513 4503 Postquam
1536 4422 1622 4486 euim
1647 4422 1731 4486 dixit
1752 4419 1920 4503 Israelem,
1943 4441 2040 4503 quem
2060 4420 2151 4487 Deus

162 4524 252 4568 suas:
276 4503 465 4587 petulanter
485 4505 525 4568 ad
549 4506 792 4588 dissipationem
813 4518 922 4573 ruunt.
958 4509 1129 4575 Pollicitus
1181 4519 1349 4589 tantopere
1382 4505 1555 4586 dilexerat,
1597 4508 1696 4571 fuisse
1729 4507 1981 4583 abominationi,
2020 4507 2152 4573 subiicit

162 4592 270 4654 fuerat
287 4612 321 4655 se
339 4589 405 4655 illis
424 4591 491 4655 iere
510 4599 649 4673 patrem:
673 4604 825 4658 recusant
843 4593 900 4657 tilii
920 4615 998 4659 esse.
1031 4594 1129 4658 Viam
1181 4593 1281 4656 fuisse
1311 4590 1410 4655 etiam
1437 4593 1585 4657 orbatum
1608 4604 1641 4657 et
1667 4593 1840 4675 spoliatum
1870 4592 2057 4673 praesentia
2079 4594 2152 4670 Dei,

164 4675 229 4740 illis
251 4677 365 4740 salutis
388 4682 644 4741 monstraverat:
670 4686 785 4759 sponte
807 4700 842 4743 sc
863 4679 898 4742 in
919 4682 1056 4744 exitium
1079 4701 1129 4745 er·
1181 4698 1264 4760 quae
1285 4677 1380 4740 unica
1403 4688 1474 4741 erat
1496 4679 1565 4743 eius
1588 4678 1736 4759 felicitas,
1758 4689 1854 4759 atque
1876 4679 1973 4741 etiam
1997 4678 2032 4741 in
2057 4679 2152 4743 malis

163 4760 266 4825 rande
288 4763 471 4844 proiiciuut.
517 4759 691 4826 Oencludit
720 4783 798 4846 erge
820 4765 998 4848 propheta,
1029 4787 1129 4848 pepu-
1181 4764 1342 4827 solatium.
1376 4761 1455 4826 Fuit
1476 4763 1578 4846 igitur
1596 4763 1675 4829 haec
1694 4763 1826 4830 Israelis
1844 4763 2024 4836 detestatio,
2049 4785 2150 4847 quum

163 4843 231 4910 lum
257 4848 344 4913 hune
362 4849 513 4912 omuibus
535 4847 672 4913 saeculis
695 4849 832 4929 impium
854 4850 953 4914 fuisse
976 4864 1008 4913 et
1030 4852 1129 4917 scele-
1181 4849 1273 4913 Deus
1302 4868 1410 4912 arcam
1439 4847 1576 4914 foederis
1604 4849 1667 4914 elio
1696 4849 1799 4932 abripi
1829 4869 1944 4931 passus
1972 4862 2031 4921 est,
2064 4851 2151 4915 acsi

162 4941 281 4996 ratum.
306 4940 415 5015 Atque
429 4935 546 4997 iterum
563 4932 744 4998 notandum
760 4944 821 5014 est,
838 4935 964 4999 nullum
982 4935 1130 5001 damnari
1181 4934 1251 5016 ipse
1274 4934 1420 5016 migrans
1443 4954 1462 4997 a
1481 4934 1610 5013 Iudaea,
1635 4935 1752 5017 populo
1772 4935 1979 4999 valediceret.
2014 4933 2151 5001 Certum

163 5019 304 5082 atrocius
333 5019 456 5082 crimen
479 5020 513 5082 iu
537 5021 683 5100 pesteris,
712 5018 775 5084 uisi
798 5021 880 5102 quod
904 5021 1050 5102 patribus
1079 5024 1128 5085 ni·
1181 5018 1312 5102 quidem
1342 5029 1391 5082 est
1420 5040 1485 5083 non
1515 5020 1613 5085 tuisse
1635 5020 1743 5084 Deum
1770 5020 1888 5085 visibili
1921 5017 2072 5103 symbolo
2105 5021 2152 5085 af·

164 5104 266 5166 mium
296 5103 418 5168 fuerint
446 5104 583 5169 similes:
618 5126 660 5169 ne
682 5126 779 5187 quem
809 5104 947 5187 decipiat
976 5127 1131 5189 perversa
1181 5107 1297 5169 lixum:
1317 5104 1371 5167 sed
1391 5106 1467 5187 quia
1485 5104 1570 5172 hane
1588 5126 1666 5171 suae
1683 5125 1757 5169 cum
1777 5105 1894 5189 populo
1912 5105 2152 5172 coniunctionis

164 5187 319 5266 imitatio,
353 5210 391 5254 ae
421 5189 449 5253 si
481 5190 586 5255 iustae
619 5191 836 5256 excusationis
869 5202 954 5256 esset
986 5191 1129 5277 clypeus.

164 5273 343 5356 Aptissima
360 5360 363 5365 Ι
380 5273 496 5340 deiude
533 5276 744 5341 similitudine
784 5274 860 5362 (qua
896 5278 994 5342 etiam
1027 5276 1158 5342 Oseas⁴
1268 5288 1297 5357 *)
1314 5306 1357 5344 ses
1375 5293 1471 5354 estere,
1489 5307 1523 5348 er
1536 5308 1643 5363 meree:
1660 5310 1695 5346 on
1713 5293 1795 5347 l‘slitc
1813 5300 1842 5348 et
1859 5293 1885 5346 le
1903 5294 1971 5347 fleur
1988 5293 2026 5348 du
2044 5295 2151 5364 penpte.
