4658 5856
1061 317 1430 385 PROLEGOMENA.

242 522 332 585 opere
353 503 492 587 profecto
521 523 555 568 se
583 506 689 587 ipsum
713 490 881 586 superabit.
926 505 1019 572 Idem
1042 506 1130 571 Bona
1159 508 1194 570 in
1213 507 1293 572 Vita
1314 506 1445 573 Caluini
1472 505 1571 592 (Opp.
1601 505 1697 570 XXI.
1731 503 1807 591 152)
1840 505 1921 569 satis
1955 504 2054 570 habet
2083 502 2127 569 ad
2157 503 2249 569 bunc

241 634 367 678 annum
389 613 565 680 editionem
590 615 695 697 ipsam
717 615 793 681 libri
814 618 946 682 referre.
992 615 1202 699 Flaoeofarto
1230 619 1363 701 rediens,
1393 618 1509 700 inquit,
1538 617 1606 682 licat
1633 617 1754 697 afflicta
1781 614 2135 693 malitiosissime,
2166 614 2251 679 mihil

240 731 343 791 tumen
361 726 399 792 de
421 726 617 806 quotidianis
638 725 798 793 laboribus
820 729 953 807 remisit,
972 728 1065 792 editis
1087 748 1171 793 corio
1193 733 1388 808 commem
1409 729 1445 793 in
1466 749 1571 793 ommes
1593 727 1739 794 Psalmos
1760 727 1993 794 commentariis
2021 727 2110 811 torpe
2138 727 2251 792 dodis-

240 837 343 916 simis,
362 837 476 919 quitus
493 837 718 918 praefationem
735 859 804 903 vere
820 841 994 920 pretiosam
1011 839 1167 904 adiunxit.
1192 837 1403 904 Pauoioribus
1422 837 1509 904 idem
1528 838 1628 903 trudit
1639 837 1798 904 (lolladon
1817 837 1907 923 (ibid.
1921 859 1949 919 p.
1963 837 2037 913 tm:
2057 837 2250 902 L’an1557

240 948 405 1013 iimitem
427 949 558 1013 lumiere
581 970 637 1014 sou
661 948 890 1014 Commemoire
918 970 975 1014 sur
1004 949 1048 1013 les
1069 949 1249 1014 Pseaames.
1294 949 1427 1030 Quibus
1457 949 1655 1013 testimoniis
1684 949 1778 1014 facilc
1805 970 1917 1014 carere
1944 969 2114 1030 possemus
2145 970 2248 1032 quum

241 1059 311 1141 ipse
335 1059 561 1144 typographus
585 1059 708 1125 librum
732 1059 847 1126 Idibus
869 1060 945 1125 lulii
968 1081 986 1125 e
1009 1059 1099 1142 prelo
1123 1059 1243 1126 exiisse
1265 1059 1306 1124 ad
1329 1060 1449 1126 calcem
1472 1059 1624 1125 editionis
1645 1060 1802 1142 principis
1825 1060 1974 1124 affirmet.

396 1169 461 1236 Hic
495 1190 584 1249 vero,
618 1171 765 1236 fortassis
798 1171 868 1253 ipso
900 1179 1014 1236 autore
1047 1169 1215 1246 suadente,
1251 1171 1302 1236 vel
1333 1171 1450 1236 saltem
1480 1171 1685 1250 connivente,
1718 1170 1884 1236 licentiam
1919 1171 2129 1253 imprimendi
2160 1172 2250 1237 hunc

241 1281 510 1346 commentarium
546 1303 654 1363 neque
687 1282 904 1364 requisiverat
931 1302 1038 1364 neque
1065 1280 1261 1346 obtinuerat.
1315 1282 1397 1347 Inde
1425 1283 1494 1347 irae
1526 1281 1668 1349 Senatus
1702 1282 1915 1365 reipublicae,
1953 1282 1993 1348 de
2022 1286 2089 1350 suis
2120 1284 2250 1370 legibue

241 1392 353 1457 stricte
386 1391 605 1459 observandis
638 1393 736 1458 anxie
771 1392 910 1471 solliciti,
944 1405 977 1456 et
1008 1391 1101 1458 facile
1134 1392 1375 1475 suspicionibus
1404 1393 1438 1457 in
1470 1392 1567 1458 huius
1598 1395 1726 1476 generis
1754 1394 1852 1459 rebus
1877 1394 2087 1478 indulgentis.
2133 1395 2189 1461 Ita
2217 1405 2250 1461 et

242 1502 432 1586 Stephanus
454 1509 488 1570 et
512 1503 673 1570 Calvinus
695 1505 765 1588 ipse
789 1524 901 1570 severe
925 1502 1086 1569 admoniti
1108 1513 1186 1569 eunt
1209 1524 1250 1568 ne
1273 1501 1350 1586 quid
1374 1503 1439 1568 telo
1463 1504 1549 1568 ultra
1571 1505 1737 1570 auderent.
1782 1504 1869 1570 Ecce
1900 1525 1982 1586 quae
2005 1507 2128 1572 habent
2151 1506 2248 1573 (lom-
2310 1576 2315 1585 ,

242 1615 393 1680 menterii
418 1615 531 1680 diurni
552 1616 593 1680 ad
617 1615 701 1680 diem
725 1616 846 1681 Martis
868 1615 918 1680 27.
936 1614 1009 1679 Iulii
1034 1614 1116 1680 1557
1141 1613 1276 1700 (Annal.
1301 1615 1393 1679 'Pom
1407 1614 1505 1679 XXI.
1524 1614 1617 1701 670):
1642 1613 1758 1678 Robert
1781 1614 1931 1680 Estiones
1947 1624 2089 1697 presente
2111 1638 2173 1682 une
2193 1620 2247 1682 im-

233 1727 382 1807 pressino
403 1728 490 1810 durrp
514 1725 593 1791 liare
614 1728 667 1792 des
684 1733 923 1812 commentupres
945 1747 1002 1792 sur
1023 1727 1067 1792 les
1083 1746 1234 1809 psaomas
1255 1726 1294 1790 de
1316 1724 1427 1791 David
1449 1746 1602 1808 oomposes
1621 1745 1683 1806 por
1704 1725 1750 1789 Μ.
1767 1724 1878 1791 Cabrim
1899 1727 1954 1808 qui
1977 1727 2031 1810 lup
2053 1729 2138 1794 croit
2159 1729 2249 1795 badia

242 1839 280 1904 de
299 1839 390 1920 folles
412 1859 448 1903 m
469 1837 563 1920 folles
582 1860 664 1920 pour
686 1845 797 1905 mactra
817 1860 855 1903 m
876 1840 1077 1920 impressiore:
1098 1838 1175 1903 donc
1196 1859 1216 1920 y
1238 1837 1266 1901 le
1287 1857 1368 1901 mous
1383 1843 1530 1918 presente
1552 1842 1687 1920 mpvout
1707 1837 1735 1902 le
1756 1837 1830 1902 tons
1851 1838 1943 1904 odeis
1964 1844 1991 1904 ct
2012 1840 2138 1905 uouloir
2158 1841 2249 1907 dudit

242 1949 290 2014 M.
316 1947 430 2016 Calvio
453 1998 620 2015 ......
666 1951 698 2014 Α
720 1956 780 2016 estc
802 1955 919 2015 arreste
948 1969 1030 2030 prom
1059 1955 1202 2014 commem
1231 1968 1297 2013 aaa
1329 1947 1395 2013 Srs.
1426 1949 1464 2013 dc
1490 1948 1524 2012 la
1552 1948 1800 2031 Mapscnmufoe
1828 1954 1856 2013 et
1884 1947 2035 2016 Beruard
2059 1970 2144 2032 pour
2173 1951 2248 2017 oller

240 2067 363 2126 bouoer
392 2061 467 2127 ledit
496 2062 550 2144 Sp.
584 2061 696 2128 Calvio
721 2082 806 2145 pour
829 2060 1038 2125 ladoertirde
1060 2053 1278 2140 remissique
1300 2058 1383 2124 oooit
1399 2064 1545 2140 presente
1567 2059 1639 2124 ledit
1661 2060 1739 2124 licre
1761 2081 1838 2125 sors
1861 2063 1951 2127 avoir
1972 2068 2174 2128 mammem
2196 2064 2246 2128 de·

241 2174 342 2255 clayre
360 2194 380 2237 a
398 2174 496 2255 quade
513 2175 559 2254 fio
578 2179 605 2237 et
622 2195 679 2255 que
697 2174 775 2255 affin
797 2193 855 2255 pue
878 2173 922 2238 les
943 2171 1147 2252 imprimeurs
1169 2173 1304 2235 timuerit
1324 2191 1390 2252 mm
1413 2172 1506 2235 ordre
1527 2171 1602 2254 lump
1623 2192 1739 2237 comme
1761 2173 1876 2237 loultre
1900 2222 2059 2238 ......
2084 2174 2129 2237 Et
2151 2174 2247 2240 biduo

243 2296 316 2369 poet
339 2286 359 2349 l.
383 2285 402 2350 l.
427 2305 457 2367 p.
482 2285 563 2349 671:
591 2285 704 2352 Robert
725 2284 883 2350 Estimme.
931 2282 994 2349 Sar
1016 2303 1047 2349 oe
1068 2302 1150 2366 quom
1173 2284 1256 2348 auoit
1277 2282 1376 2345 doum
1397 2281 1508 2366 cbcrpe
1529 2283 1566 2348 de
1582 2283 1694 2365 partor
1715 2306 1736 2349 o
1759 2284 1806 2349 M.
1833 2283 1945 2349 cotom
1967 2284 2086 2349 turbant
2113 2285 2142 2348 le
2170 2285 2247 2351 tiore

241 2399 295 2463 des
325 2395 565 2462 Commentcires
593 2398 638 2463 du
660 2397 798 2462 Saudicr
825 2397 980 2477 preteriit
1004 2393 1161 2458 Roberto
1183 2394 1428 2472 imprimesams
1450 2393 1576 2458 liceum:
1599 2400 1699 2459 estam
1722 2395 1850 2477 ouyela
1877 2395 2011 2459 relation
2042 2400 2162 2460 arreste
2192 2419 2247 2478 que

240 2509 449 2575 doresmuvant
470 2529 510 2574 on
532 2511 705 2574 advertisse
725 2508 798 2571 ledit
812 2506 926 2570 Robert
948 2507 985 2569 de
1005 2505 1170 2585 imprimar
1186 2523 1248 2567 riom
1271 2522 1348 2566 sans
1365 2503 1476 2568 licente
1493 2523 1579 2585 poor
1595 2503 1735 2570 obseroer
1754 2505 1857 2570 lordra
1875 2510 1902 2568 et
1920 2525 2001 2584 quom
2019 2507 2090 2587 face
2109 2507 2247 2588 appeller

240 2621 285 2686 los
306 2621 509 2702 imprimeurs
528 2639 612 2700 pour
633 2619 701 2682 tear
722 2621 908 2681 remmistrer
929 2615 1020 2678 aussi
1041 2612 1113 2677 cela.

395 2731 522 2795 Ultima
546 2729 616 2794 vica
638 2728 759 2792 mentio
783 2729 820 2791 fit
844 2728 941 2791 huius
964 2724 1070 2808 operis
1091 2724 1126 2788 in
1150 2723 1319 2788 'Pheeuuro
1342 2735 1453 2790 nostro
1476 2725 1506 2787 N
1511 2777 1515 2787 .
1530 2726 1625 2791 2744.
1649 2748 1760 2791 mense
1784 2727 1918 2792 Octobri
1933 2726 2025 2803 1557,
2050 2729 2084 2791 in
2107 2729 2243 2811 epistola

242 2838 282 2904 ad
305 2840 533 2906 Utenhovium
558 2840 688 2921 scripta,
712 2859 794 2921 quae
818 2856 927 2903 tamen
953 2837 1006 2905 hic
1028 2839 1110 2904 citra
1133 2836 1289 2899 damnum
1313 2837 1483 2916 praeteriri
1506 2849 1622 2918 potest.
