4658 5856
160 338 224 406 809
918 340 1135 409 psannios
1157 338 1393 407 LXXXVIII.
2093 337 2165 404 810

164 527 213 592 13.
237 527 292 592 Aa
319 532 513 611 cognoscam
539 527 727 594 intenebris
747 529 889 596 mirabile
908 535 1011 610 taam,
1040 536 1067 595 et
1088 531 1136 596 ia·
1276 529 1326 595 15.
1367 529 1484 612 thnid
1513 529 1629 596 Iebaca
1660 530 1848 611 repredicbis
1878 530 2020 596 animam
2051 549 2161 607 meam,

161 614 252 679 stitia
272 617 337 693 tae,
365 613 504 681 interra
529 614 716 681 mbiaionm?
758 616 808 681 14.
831 615 901 699 Epo
922 621 1023 681 anton
1045 617 1136 683 edic
1188 615 1352 682 abscondes
1382 616 1495 697 faciem
1527 621 1615 682 Inane
1646 637 1666 681 e
1696 615 1768 682 me?
1820 616 1870 681 16.
1900 615 1973 699 Epo
2005 617 2103 682 miser
2135 619 2162 682 et

163 699 278 765 Ieboaa
299 698 601 776 ermamenarii
622 701 721 767 oratio
743 721 811 767 mea
828 703 1007 785 praesecuiet
1028 707 1064 767 te.
1187 702 1392 767 moribundus
1419 723 1439 765 a
1463 703 1613 785 punitio,
1641 702 1701 766 tabi
1727 708 1859 768 tornes
1887 707 1955 767 beas
1982 701 2161 768 dubitando.

1189 788 1240 852 17.
1265 786 1368 868 Super
1389 807 1437 852 me
1454 789 1649 853 transirent
1664 789 1790 870 furores
1807 788 1863 864 ini,
1884 788 2073 869 formidines
2090 793 2162 852 tnae

251 873 301 937 11.
329 869 398 957 (An
426 873 580 954 matteis.)
632 870 804 959 Significat
836 873 888 940 his
918 873 1034 953 verbis,
1071 875 1134 940 nisi
1187 873 1366 940 acidenent
1393 893 1450 938 me.
1496 874 1546 939 18.
1572 872 1850 940 Circumdederunt
1877 893 1924 939 mo
1952 874 2033 939 sient
2061 893 2162 956 aquae

162 957 312 1024 celeriter
334 958 465 1024 festinet
483 958 575 1026 Dens
593 959 634 1025 ed
656 979 750 1042 opem
774 959 951 1039 ferendam,
974 982 1039 1026 non
1058 982 1135 1027 ven·
1187 959 1338 1042 qnotidie,
1364 959 1525 1024 amount
1552 980 1600 1023 me
1619 959 1732 1037 ,sinat
1785 959 1836 1025 19.
1866 958 2037 1025 Rernocisti
2062 980 2084 1024 c
2112 978 2162 1023 me

164 1055 276 1109 turum
316 1045 348 1109 in
383 1053 545 1129 temporo:
586 1044 662 1129 quia
694 1046 751 1111 vix
784 1047 948 1111 tantillum
982 1067 1001 1111 a
1031 1057 1136 1113 morte
1188 1046 1323 1111 emnam
1345 1050 1373 1109 et
1394 1045 1522 1123 sedam,
1545 1046 1723 1127 familiares
1744 1045 1806 1110 ma
1826 1044 2006 1131 tamar)

164 1129 271 1208 distet,
294 1149 372 1210 ergo
393 1129 483 1195 huno
500 1150 572 1197 esse
589 1140 770 1196 extremum
790 1132 974 1209 articulum,
997 1133 1024 1197 si
1043 1133 1136 1199 Deus

165 1236 241 1280 eum
274 1215 388 1281 invare
419 1216 515 1294 velit,
557 1217 632 1300 quia
665 1217 800 1299 posthac
830 1218 969 1283 cessabit
1001 1221 1135 1284 occasio.
1275 1218 1325 1283 15.
1348 1217 1409 1304 (Ut
1436 1217 1514 1300 qnid
1537 1216 1676 1303 Idaeae.)
1720 1216 1881 1299 Quamvis
1908 1217 2158 1283 lamentationes

164 1300 304 1381 Quaerit
332 1322 409 1386 ergo
437 1322 604 1385 quousque
637 1301 768 1367 differre
796 1304 874 1368 velit
896 1303 998 1381 Deus,
1028 1325 1068 1369 au
1100 1315 1135 1369 ut
1188 1306 1269 1370 istae
1299 1305 1404 1387 primo
1433 1305 1556 1369 intuitu
1585 1325 1764 1368 moerorem
1798 1304 1918 1388 absque
1949 1303 2017 1369 ullo
2045 1302 2159 1368 solatIo

162 1397 310 1452 mortuos
340 1388 497 1453 miraculo
526 1389 654 1453 excitet.
700 1387 897 1472 Quanquam
928 1403 1037 1455 autem
1060 1411 1135 1474 pro·
1187 1411 1266 1474 prae
1288 1411 1323 1455 εε
1345 1391 1460 1467 ferant,
1484 1391 1652 1456 continent
1670 1401 1779 1455 tamen
1798 1392 1832 1454 in
1851 1410 1886 1455 se
1905 1390 2020 1456 tacitas
2038 1408 2160 1471 preces.

164 1471 265 1555 pheta
291 1471 330 1536 de
361 1473 476 1538 ultima
505 1475 741 1540 resurrectione
769 1496 835 1540 non
869 1476 1021 1558 loquitur,
1053 1499 1136 1559 quas
1188 1477 1302 1559 Neque
1324 1478 1412 1541 enim
1433 1476 1571 1560 superbe
1593 1497 1667 1541 cum
1690 1475 1762 1542 Deo
1784 1476 1900 1561 litigat,
1930 1474 1987 1541 sed
2009 1473 2163 1539 flebiliter

164 1558 311 1640 superior
339 1559 401 1623 erit
430 1558 562 1642 reliquis
592 1560 745 1626 omnibus
775 1561 953 1639 miraculis,
987 1565 1136 1628 excusari
1188 1562 1284 1626 malis
1325 1563 1393 1626 suis
1426 1570 1561 1645 exoptat
1594 1562 1788 1642 remedium,
1830 1571 1929 1644 atque
1962 1561 2023 1626 hoc
2057 1580 2161 1643 genus

164 1659 276 1708 tamen
297 1665 364 1707 non
386 1652 495 1727 potest
513 1665 675 1726 excessus,
697 1648 775 1728 quia
799 1649 868 1712 Deo
890 1659 1019 1731 tempus
1042 1669 1135 1731 prae·
1187 1648 1409 1730 querimoniae
1432 1647 1549 1711 merito
1572 1648 1660 1712 inter
1675 1647 1816 1730 gemitus
1833 1645 2069 1713 inenarrabiles
2087 1665 2160 1709 cen·

164 1729 306 1796 scribere
335 1743 483 1794 nostrum
513 1751 578 1795 non
607 1740 657 1796 εει
678 1733 804 1798 ferendi
826 1733 956 1798 auxilii:
988 1734 1064 1816 quia
1085 1735 1135 1799 in·
1188 1733 1253 1798 seri
1280 1730 1384 1811 debet,
1418 1753 1557 1814 quorum
1587 1733 1736 1796 meminit
1768 1733 1892 1798 Paulus
1920 1732 1961 1797 ad
1990 1732 2161 1796 Romanos

164 1816 282 1880 iuriam
312 1814 450 1880 facimus
478 1818 548 1883 eius
578 1820 750 1899 potentiae,
780 1819 842 1884 nisi
871 1819 1044 1884 statuimus
1067 1829 1135 1884 tam
1188 1818 1294 1901 capite
1316 1819 1346 1896 8,
1371 1839 1468 1883 versu
1490 1819 1541 1882 26.
1586 1816 1654 1882 Nec
1678 1838 1753 1882 vero
1777 1821 1803 1883 si
1828 1826 1975 1902 putasset
1993 1816 2161 1899 Propheta

162 1900 257 1968 facile
279 1901 309 1966 ei
331 1920 412 1978 esse,
435 1900 572 1967 reddere
595 1904 696 1968 vitam
720 1904 865 1982 mortuis,
889 1925 984 1986 qnam
1008 1914 1136 1969 mature
1188 1925 1223 1970 se
1241 1904 1350 1986 respui
1369 1915 1402 1969 et
1417 1904 1653 1969 abominationi
1669 1923 1748 1986 esse,
1773 1904 1894 1969 orando
1909 1912 2160 1986 perseverasset,

162 2007 342 2063 occurrere,
371 1995 404 2051 et
434 1996 643 2054 antevertere
672 1990 826 2054 ultimum
861 1989 1047 2055 discrimen.
1092 1992 1136 2055 Et
1189 2011 1302 2055 verum
1326 1991 1434 2055 carnis
1456 2010 1597 2067 sensnm,
1627 1989 1680 2055 oui
1704 1989 1832 2054 fortiter
1853 1990 2084 2066 reluctabatur,
2107 1987 2162 2051 hio

161 2083 250 2138 certe
280 2072 356 2137 talis
386 2093 515 2156 semper
537 2074 600 2139 fuit
621 2086 808 2141 sanctorum
831 2077 1023 2152 emetientis,
1053 2098 1135 2160 qnae
1189 2076 1222 2139 in
1253 2076 1397 2142 medium
1425 2075 1587 2159 proponit,
1617 2083 1654 2138 ut
1684 2077 1812 2159 reipsa
1835 2074 1977 2153 tandem,
2001 2084 2034 2140 et
2057 2073 2160 2136 mani·

162 2159 271 2222 carnis
303 2158 528 2224 infirmitatem
563 2159 670 2242 aliqua
703 2160 736 2224 in
770 2170 862 2242 parte
896 2163 1064 2244 reciperet,
1099 2171 1136 2226 ut
1188 2162 1270 2227 festo
1309 2163 1427 2228 effectu
1466 2168 1638 2244 appareat,
1680 2182 1745 2225 non
1777 2160 1901 2227 flustra
1934 2181 2008 2226 oum
2041 2178 2159 2224 orasse.

163 2245 262 2310 etiam
292 2246 326 2307 in
352 2245 431 2327 ipsis
454 2245 631 2311 virtutibus
654 2245 738 2329 quod
761 2246 832 2310 vitii
855 2246 1032 2311 admistum
1055 2259 1136 2326 erat,
1189 2248 1278 2331 Ergo
1300 2247 1449 2330 quamvis
1468 2247 1522 2312 hio
1539 2246 1691 2312 Psalmus
1709 2268 1774 2311 non
1793 2247 1963 2313 claudatur
1980 2245 2161 2330 gratiarum

163 2349 296 2396 neccsse
335 2331 435 2395 fuerit
475 2341 614 2414 paterna
647 2331 708 2396 Dei
751 2331 955 2415 indulgentie
994 2334 1135 2399 tolerari.
1189 2333 1323 2412 actione,
1353 2331 1409 2399 sed
1439 2333 1474 2396 in
1496 2330 1740 2397 lamentabilem
1763 2333 2000 2415 querimoniam
2023 2330 2159 2406 desinat,

162 2418 254 2482 Dum
284 2417 411 2499 quaerit
438 2438 480 2482 an
503 2418 539 2482 in
558 2417 699 2499 sepulcra
719 2417 902 2482 narrabitur
924 2417 989 2483 Dei
1009 2418 1137 2500 bonitas,
1189 2439 1226 2484 ac
1248 2420 1277 2484 si
1299 2418 1409 2485 nullus
1431 2427 1571 2483 restaret
1592 2422 1717 2502 gratiae
1739 2418 1840 2499 locus,
1863 2441 1900 2482 eo
1920 2418 2031 2483 utilior
2052 2428 2102 2480 est
2121 2414 2162 2481 ad

163 2523 230 2567 non
253 2502 407 2586 intelligit
430 2512 574 2568 mortuos
592 2524 704 2568 carere
722 2524 829 2582 sensu,
852 2503 908 2568 sed
928 2507 1137 2588 prosequitur
1189 2525 1250 2569 nos
1278 2505 1314 2569 in
1343 2505 1498 2588 precandi
1528 2505 1633 2570 officio
1655 2505 1859 2569 retinendos:
1889 2506 1966 2587 quia
1986 2514 2074 2569 certe
2098 2522 2162 2564 non

163 2585 249 2670 quod
281 2588 348 2652 iam
381 2599 458 2654 ante
492 2589 636 2666 dixerat,
675 2590 779 2672 magis
812 2600 1032 2674 opportunum
1066 2612 1136 2657 esse
1189 2589 1314 2656 destitit
1339 2590 1506 2675 prophete,
1536 2591 1677 2674 gemitus
1700 2590 1760 2656 hos
1786 2593 1820 2654 in
1843 2589 1907 2655 Dei
1929 2590 2040 2655 sinum
2064 2587 2161 2671 depo·

164 2672 346 2738 auxiliandi
376 2683 506 2756 tempus
529 2675 606 2739 dum
629 2673 777 2739 homines
799 2676 833 2738 in
856 2676 1007 2758 periculis
1030 2677 1137 2743 adhuc
1189 2696 1281 2751 nens,
1305 2696 1435 2761 sperare
1458 2696 1555 2759 quam
1578 2696 1643 2741 non
1666 2676 1797 2741 videbat
1819 2676 1975 2741 salutem:
1999 2673 2162 2757 quianon

163 2759 350 2835 clamitant,
391 2779 488 2842 quam
527 2761 555 2825 si
588 2774 732 2825 mortuos
766 2781 784 2825 e
816 2762 974 2843 sepulcris
1007 2764 1135 2829 excitet.
1190 2762 1320 2827 vocavit
1352 2763 1446 2827 initio
1475 2761 1584 2826 Deum
1618 2761 1734 2827 salutis
1762 2781 1858 2843 suae,
1891 2773 1928 2826 ut
1957 2761 2018 2825 sibi
2049 2769 2163 2843 postea

164 2844 365 2910 Rationatur
392 2853 501 2910 autem
530 2866 572 2911 ex
601 2847 765 2910 communi
797 2867 902 2927 more,
935 2848 1012 2930 quia
1046 2848 1136 2914 Deus
1188 2847 1272 2912 nihil
1303 2847 1342 2911 de
1371 2866 1409 2912 εο
1431 2848 1647 2930 promitteret.
1692 2847 1762 2913 (lar
1784 2869 1863 2912 vero
1887 2868 1921 2913 εε
1943 2845 2163 2911 nnibnndnm

164 2930 281 2995 solitus
302 2951 370 2995 non
392 2939 478 2996 esset
499 2939 645 2997 mortuos
667 2933 856 3015 esepnloris
875 2942 973 2997 testes
991 2953 1028 2998 ao
1046 2956 1136 3017 prae·
1188 2955 1208 2998 a
1227 2953 1328 3015 puero
1349 2933 1448 2997 fuisse
1471 2931 1558 2997 dicat
1579 2932 1741 2997 incertum
1764 2943 1823 3010 est,
1851 2934 1915 2996 nisi
1938 2931 2024 3014 quod
2047 2931 2163 3012 proba·

164 3037 262 3082 conos
283 3036 362 3082 suae
380 3016 536 3082 bonitatis
553 3017 739 3100 producere.
773 3018 890 3082 Fidem
909 3017 972 3081 Dei
991 3022 1136 3085 annectit
1187 3019 1298 3083 biliter
1326 3018 1487 3083 coniicere
1517 3016 1593 3082 licet
1622 3018 1721 3083 luisse
1751 3016 1865 3082 multis
1899 3017 2004 3082 modis
2037 3015 2164 3079 duriter

165 3101 375 3167 clementiae:
399 3103 476 3184 quia
499 3104 625 3186 quoties
643 3125 776 3169 suornm
796 3104 951 3168 liberator
969 3116 1018 3168 eet
1037 3104 1136 3184 Deus,
1187 3104 1422 3182 examinatum,
1452 3122 1490 3167 ao
1519 3103 1548 3167 si
1576 3103 1645 3167 eius
1674 3104 1743 3170 vita
1773 3103 1861 3167 inter
1889 3103 1998 3168 varias
2022 3098 2163 3183 trepida·

165 3209 200 3252 εε
239 3189 275 3253 in
314 3188 583 3270 promissionibus
624 3209 773 3255 veracem
814 3190 914 3254 fuisse
954 3191 1134 3256 coufirmat.
1189 3191 1294 3255 tiones
1323 3210 1361 3255 ao
1390 3199 1496 3254 metus
1525 3187 1621 3253 afile
1643 3187 1812 3272 penderet.
1855 3187 1952 3254 Unde
1974 3187 2074 3252 etiem
2096 3185 2163 3249 ool-

165 3272 268 3339 Porro
297 3273 338 3337 ad
367 3275 623 3357 promittendum
656 3295 722 3340 non
761 3274 892 3340 aliunde
920 3296 1015 3357 quam
1046 3297 1136 3342 mera
1188 3274 1331 3359 ligimus,
1358 3275 1484 3340 furores
1507 3273 1571 3338 Dei
1600 3284 1634 3338 ot
1656 3273 1855 3354 formidines,
1884 3272 1924 3340 do
1946 3273 2062 3356 quibus
2084 3291 2161 3337 con·

165 3381 225 3426 sua
247 3359 391 3425 bonitate
412 3359 588 3426 inducitur.
623 3361 718 3443 Quod
737 3383 815 3426 vero
837 3368 904 3426 tam
923 3359 1020 3425 fidem
1039 3383 1135 3445 quam
1189 3362 1282 3426 tinuo
1303 3371 1376 3444 post
1398 3361 1551 3443 loquitur,
1583 3382 1647 3424 non
1672 3359 1785 3444 exigui
1809 3368 1938 3425 tentum
1960 3359 2059 3424 fuisse
2082 3366 2164 3422 tem-

166 3445 357 3524 bonitatem,
379 3445 536 3511 virtutem
561 3458 594 3511 ει
615 3447 772 3512 iustitiam
796 3448 830 3511 in
854 3455 941 3510 terra
963 3445 1136 3513 oblivionis
1187 3448 1295 3530 poris:
1332 3445 1429 3529 idque
1462 3446 1619 3530 exprimit
1651 3467 1711 3528 per
1743 3466 1855 3512 vocem
1889 3445 2034 3528 qnotidie.
2089 3443 2162 3507 Iam

164 3532 316 3614 cognosci
346 3540 453 3616 negat,
481 3552 651 3615 perperam
674 3533 810 3597 trahunt
832 3532 981 3597 homines
1003 3533 1137 3599 fanatici
1188 3553 1288 3615 quum
1318 3533 1401 3597 nihil
1424 3534 1530 3616 magis
1552 3530 1709 3597 horribile
1732 3533 1785 3616 sit,
1816 3552 1915 3615 quam
1937 3529 2045 3595 Deum
2069 3526 2165 3593 nobis

164 3616 378 3683 adorassem
405 3638 559 3697 emerem,
580 3618 681 3701 quasi
708 3628 811 3683 morte
842 3618 1049 3683 abolerentur
1078 3618 1136 3685 ho·
1188 3618 1352 3684 infensum
1382 3619 1559 3702 concipere,
1589 3638 1655 3682 non
1680 3617 1738 3682 abs
1760 3637 1796 3681 re
1818 3617 1939 3683 diaria
1962 3616 2162 3680 anxietatem

164 3702 285 3769 mines:
315 3704 393 3787 quia
420 3713 551 3768 tantum
581 3703 711 3770 disserit
740 3703 779 3769 de
812 3703 906 3768 modo
929 3704 1061 3769 iuvandi
1085 3726 1136 3770 or·
1188 3725 1282 3769 suam
1296 3714 1474 3788 comparat.
1503 3702 1593 3768 Hinc
1610 3704 1709 3767 etiam
1727 3702 1892 3768 dubitatio:
1913 3703 1989 3784 quia
2006 3701 2077 3765 fieri
2096 3719 2163 3763 non

164 3787 308 3854 dinario:
343 3789 420 3871 quia
450 3787 543 3855 Deus
574 3789 733 3856 mundum
765 3789 854 3856 hunc
883 3791 989 3854 instar
1017 3790 1137 3856 theatri
1189 3791 1293 3873 potuit
1319 3791 1398 3872 quin
1421 3790 1492 3855 eius
1514 3789 1661 3853 animum
1685 3787 1756 3854 dira
1777 3787 2004 3872 inquietudine
2024 3786 2164 3850 iactaret

165 3894 238 3941 esso
260 3872 374 3955 voluit,
402 3872 443 3939 ad
462 3876 614 3959 gratiam,
642 3896 706 3959 qua
727 3876 934 3960 prosequitur
956 3875 1137 3941 humanum
1189 3877 1258 3940 irae
1285 3875 1348 3940 Dei
1381 3897 1506 3942 sensns.
1552 3873 1732 3956 Quaeritur
1762 3883 1873 3939 tamen
1900 3871 2061 3957 quomodo
2084 3868 2163 3934 fidei

164 3980 282 4046 genus,
302 3958 601 4027 demonstrandam.
1189 3961 1372 4026 consentiat
1404 3961 1585 4040 vacillatio,
1619 3969 1652 4025 et
1680 3968 1768 4025 certe
1798 3959 1854 4024 ubi
1883 3959 1958 4042 quis
1988 3955 2166 4040 perplexus

253 4045 303 4111 14.
325 4043 409 4131 (Epa
431 4049 534 4112 eman
554 4048 597 4113 ad
617 4045 668 4134 ιε.)
700 4045 862 4127 Quamvis
884 4047 992 4130 aliqua
1010 4054 1139 4129 pertur-
1189 4047 1304 4112 haeret
1326 4068 1362 4113 aa
1386 4046 1513 4125 dubins,
1538 4047 1603 4111 imo
1625 4045 1690 4112 huo
1709 4056 1741 4111 et
1759 4045 1838 4111 illuc
1855 4046 2010 4130 agitatur,
2031 4041 2165 4110 videtur

165 4130 254 4196 batia
286 4130 446 4196 fueritin
476 4133 654 4216 prophetae
681 4133 803 4214 verbis,
836 4153 934 4216 quam
966 4131 1138 4199 confessus
1188 4131 1341 4216 absorpta
1379 4153 1451 4199 ease
1483 4131 1574 4198 fides.
1631 4129 1698 4197 Sed
1731 4131 1933 4214 experientia
1964 4148 2026 4194 uos
2059 4128 2163 4205 docet,

167 4236 241 4282 sum
261 4216 414 4281 vitiosam
443 4217 560 4282 fuisse:
590 4217 651 4282 hoo
673 4228 783 4283 tamen
806 4239 899 4285 rarae
919 4218 995 4283 fidei
1019 4228 1051 4282 ει
1073 4219 1138 4301 pie·
1189 4217 1297 4294 fidem,
1320 4215 1396 4283 dum
1420 4219 1601 4283 fluctuatur
1622 4216 1658 4281 in
1680 4216 1734 4282 his
1756 4216 2002 4302 agitationibus,
2024 4212 2163 4281 subinde

166 4296 246 4367 taba
267 4301 400 4386 signum
422 4301 494 4382 init,
523 4323 693 4384 nunquam
716 4302 872 4370 desistere
894 4301 1041 4370 astudio
1064 4324 1137 4386 prs-
1190 4314 1299 4369 tamen
1342 4323 1513 4387 resurgere
1553 4324 1594 4368 ne
1627 4311 1811 4387 mergatur,
1851 4302 1938 4387 quod
1971 4302 2000 4366 si
2031 4296 2161 4382 quando

166 4385 273 4453 candi.
317 4387 403 4457 Nam
425 4387 486 4454 hoo
507 4408 605 4453 sensu
629 4387 706 4454 dicit
727 4410 762 4454 se
783 4410 875 4457 mane
893 4390 1074 4472 festinasse:
1095 4409 1138 4454 ne
1188 4391 1379 4473 suffocatur,
1407 4390 1510 4454 foveri
1540 4396 1649 4454 tamen
1680 4387 1918 4466 absconditam,
1952 4385 2030 4469 quia
2059 4405 2162 4468 quan·

166 4480 321 4556 putemus
348 4470 437 4537 lente
465 4481 499 4537 et
526 4470 646 4558 frigide
672 4474 774 4540 inisse
799 4483 1005 4553 cunctatum,
1036 4473 1137 4541 donec
1188 4476 1313 4541 tumvis
1340 4475 1516 4559 insurgant
1542 4474 1714 4558 procellae,
1743 4474 1893 4559 clypeum
1925 4483 2035 4536 tamen
2066 4471 2161 4535 illum

166 4566 299 4643 cogeret
321 4557 438 4623 ultima
459 4560 645 4626 necessitas.
688 4560 838 4627 Modesto
860 4566 970 4626 autem
994 4560 1046 4624 his
1066 4582 1138 4626 ver·
1189 4561 1335 4644 opponit,
1358 4559 1466 4625 Deum
1495 4580 1628 4626 manere
1659 4560 1799 4638 fidelem,
1830 4568 1866 4624 ut
1895 4578 1970 4624 suos
1994 4575 2161 4640 nunquam

167 4644 218 4710 bis
246 4642 409 4721 admouet,
441 4663 507 4709 non
536 4644 660 4711 tactum
688 4666 759 4712 esse
786 4668 846 4713 sua
873 4647 1007 4731 pigritia
1036 4655 1074 4710 nt
1103 4647 1137 4711 in
1189 4647 1377 4729 frustretur,
1400 4645 1451 4713 vel
1475 4645 1610 4712 deeerm.

170 4728 336 4796 diuturnis
357 4727 452 4796 malis
473 4729 687 4813 contabuerit,
709 4750 747 4798 ao
768 4732 797 4798 si
820 4734 927 4800 Deum
950 4751 1017 4797 uon
1039 4752 1138 4815 quae·

168 4816 284 4882 siisset.
316 4816 427 4964 Atque
448 4816 635 4900 exemplum
657 4817 717 4884 hoo
734 4818 768 4882 in
786 4819 901 4901 primIs
918 4825 968 4883 est
985 4817 1139 4901 notabile,
1277 4849 1306 4919 s)
1336 4867 1393 4905 mes
1424 4850 1554 4905 amitere
1585 4858 1648 4905 sont
1678 4850 1819 4918 anseres,
1854 4865 1889 4903 en
1921 4862 2030 4916 mm:
2065 4864 2100 4902 ou
2131 4863 2165 4902 ,θ

168 4923 210 4967 ne
232 4899 357 4986 despon
380 4920 493 4969 samm
515 4903 651 4986 animos,
673 4903 701 4969 si
718 4903 848 4986 quando
865 4923 978 4988 preces
999 4910 1140 4987 nostras,
1191 4920 1312 4974 saneim

167 4987 246 5053 licet
265 4985 470 5054 voluntarias
498 4998 532 5054 et
557 4988 715 5070 assiduas,
742 4990 909 5073 contingat
931 4999 1041 5054 teman
1064 5009 1141 5073 pro·

164 5074 395 5141 mmmm.
