<?xml version="1.0" encoding="UTF-8"?>
<!DOCTYPE html PUBLIC "-//W3C//DTD XHTML 1.0 Transitional//EN"
    "http://www.w3.org/TR/xhtml1/DTD/xhtml1-transitional.dtd">
<html xmlns="http://www.w3.org/1999/xhtml" xml:lang="en" lang="en">
 <head>
  <title>
</title>
<meta http-equiv="Content-Type" content="text/html;charset=utf-8" />
  <meta name='ocr-system' content='tesseract 3.04.00' />
  <meta name='ocr-capabilities' content='ocr_page ocr_carea ocr_par ocr_line ocrx_word'/>
</head>
<body>
  <div class='ocr_page' id='page_1' title='image "./corpusreformato05melagoog_0095.png"; bbox 0 0 4658 5856; ppageno 0'>
   <div class='ocr_carea' id='block_1_1' title="bbox 117 350 2116 426">
    <p class='ocr_par' dir='ltr' id='par_1_1' title="bbox 117 350 2116 426">
     <span class='ocr_line' id='line_1_1' title="bbox 117 350 2116 426; baseline 0.005 -10"><span class='ocrx_word' id='word_1_1' title='bbox 117 352 181 417; x_wconf 79' lang='lat'><strong>165</strong></span> <span class='ocrx_word' id='word_1_2' title='bbox 940 350 1154 420; x_wconf 73' lang='lat' dir='ltr'><strong>Psanites</strong></span> <span class='ocrx_word' id='word_1_3' title='bbox 1176 352 1303 419; x_wconf 68' lang='lat' dir='ltr'>XVII..</span> <span class='ocrx_word' id='word_1_4' title='bbox 2055 362 2116 426; x_wconf 89' lang='lat'><strong>166</strong></span> 
     </span>
    </p>
   </div>
   <div class='ocr_carea' id='block_1_2' title="bbox 113 538 2115 2833">
    <p class='ocr_par' dir='ltr' id='par_1_2' title="bbox 113 538 2114 1732">
     <span class='ocr_line' id='line_1_2' title="bbox 114 538 2113 628; baseline 0.003 -23"><span class='ocrx_word' id='word_1_5' title='bbox 114 539 156 605; x_wconf 86' lang='lat' dir='ltr'><strong>ad</strong></span> <span class='ocrx_word' id='word_1_6' title='bbox 179 538 463 624; x_wconf 87' lang='lat' dir='ltr'><strong>prosternendum.</strong></span> <span class='ocrx_word' id='word_1_7' title='bbox 486 538 571 603; x_wconf 85' lang='lat' dir='ltr'><strong>Nam</strong></span> <span class='ocrx_word' id='word_1_8' title='bbox 595 539 696 621; x_wconf 90' lang='lat' dir='ltr'><strong>impii,</strong></span> <span class='ocrx_word' id='word_1_9' title='bbox 720 539 812 620; x_wconf 89' lang='lat' dir='ltr'><strong>quasi</strong></span> <span class='ocrx_word' id='word_1_10' title='bbox 835 546 943 603; x_wconf 88' lang='lat' dir='ltr'><strong>stante</strong></span> <span class='ocrx_word' id='word_1_11' title='bbox 965 538 1088 604; x_wconf 90' lang='lat' dir='ltr'><strong>mundo</strong></span> <span class='ocrx_word' id='word_1_12' title='bbox 1139 550 1295 606; x_wconf 89' lang='lat' dir='ltr'><strong>oontexo:</strong></span> <span class='ocrx_word' id='word_1_13' title='bbox 1317 539 1460 605; x_wconf 89' lang='lat' dir='ltr'><strong>Domine</strong></span> <span class='ocrx_word' id='word_1_14' title='bbox 1484 538 1611 605; x_wconf 84' lang='lat' dir='ltr'><strong>vindioa</strong></span> <span class='ocrx_word' id='word_1_15' title='bbox 1631 560 1683 605; x_wconf 90' lang='lat' dir='ltr'><strong>me</strong></span> <span class='ocrx_word' id='word_1_16' title='bbox 1703 551 1881 619; x_wconf 90' lang='lat' dir='ltr'><strong>tuamanu,</strong></span> <span class='ocrx_word' id='word_1_17' title='bbox 1907 544 2113 628; x_wconf 88' lang='lat' dir='ltr'><strong>velopeooo·</strong></span> 
     </span>
     <span class='ocr_line' id='line_1_3' title="bbox 115 623 2113 714; baseline 0.004 -24"><span class='ocrx_word' id='word_1_18' title='bbox 115 626 178 691; x_wconf 87' lang='lat' dir='ltr'><strong>sibi</strong></span> <span class='ocrx_word' id='word_1_19' title='bbox 200 623 372 690; x_wconf 90' lang='lat' dir='ltr'><strong>oonoidere</strong></span> <span class='ocrx_word' id='word_1_20' title='bbox 390 644 520 690; x_wconf 89' lang='lat' dir='ltr'><strong>neeesse</strong></span> <span class='ocrx_word' id='word_1_21' title='bbox 543 633 637 701; x_wconf 88' lang='lat' dir='ltr'><strong>esset,</strong></span> <span class='ocrx_word' id='word_1_22' title='bbox 661 635 764 688; x_wconf 93' lang='lat' dir='ltr'><strong>totum</strong></span> <span class='ocrx_word' id='word_1_23' title='bbox 785 624 966 688; x_wconf 89' lang='lat' dir='ltr'><strong>humanum</strong></span> <span class='ocrx_word' id='word_1_24' title='bbox 986 645 1089 706; x_wconf 85' lang='lat' dir='ltr'><strong>genus</strong></span> <span class='ocrx_word' id='word_1_25' title='bbox 1139 625 1223 703; x_wconf 90' lang='lat' dir='ltr'><strong>lesti,</strong></span> <span class='ocrx_word' id='word_1_26' title='bbox 1257 645 1276 688; x_wconf 89' lang='lat' dir='ltr'><strong>a</strong></span> <span class='ocrx_word' id='word_1_27' title='bbox 1310 625 1400 703; x_wconf 82' lang='lat' dir='ltr'><strong>viris,</strong></span> <span class='ocrx_word' id='word_1_28' title='bbox 1440 647 1459 690; x_wconf 90' lang='lat' dir='ltr'><strong>a</strong></span> <span class='ocrx_word' id='word_1_29' title='bbox 1492 625 1573 690; x_wconf 82' lang='lat' dir='ltr'><strong>viris</strong></span> <span class='ocrx_word' id='word_1_30' title='bbox 1606 626 1748 708; x_wconf 88' lang='lat' dir='ltr'><strong>inquam,</strong></span> <span class='ocrx_word' id='word_1_31' title='bbox 1788 648 1926 708; x_wconf 93' lang='lat' dir='ltr'><strong>quornm</strong></span> <span class='ocrx_word' id='word_1_32' title='bbox 1963 634 2113 714; x_wconf 85' lang='lat' dir='ltr'><strong>tyrannis</strong></span> 
     </span>
     <span class='ocr_line' id='line_1_4' title="bbox 114 707 2113 798; baseline 0.003 -24"><span class='ocrx_word' id='word_1_33' title='bbox 114 730 266 776; x_wconf 89' lang='lat' dir='ltr'><strong>eversum</strong></span> <span class='ocrx_word' id='word_1_34' title='bbox 289 718 462 792; x_wconf 84' lang='lat' dir='ltr'><strong>ouporeut:</strong></span> <span class='ocrx_word' id='word_1_35' title='bbox 491 707 627 791; x_wconf 90' lang='lat' dir='ltr'><strong>ideoque</strong></span> <span class='ocrx_word' id='word_1_36' title='bbox 656 707 697 773; x_wconf 89' lang='lat' dir='ltr'><strong>ad</strong></span> <span class='ocrx_word' id='word_1_37' title='bbox 719 730 832 773; x_wconf 91' lang='lat' dir='ltr'><strong>omnes</strong></span> <span class='ocrx_word' id='word_1_38' title='bbox 855 709 1089 791; x_wconf 81' lang='lat' dir='ltr'><strong>posternendos</strong></span> <span class='ocrx_word' id='word_1_39' title='bbox 1140 710 1239 774; x_wconf 91' lang='lat' dir='ltr'><strong>nimis</strong></span> <span class='ocrx_word' id='word_1_40' title='bbox 1262 709 1316 774; x_wconf 91' lang='lat' dir='ltr'><strong>din</strong></span> <span class='ocrx_word' id='word_1_41' title='bbox 1339 710 1456 792; x_wconf 81' lang='lat' dir='ltr'><strong>viguit,</strong></span> <span class='ocrx_word' id='word_1_42' title='bbox 1479 725 1511 773; x_wconf 93' lang='lat' dir='ltr'><strong>et</strong></span> <span class='ocrx_word' id='word_1_43' title='bbox 1534 732 1613 791; x_wconf 87' lang='lat' dir='ltr'><strong>quos</strong></span> <span class='ocrx_word' id='word_1_44' title='bbox 1637 712 1733 776; x_wconf 90' lang='lat' dir='ltr'><strong>nimis</strong></span> <span class='ocrx_word' id='word_1_45' title='bbox 1756 712 1812 776; x_wconf 91' lang='lat' dir='ltr'><strong>diu</strong></span> <span class='ocrx_word' id='word_1_46' title='bbox 1832 713 1864 777; x_wconf 94' lang='lat' dir='ltr'><strong>in</strong></span> <span class='ocrx_word' id='word_1_47' title='bbox 1888 718 2113 798; x_wconf 77' lang='lat' dir='ltr'>prosperitatis</span> 
     </span>
     <span class='ocr_line' id='line_1_5' title="bbox 115 793 2113 878; baseline 0.003 -17"><span class='ocrx_word' id='word_1_48' title='bbox 115 806 252 861; x_wconf 87' lang='lat' dir='ltr'><strong>strenuo</strong></span> <span class='ocrx_word' id='word_1_49' title='bbox 286 817 320 860; x_wconf 93' lang='lat' dir='ltr'><strong>se</strong></span> <span class='ocrx_word' id='word_1_50' title='bbox 343 807 543 876; x_wconf 86' lang='lat' dir='ltr'><strong>comparant.</strong></span> <span class='ocrx_word' id='word_1_51' title='bbox 589 793 628 858; x_wconf 90' lang='lat' dir='ltr'><strong>Id</strong></span> <span class='ocrx_word' id='word_1_52' title='bbox 661 793 877 858; x_wconf 79' lang='lat' dir='ltr'><strong>similitudine</strong></span> <span class='ocrx_word' id='word_1_53' title='bbox 911 794 1090 876; x_wconf 75' lang='lat' dir='ltr'><strong>amplificat</strong></span> <span class='ocrx_word' id='word_1_54' title='bbox 1141 815 1219 860; x_wconf 90' lang='lat' dir='ltr'><strong>suae</strong></span> <span class='ocrx_word' id='word_1_55' title='bbox 1259 793 1402 860; x_wconf 82' lang='lat' dir='ltr'><strong>iaeoibus</strong></span> <span class='ocrx_word' id='word_1_56' title='bbox 1442 796 1584 860; x_wconf 87' lang='lat' dir='ltr'><strong>residere</strong></span> <span class='ocrx_word' id='word_1_57' title='bbox 1624 816 1739 878; x_wconf 88' lang='lat' dir='ltr'><strong>passus</strong></span> <span class='ocrx_word' id='word_1_58' title='bbox 1779 819 1822 861; x_wconf 91' lang='lat' dir='ltr'><strong>es.</strong></span> <span class='ocrx_word' id='word_1_59' title='bbox 1880 799 1971 864; x_wconf 83' lang='lat' dir='ltr'><strong>Haeo</strong></span> <span class='ocrx_word' id='word_1_60' title='bbox 2004 816 2113 865; x_wconf 88' lang='lat' dir='ltr'><strong>autem</strong></span> 
     </span>
     <span class='ocr_line' id='line_1_6' title="bbox 113 878 2114 969; baseline 0.003 -23"><span class='ocrx_word' id='word_1_61' title='bbox 113 882 285 963; x_wconf 88' lang='lat' dir='ltr'><strong>proximus</strong></span> <span class='ocrx_word' id='word_1_62' title='bbox 308 901 432 958; x_wconf 85' lang='lat' dir='ltr'><strong>versus,</strong></span> <span class='ocrx_word' id='word_1_63' title='bbox 455 879 509 944; x_wconf 90' lang='lat' dir='ltr'><strong>ubi</strong></span> <span class='ocrx_word' id='word_1_64' title='bbox 532 879 686 945; x_wconf 81' lang='lat' dir='ltr'><strong>dicuntur</strong></span> <span class='ocrx_word' id='word_1_65' title='bbox 708 878 830 944; x_wconf 90' lang='lat' dir='ltr'><strong>similes</strong></span> <span class='ocrx_word' id='word_1_66' title='bbox 853 901 923 945; x_wconf 86' lang='lat' dir='ltr'><strong>esse</strong></span> <span class='ocrx_word' id='word_1_67' title='bbox 942 879 1090 944; x_wconf 90' lang='lat' dir='ltr'><strong>leonibus</strong></span> <span class='ocrx_word' id='word_1_68' title='bbox 1141 879 1291 963; x_wconf 79' lang='lat' dir='ltr'><strong>repetitio</strong></span> <span class='ocrx_word' id='word_1_69' title='bbox 1323 879 1508 961; x_wconf 76' lang='lat' dir='ltr'><strong>emphatica</strong></span> <span class='ocrx_word' id='word_1_70' title='bbox 1534 894 1600 954; x_wconf 82' lang='lat' dir='ltr'><strong>est:</strong></span> <span class='ocrx_word' id='word_1_71' title='bbox 1645 881 1722 963; x_wconf 91' lang='lat' dir='ltr'><strong>quia</strong></span> <span class='ocrx_word' id='word_1_72' title='bbox 1761 881 1870 946; x_wconf 82' lang='lat' dir='ltr'><strong>David</strong></span> <span class='ocrx_word' id='word_1_73' title='bbox 1915 884 2114 969; x_wconf 86' lang='lat' dir='ltr'><strong>indignitate</strong></span> 
     </span>
     <span class='ocr_line' id='line_1_7' title="bbox 115 962 2113 1047; baseline 0.002 -16"><span class='ocrx_word' id='word_1_74' title='bbox 115 974 150 1031; x_wconf 87' lang='lat' dir='ltr'><strong>et</strong></span> <span class='ocrx_word' id='word_1_75' title='bbox 179 965 297 1030; x_wconf 85' lang='lat' dir='ltr'><strong>natulis</strong></span> <span class='ocrx_word' id='word_1_76' title='bbox 327 967 468 1029; x_wconf 89' lang='lat' dir='ltr'><strong>leonum.</strong></span> <span class='ocrx_word' id='word_1_77' title='bbox 513 962 671 1029; x_wconf 78' lang='lat' dir='ltr'><strong>&#39;Ponenda</strong></span> <span class='ocrx_word' id='word_1_78' title='bbox 702 972 810 1028; x_wconf 87' lang='lat' dir='ltr'><strong>autom</strong></span> <span class='ocrx_word' id='word_1_79' title='bbox 842 965 900 1028; x_wconf 91' lang='lat' dir='ltr'><strong>illa</strong></span> <span class='ocrx_word' id='word_1_80' title='bbox 922 965 1006 1029; x_wconf 87' lang='lat' dir='ltr'><strong>ratio</strong></span> <span class='ocrx_word' id='word_1_81' title='bbox 1029 977 1089 1040; x_wconf 90' lang='lat' dir='ltr'><strong>est,</strong></span> <span class='ocrx_word' id='word_1_82' title='bbox 1141 975 1297 1042; x_wconf 88' lang='lat' dir='ltr'><strong>retentus,</strong></span> <span class='ocrx_word' id='word_1_83' title='bbox 1350 967 1456 1047; x_wconf 89' lang='lat' dir='ltr'><strong>primo</strong></span> <span class='ocrx_word' id='word_1_84' title='bbox 1506 966 1676 1047; x_wconf 81' lang='lat' dir='ltr'><strong>suspendit</strong></span> <span class='ocrx_word' id='word_1_85' title='bbox 1726 969 1943 1032; x_wconf 89' lang='lat' dir='ltr'><strong>sententiam:</strong></span> <span class='ocrx_word' id='word_1_86' title='bbox 1995 970 2113 1035; x_wconf 89' lang='lat' dir='ltr'><strong>deindo</strong></span> 
     </span>
     <span class='ocr_line' id='line_1_8' title="bbox 115 1048 2112 1134; baseline 0.003 -19"><span class='ocrx_word' id='word_1_87' title='bbox 115 1071 180 1134; x_wconf 92' lang='lat' dir='ltr'><strong>quo</strong></span> <span class='ocrx_word' id='word_1_88' title='bbox 209 1050 404 1116; x_wconf 87' lang='lat' dir='ltr'><strong>insolentius</strong></span> <span class='ocrx_word' id='word_1_89' title='bbox 427 1058 540 1115; x_wconf 88' lang='lat' dir='ltr'><strong>eontra</strong></span> <span class='ocrx_word' id='word_1_90' title='bbox 566 1071 627 1114; x_wconf 87' lang='lat' dir='ltr'><strong>nos</strong></span> <span class='ocrx_word' id='word_1_91' title='bbox 649 1049 802 1113; x_wconf 84' lang='lat' dir='ltr'><strong>saeviunt</strong></span> <span class='ocrx_word' id='word_1_92' title='bbox 824 1048 927 1133; x_wconf 93' lang='lat' dir='ltr'><strong>impii,</strong></span> <span class='ocrx_word' id='word_1_93' title='bbox 960 1052 1089 1133; x_wconf 93' lang='lat' dir='ltr'><strong>propio·</strong></span> <span class='ocrx_word' id='word_1_94' title='bbox 1140 1050 1426 1132; x_wconf 87' lang='lat' dir='ltr'><strong>oolleotospiritu‚</strong></span> <span class='ocrx_word' id='word_1_95' title='bbox 1449 1048 1574 1133; x_wconf 92' lang='lat' dir='ltr'><strong>quade</strong></span> <span class='ocrx_word' id='word_1_96' title='bbox 1597 1073 1631 1115; x_wconf 90' lang='lat' dir='ltr'><strong>ro</strong></span> <span class='ocrx_word' id='word_1_97' title='bbox 1654 1063 1804 1133; x_wconf 82' lang='lat' dir='ltr'><strong>angatur,</strong></span> <span class='ocrx_word' id='word_1_98' title='bbox 1828 1055 1970 1134; x_wconf 81' lang='lat' dir='ltr'><strong>exponit.</strong></span> <span class='ocrx_word' id='word_1_99' title='bbox 1996 1056 2112 1121; x_wconf 80' lang='lat' dir='ltr'><strong>Caete-</strong></span> 
     </span>
     <span class='ocr_line' id='line_1_9' title="bbox 114 1134 2111 1218; baseline 0.002 -16"><span class='ocrx_word' id='word_1_100' title='bbox 114 1158 185 1202; x_wconf 88' lang='lat' dir='ltr'><strong>rem</strong></span> <span class='ocrx_word' id='word_1_101' title='bbox 216 1134 311 1200; x_wconf 87' lang='lat' dir='ltr'><strong>nobis</strong></span> <span class='ocrx_word' id='word_1_102' title='bbox 340 1157 410 1200; x_wconf 90' lang='lat' dir='ltr'><strong>osse</strong></span> <span class='ocrx_word' id='word_1_103' title='bbox 432 1135 542 1200; x_wconf 91' lang='lat' dir='ltr'><strong>Deum</strong></span> <span class='ocrx_word' id='word_1_104' title='bbox 566 1155 699 1199; x_wconf 88' lang='lat' dir='ltr'><strong>manum</strong></span> <span class='ocrx_word' id='word_1_105' title='bbox 727 1146 896 1199; x_wconf 90' lang='lat' dir='ltr'><strong>uteorum</strong></span> <span class='ocrx_word' id='word_1_106' title='bbox 922 1136 1089 1199; x_wconf 91' lang='lat' dir='ltr'><strong>truoulen·</strong></span> <span class='ocrx_word' id='word_1_107' title='bbox 1141 1156 1212 1199; x_wconf 95' lang='lat' dir='ltr'><strong>rum</strong></span> <span class='ocrx_word' id='word_1_108' title='bbox 1237 1136 1313 1218; x_wconf 90' lang='lat' dir='ltr'><strong>qnia</strong></span> <span class='ocrx_word' id='word_1_109' title='bbox 1336 1155 1472 1199; x_wconf 90' lang='lat' dir='ltr'><strong>numero</strong></span> <span class='ocrx_word' id='word_1_110' title='bbox 1495 1135 1655 1217; x_wconf 80' lang='lat' dir='ltr'><strong>singulari</strong></span> <span class='ocrx_word' id='word_1_111' title='bbox 1677 1158 1783 1218; x_wconf 84' lang='lat' dir='ltr'><strong>nuper</strong></span> <span class='ocrx_word' id='word_1_112' title='bbox 1807 1159 1884 1202; x_wconf 91' lang='lat' dir='ltr'><strong>usus</strong></span> <span class='ocrx_word' id='word_1_113' title='bbox 1906 1141 2023 1218; x_wconf 86' lang='lat' dir='ltr'><strong>fuerat,</strong></span> <span class='ocrx_word' id='word_1_114' title='bbox 2047 1142 2111 1206; x_wconf 89' lang='lat' dir='ltr'><strong>iam</strong></span> 
     </span>
     <span class='ocr_line' id='line_1_10' title="bbox 114 1218 2113 1307; baseline 0.002 -20"><span class='ocrx_word' id='word_1_115' title='bbox 114 1223 181 1287; x_wconf 83' lang='lat' dir='ltr'><strong>tiae</strong></span> <span class='ocrx_word' id='word_1_116' title='bbox 202 1242 237 1287; x_wconf 92' lang='lat' dir='ltr'><strong>se</strong></span> <span class='ocrx_word' id='word_1_117' title='bbox 259 1231 418 1302; x_wconf 89' lang='lat' dir='ltr'><strong>opponat:</strong></span> <span class='ocrx_word' id='word_1_118' title='bbox 447 1220 539 1285; x_wconf 87' lang='lat' dir='ltr'><strong>onius</strong></span> <span class='ocrx_word' id='word_1_119' title='bbox 562 1218 643 1284; x_wconf 89' lang='lat' dir='ltr'><strong>haee</strong></span> <span class='ocrx_word' id='word_1_120' title='bbox 666 1221 797 1302; x_wconf 90' lang='lat' dir='ltr'><strong>propria</strong></span> <span class='ocrx_word' id='word_1_121' title='bbox 819 1220 892 1284; x_wconf 91' lang='lat' dir='ltr'><strong>laus</strong></span> <span class='ocrx_word' id='word_1_122' title='bbox 915 1232 973 1296; x_wconf 87' lang='lat' dir='ltr'><strong>ost,</strong></span> <span class='ocrx_word' id='word_1_123' title='bbox 1004 1220 1089 1284; x_wconf 85' lang='lat' dir='ltr'><strong>ieras</strong></span> <span class='ocrx_word' id='word_1_124' title='bbox 1141 1220 1286 1284; x_wconf 88' lang='lat' dir='ltr'><strong>deelarat</strong></span> <span class='ocrx_word' id='word_1_125' title='bbox 1320 1221 1502 1302; x_wconf 89' lang='lat' dir='ltr'><strong>oomplures</strong></span> <span class='ocrx_word' id='word_1_126' title='bbox 1538 1221 1599 1285; x_wconf 90' lang='lat' dir='ltr'><strong>sibi</strong></span> <span class='ocrx_word' id='word_1_127' title='bbox 1633 1242 1703 1286; x_wconf 90' lang='lat' dir='ltr'><strong>esso</strong></span> <span class='ocrx_word' id='word_1_128' title='bbox 1737 1222 1881 1300; x_wconf 81' lang='lat' dir='ltr'><strong>infestos,</strong></span> <span class='ocrx_word' id='word_1_129' title='bbox 1916 1236 1950 1288; x_wconf 89' lang='lat' dir='ltr'><strong>et</strong></span> <span class='ocrx_word' id='word_1_130' title='bbox 1982 1225 2113 1307; x_wconf 85' lang='lat' dir='ltr'><strong>quidem</strong></span> 
     </span>
     <span class='ocr_line' id='line_1_11' title="bbox 116 1304 2114 1393; baseline 0.003 -21"><span class='ocrx_word' id='word_1_131' title='bbox 116 1320 149 1372; x_wconf 87' lang='lat' dir='ltr'><strong>et</strong></span> <span class='ocrx_word' id='word_1_132' title='bbox 181 1307 412 1389; x_wconf 72' lang='lat' dir='ltr'><strong>sanguinarias</strong></span> <span class='ocrx_word' id='word_1_133' title='bbox 444 1304 569 1370; x_wconf 89' lang='lat' dir='ltr'><strong>belluas</strong></span> <span class='ocrx_word' id='word_1_134' title='bbox 603 1326 815 1387; x_wconf 87' lang='lat' dir='ltr'><strong>oompesoere.</strong></span> <span class='ocrx_word' id='word_1_135' title='bbox 869 1305 1000 1381; x_wconf 81' lang='lat' dir='ltr'><strong>Lustra,</strong></span> <span class='ocrx_word' id='word_1_136' title='bbox 1036 1304 1087 1370; x_wconf 85' lang='lat' dir='ltr'><strong>vel</strong></span> <span class='ocrx_word' id='word_1_137' title='bbox 1141 1304 1267 1370; x_wconf 87' lang='lat' dir='ltr'><strong>validos</strong></span> <span class='ocrx_word' id='word_1_138' title='bbox 1299 1327 1335 1369; x_wconf 90' lang='lat' dir='ltr'><strong>ao</strong></span> <span class='ocrx_word' id='word_1_139' title='bbox 1359 1315 1523 1387; x_wconf 90' lang='lat' dir='ltr'><strong>potentes:</strong></span> <span class='ocrx_word' id='word_1_140' title='bbox 1554 1314 1592 1369; x_wconf 91' lang='lat' dir='ltr'><strong>ut</strong></span> <span class='ocrx_word' id='word_1_141' title='bbox 1620 1305 1712 1370; x_wconf 88' lang='lat' dir='ltr'><strong>nulla</strong></span> <span class='ocrx_word' id='word_1_142' title='bbox 1744 1309 1805 1371; x_wconf 89' lang='lat' dir='ltr'><strong>nisi</strong></span> <span class='ocrx_word' id='word_1_143' title='bbox 1830 1330 1848 1371; x_wconf 88' lang='lat' dir='ltr'><strong>a</strong></span> <span class='ocrx_word' id='word_1_144' title='bbox 1871 1308 1934 1372; x_wconf 88' lang='lat' dir='ltr'><strong>Dei</strong></span> <span class='ocrx_word' id='word_1_145' title='bbox 1957 1330 2018 1393; x_wconf 94' lang='lat' dir='ltr'><strong>ope</strong></span> <span class='ocrx_word' id='word_1_146' title='bbox 2040 1333 2114 1393; x_wconf 89' lang='lat' dir='ltr'><strong>spes</strong></span> 
     </span>
     <span class='ocr_line' id='line_1_12' title="bbox 114 1389 2114 1477; baseline 0.002 -20"><span class='ocrx_word' id='word_1_147' title='bbox 114 1391 258 1457; x_wconf 89' lang='lat' dir='ltr'><strong>oeenltas</strong></span> <span class='ocrx_word' id='word_1_148' title='bbox 292 1391 432 1457; x_wconf 88' lang='lat' dir='ltr'><strong>latebras</strong></span> <span class='ocrx_word' id='word_1_149' title='bbox 463 1389 536 1455; x_wconf 88' lang='lat' dir='ltr'><strong>ideo</strong></span> <span class='ocrx_word' id='word_1_150' title='bbox 570 1391 729 1467; x_wconf 90' lang='lat' dir='ltr'><strong>nominat,</strong></span> <span class='ocrx_word' id='word_1_151' title='bbox 764 1392 840 1472; x_wconf 90' lang='lat' dir='ltr'><strong>quia</strong></span> <span class='ocrx_word' id='word_1_152' title='bbox 874 1390 984 1455; x_wconf 89' lang='lat' dir='ltr'><strong>hostes</strong></span> <span class='ocrx_word' id='word_1_153' title='bbox 1018 1391 1088 1454; x_wconf 93' lang='lat' dir='ltr'><strong>eins</strong></span> <span class='ocrx_word' id='word_1_154' title='bbox 1140 1391 1293 1473; x_wconf 82' lang='lat' dir='ltr'><strong>supersit.</strong></span> <span class='ocrx_word' id='word_1_155' title='bbox 1318 1389 1484 1455; x_wconf 88' lang='lat' dir='ltr'><strong>Partionla</strong></span> <span class='ocrx_word' id='word_1_156' title='bbox 1507 1411 1527 1454; x_wconf 90' lang='lat' dir='ltr'><strong>a</strong></span> <span class='ocrx_word' id='word_1_157' title='bbox 1548 1391 1686 1467; x_wconf 80' lang='lat' dir='ltr'><strong>sueonie,</strong></span> <span class='ocrx_word' id='word_1_158' title='bbox 1710 1392 1800 1456; x_wconf 87' lang='lat' dir='ltr'><strong>varie</strong></span> <span class='ocrx_word' id='word_1_159' title='bbox 1823 1396 2006 1475; x_wconf 79' lang='lat' dir='ltr'><strong>exponitur.</strong></span> <span class='ocrx_word' id='word_1_160' title='bbox 2030 1396 2114 1477; x_wconf 81' lang='lat' dir='ltr'><strong>Qui·</strong></span> 
     </span>
     <span class='ocr_line' id='line_1_13' title="bbox 116 1474 2114 1561; baseline 0.003 -21"><span class='ocrx_word' id='word_1_161' title='bbox 116 1478 217 1543; x_wconf 84' lang='lat' dir='ltr'><strong>variis</strong></span> <span class='ocrx_word' id='word_1_162' title='bbox 239 1475 390 1541; x_wconf 87' lang='lat' dir='ltr'><strong>laedendi</strong></span> <span class='ocrx_word' id='word_1_163' title='bbox 411 1475 537 1540; x_wconf 89' lang='lat' dir='ltr'><strong>artibus</strong></span> <span class='ocrx_word' id='word_1_164' title='bbox 567 1474 749 1557; x_wconf 88' lang='lat' dir='ltr'><strong>pollebant:</strong></span> <span class='ocrx_word' id='word_1_165' title='bbox 779 1488 812 1539; x_wconf 91' lang='lat' dir='ltr'><strong>et</strong></span> <span class='ocrx_word' id='word_1_166' title='bbox 833 1475 970 1540; x_wconf 86' lang='lat' dir='ltr'><strong>laoultas</strong></span> <span class='ocrx_word' id='word_1_167' title='bbox 989 1477 1087 1539; x_wconf 91' lang='lat' dir='ltr'><strong>etiam</strong></span> <span class='ocrx_word' id='word_1_168' title='bbox 1141 1475 1215 1540; x_wconf 90' lang='lat' dir='ltr'><strong>dam</strong></span> <span class='ocrx_word' id='word_1_169' title='bbox 1256 1487 1404 1540; x_wconf 89' lang='lat' dir='ltr'><strong>vertunt:</strong></span> <span class='ocrx_word' id='word_1_170' title='bbox 1446 1475 1665 1558; x_wconf 71' lang='lat' dir='ltr'><strong>Temporales,</strong></span> <span class='ocrx_word' id='word_1_171' title='bbox 1706 1496 1742 1540; x_wconf 91' lang='lat' dir='ltr'><strong>ao</strong></span> <span class='ocrx_word' id='word_1_172' title='bbox 1775 1478 1803 1541; x_wconf 88' lang='lat' dir='ltr'><strong>si</strong></span> <span class='ocrx_word' id='word_1_173' title='bbox 1837 1490 1971 1561; x_wconf 85' lang='lat' dir='ltr'><strong>negaret</strong></span> <span class='ocrx_word' id='word_1_174' title='bbox 2004 1481 2114 1545; x_wconf 80' lang='lat' dir='ltr'><strong>David</strong></span> 
     </span>
     <span class='ocr_line' id='line_1_14' title="bbox 115 1559 2114 1643; baseline 0.002 -16"><span class='ocrx_word' id='word_1_175' title='bbox 115 1563 156 1627; x_wconf 89' lang='lat' dir='ltr'><strong>ad</strong></span> <span class='ocrx_word' id='word_1_176' title='bbox 179 1581 313 1627; x_wconf 90' lang='lat' dir='ltr'><strong>manum</strong></span> <span class='ocrx_word' id='word_1_177' title='bbox 337 1570 417 1637; x_wconf 87' lang='lat' dir='ltr'><strong>erat,</strong></span> <span class='ocrx_word' id='word_1_178' title='bbox 441 1573 479 1626; x_wconf 94' lang='lat' dir='ltr'><strong>ut</strong></span> <span class='ocrx_word' id='word_1_179' title='bbox 500 1560 631 1625; x_wconf 87' lang='lat' dir='ltr'><strong>diifioile</strong></span> <span class='ocrx_word' id='word_1_180' title='bbox 654 1570 738 1624; x_wconf 87' lang='lat' dir='ltr'><strong>esset</strong></span> <span class='ocrx_word' id='word_1_181' title='bbox 762 1561 923 1625; x_wconf 88' lang='lat' dir='ltr'><strong>resistere.</strong></span> <span class='ocrx_word' id='word_1_182' title='bbox 1141 1582 1254 1625; x_wconf 92' lang='lat' dir='ltr'><strong>eorum</strong></span> <span class='ocrx_word' id='word_1_183' title='bbox 1283 1571 1404 1625; x_wconf 90' lang='lat' dir='ltr'><strong>statum</strong></span> <span class='ocrx_word' id='word_1_184' title='bbox 1436 1560 1505 1625; x_wconf 90' lang='lat' dir='ltr'><strong>foro</strong></span> <span class='ocrx_word' id='word_1_185' title='bbox 1534 1559 1733 1624; x_wconf 83' lang='lat' dir='ltr'><strong>durabilem:</strong></span> <span class='ocrx_word' id='word_1_186' title='bbox 1763 1562 1849 1643; x_wconf 92' lang='lat' dir='ltr'><strong>quod</strong></span> <span class='ocrx_word' id='word_1_187' title='bbox 1881 1566 2014 1628; x_wconf 87' lang='lat' dir='ltr'><strong>minimo</strong></span> <span class='ocrx_word' id='word_1_188' title='bbox 2038 1589 2114 1631; x_wconf 92' lang='lat' dir='ltr'><strong>oon·</strong></span> 
     </span>
     <span class='ocr_line' id='line_1_15' title="bbox 1141 1646 2113 1732; baseline 0.004 -21"><span class='ocrx_word' id='word_1_189' title='bbox 1141 1658 1333 1711; x_wconf 86' lang='lat' dir='ltr'><strong>sent-aueum</strong></span> <span class='ocrx_word' id='word_1_190' title='bbox 1355 1646 1496 1710; x_wconf 82' lang='lat' dir='ltr'><strong>videtur.</strong></span> <span class='ocrx_word' id='word_1_191' title='bbox 1522 1646 1588 1709; x_wconf 88' lang='lat' dir='ltr'><strong>Alii</strong></span> <span class='ocrx_word' id='word_1_192' title='bbox 1612 1646 1658 1710; x_wconf 90' lang='lat' dir='ltr'><strong>sie</strong></span> <span class='ocrx_word' id='word_1_193' title='bbox 1683 1648 1790 1711; x_wconf 77' lang='lat' dir='ltr'><strong>r&#39;ooari</strong></span> <span class='ocrx_word' id='word_1_194' title='bbox 1814 1657 1930 1729; x_wconf 88' lang='lat' dir='ltr'><strong>putant</strong></span> <span class='ocrx_word' id='word_1_195' title='bbox 1952 1651 2005 1731; x_wconf 91' lang='lat' dir='ltr'><strong>qni</strong></span> <span class='ocrx_word' id='word_1_196' title='bbox 2024 1653 2113 1732; x_wconf 91' lang='lat' dir='ltr'><strong>peni·</strong></span> 
     </span>
    </p>

    <p class='ocr_par' dir='ltr' id='par_1_3' title="bbox 113 1729 2113 2327">
     <span class='ocr_line' id='line_1_16' title="bbox 202 1729 2112 1815; baseline 0.002 -18"><span class='ocrx_word' id='word_1_197' title='bbox 202 1732 255 1797; x_wconf 90' lang='grc'><strong>13.</strong></span> <span class='ocrx_word' id='word_1_198' title='bbox 278 1730 379 1815; x_wconf 78' lang='lat' dir='ltr'><strong>Sorpe</strong></span> <span class='ocrx_word' id='word_1_199' title='bbox 397 1729 520 1807; x_wconf 80' lang='lat' dir='ltr'><strong>lebera,</strong></span> <span class='ocrx_word' id='word_1_200' title='bbox 534 1732 687 1810; x_wconf 79' lang='lat' dir='ltr'><strong>praeverti</strong></span> <span class='ocrx_word' id='word_1_201' title='bbox 703 1730 816 1810; x_wconf 79' lang='lat' dir='ltr'><strong>sociem</strong></span> <span class='ocrx_word' id='word_1_202' title='bbox 833 1732 912 1811; x_wconf 76' lang='lat' dir='ltr'><strong>eius,</strong></span> <span class='ocrx_word' id='word_1_203' title='bbox 925 1735 1090 1811; x_wconf 74' lang='lat' dir='ltr'><strong>praeterera</strong></span> <span class='ocrx_word' id='word_1_204' title='bbox 1143 1744 1195 1795; x_wconf 92' lang='lat' dir='ltr'><strong>tus</strong></span> <span class='ocrx_word' id='word_1_205' title='bbox 1229 1731 1349 1795; x_wconf 91' lang='lat' dir='ltr'><strong>mundo</strong></span> <span class='ocrx_word' id='word_1_206' title='bbox 1382 1739 1461 1794; x_wconf 87' lang='lat' dir='ltr'><strong>sunt</strong></span> <span class='ocrx_word' id='word_1_207' title='bbox 1494 1730 1605 1806; x_wconf 87' lang='lat' dir='ltr'><strong>dediti,</strong></span> <span class='ocrx_word' id='word_1_208' title='bbox 1647 1752 1684 1796; x_wconf 87' lang='lat' dir='ltr'><strong>ao</strong></span> <span class='ocrx_word' id='word_1_209' title='bbox 1725 1731 1808 1795; x_wconf 92' lang='lat' dir='ltr'><strong>nibil</strong></span> <span class='ocrx_word' id='word_1_210' title='bbox 1848 1733 1910 1798; x_wconf 90' lang='lat' dir='ltr'><strong>nisi</strong></span> <span class='ocrx_word' id='word_1_211' title='bbox 1947 1746 2112 1800; x_wconf 86' lang='lat' dir='ltr'><strong>terrenum</strong></span> 
     </span>
     <span class='ocr_line' id='line_1_17' title="bbox 114 1815 2112 1899; baseline 0 -15"><span class='ocrx_word' id='word_1_212' title='bbox 114 1838 201 1884; x_wconf 79' lang='lat' dir='ltr'><strong>eum:</strong></span> <span class='ocrx_word' id='word_1_213' title='bbox 222 1816 466 1898; x_wconf 77' lang='lat' dir='ltr'><strong>eripeanimam</strong></span> <span class='ocrx_word' id='word_1_214' title='bbox 483 1835 584 1880; x_wconf 85' lang='lat' dir='ltr'><strong>meam</strong></span> <span class='ocrx_word' id='word_1_215' title='bbox 601 1815 640 1878; x_wconf 88' lang='lat' dir='ltr'><strong>ab</strong></span> <span class='ocrx_word' id='word_1_216' title='bbox 657 1816 765 1895; x_wconf 80' lang='lat' dir='ltr'><strong>impio,</strong></span> <span class='ocrx_word' id='word_1_217' title='bbox 780 1815 887 1898; x_wconf 77' lang='lat' dir='ltr'><strong>plodio</strong></span> <span class='ocrx_word' id='word_1_218' title='bbox 902 1822 962 1881; x_wconf 83' lang='lat' dir='ltr'><strong>tuo.</strong></span> <span class='ocrx_word' id='word_1_219' title='bbox 989 1817 1038 1882; x_wconf 85' lang='lat'><strong>14.</strong></span> <span class='ocrx_word' id='word_1_220' title='bbox 1056 1816 1089 1880; x_wconf 77' lang='lat' dir='ltr'><strong><em>A</em></strong></span> <span class='ocrx_word' id='word_1_221' title='bbox 1141 1816 1283 1899; x_wconf 87' lang='lat' dir='ltr'><strong>sapiunt.</strong></span> <span class='ocrx_word' id='word_1_222' title='bbox 1328 1815 1443 1898; x_wconf 88' lang='lat' dir='ltr'><strong>Itaque</strong></span> <span class='ocrx_word' id='word_1_223' title='bbox 1471 1815 1648 1880; x_wconf 89' lang='lat' dir='ltr'><strong>seeundum</strong></span> <span class='ocrx_word' id='word_1_224' title='bbox 1678 1838 1734 1881; x_wconf 89' lang='lat' dir='ltr'><strong>eos</strong></span> <span class='ocrx_word' id='word_1_225' title='bbox 1764 1818 1872 1882; x_wconf 87' lang='lat' dir='ltr'><strong>David</strong></span> <span class='ocrx_word' id='word_1_226' title='bbox 1903 1819 2008 1884; x_wconf 94' lang='lat' dir='ltr'><strong>brutis</strong></span> <span class='ocrx_word' id='word_1_227' title='bbox 2041 1822 2112 1884; x_wconf 88' lang='lat' dir='ltr'><strong>ani·</strong></span> 
     </span>
     <span class='ocr_line' id='line_1_18' title="bbox 113 1899 2113 1988; baseline 0.001 -19"><span class='ocrx_word' id='word_1_228' title='bbox 113 1903 194 1970; x_wconf 68' lang='lat' dir='ltr'><strong>uiris</strong></span> <span class='ocrx_word' id='word_1_229' title='bbox 215 1922 313 1967; x_wconf 77' lang='lat' dir='ltr'><strong>amau</strong></span> <span class='ocrx_word' id='word_1_230' title='bbox 333 1907 390 1965; x_wconf 81' lang='lat' dir='ltr'><strong>tuo</strong></span> <span class='ocrx_word' id='word_1_231' title='bbox 413 1899 537 1980; x_wconf 81' lang='lat' dir='ltr'><strong>Ielrono,</strong></span> <span class='ocrx_word' id='word_1_232' title='bbox 561 1922 582 1964; x_wconf 88' lang='lat' dir='ltr'><strong>a</strong></span> <span class='ocrx_word' id='word_1_233' title='bbox 602 1901 683 1965; x_wconf 80' lang='lat' dir='ltr'><strong>viris</strong></span> <span class='ocrx_word' id='word_1_234' title='bbox 705 1902 760 1981; x_wconf 81' lang='lat' dir='ltr'><strong>qui</strong></span> <span class='ocrx_word' id='word_1_235' title='bbox 782 1905 856 1964; x_wconf 82' lang='lat' dir='ltr'><strong>suat</strong></span> <span class='ocrx_word' id='word_1_236' title='bbox 879 1901 1089 1988; x_wconf 53' lang='lat' dir='ltr'><strong>eademst)</strong></span> <span class='ocrx_word' id='word_1_237' title='bbox 1141 1900 1281 1966; x_wconf 89' lang='lat' dir='ltr'><strong>malibus</strong></span> <span class='ocrx_word' id='word_1_238' title='bbox 1313 1900 1425 1964; x_wconf 91' lang='lat' dir='ltr'><strong>hostes</strong></span> <span class='ocrx_word' id='word_1_239' title='bbox 1455 1921 1532 1966; x_wconf 89' lang='lat' dir='ltr'><strong>suos</strong></span> <span class='ocrx_word' id='word_1_240' title='bbox 1560 1910 1741 1983; x_wconf 82' lang='lat' dir='ltr'><strong>comparat:</strong></span> <span class='ocrx_word' id='word_1_241' title='bbox 1775 1911 1873 1984; x_wconf 90' lang='lat' dir='ltr'><strong>atque</strong></span> <span class='ocrx_word' id='word_1_242' title='bbox 1899 1903 1962 1969; x_wconf 92' lang='lat' dir='ltr'><strong>huo</strong></span> <span class='ocrx_word' id='word_1_243' title='bbox 1985 1927 2113 1987; x_wconf 91' lang='lat' dir='ltr'><strong>quoquo</strong></span> 
     </span>
     <span class='ocr_line' id='line_1_19' title="bbox 114 1985 2113 2072; baseline 0.001 -20"><span class='ocrx_word' id='word_1_244' title='bbox 114 2008 250 2072; x_wconf 84' lang='lat' dir='ltr'><strong>quorum</strong></span> <span class='ocrx_word' id='word_1_245' title='bbox 276 1987 382 2068; x_wconf 79' lang='lat' dir='ltr'><strong>portio</strong></span> <span class='ocrx_word' id='word_1_246' title='bbox 411 1986 518 2050; x_wconf 82' lang='lat' dir='ltr'><strong>estin</strong></span> <span class='ocrx_word' id='word_1_247' title='bbox 546 1986 620 2058; x_wconf 73' lang='lat' dir='ltr'><strong>vitra,</strong></span> <span class='ocrx_word' id='word_1_248' title='bbox 651 2006 783 2066; x_wconf 82' lang='lat' dir='ltr'><strong>qaorum</strong></span> <span class='ocrx_word' id='word_1_249' title='bbox 814 1991 950 2050; x_wconf 70' lang='lat' dir='ltr'><strong>oaorem</strong></span> <span class='ocrx_word' id='word_1_250' title='bbox 979 1987 1090 2068; x_wconf 79' lang='lat' dir='ltr'><strong>imples</strong></span> <span class='ocrx_word' id='word_1_251' title='bbox 1142 1985 1290 2050; x_wconf 79' lang='lat' dir='ltr'><strong>referunt</strong></span> <span class='ocrx_word' id='word_1_252' title='bbox 1322 1985 1405 2066; x_wconf 89' lang='lat' dir='ltr'><strong>qnod</strong></span> <span class='ocrx_word' id='word_1_253' title='bbox 1448 1987 1595 2067; x_wconf 89' lang='lat' dir='ltr'><strong>proximo</strong></span> <span class='ocrx_word' id='word_1_254' title='bbox 1628 1987 1793 2068; x_wconf 87' lang='lat' dir='ltr'><strong>sequitur:</strong></span> <span class='ocrx_word' id='word_1_255' title='bbox 1833 1988 1965 2053; x_wconf 88' lang='lat' dir='ltr'><strong>Partem</strong></span> <span class='ocrx_word' id='word_1_256' title='bbox 1999 2011 2113 2054; x_wconf 90' lang='lat' dir='ltr'><strong>eorum</strong></span> 
     </span>
     <span class='ocr_line' id='line_1_20' title="bbox 113 2070 2113 2157; baseline -0.001 -16"><span class='ocrx_word' id='word_1_257' title='bbox 113 2076 203 2141; x_wconf 80' lang='lat' dir='ltr'><strong>bortis</strong></span> <span class='ocrx_word' id='word_1_258' title='bbox 234 2074 299 2137; x_wconf 80' lang='lat' dir='ltr'><strong>tuis</strong></span> <span class='ocrx_word' id='word_1_259' title='bbox 328 2071 509 2137; x_wconf 79' lang='lat' dir='ltr'><strong>reconditis:</strong></span> <span class='ocrx_word' id='word_1_260' title='bbox 548 2074 734 2135; x_wconf 79' lang='lat' dir='ltr'><strong>saturantur</strong></span> <span class='ocrx_word' id='word_1_261' title='bbox 762 2070 835 2152; x_wconf 71' lang='lat' dir='ltr'><strong>filit,</strong></span> <span class='ocrx_word' id='word_1_262' title='bbox 868 2077 896 2136; x_wconf 84' lang='lat' dir='ltr'><strong>et</strong></span> <span class='ocrx_word' id='word_1_263' title='bbox 927 2073 1090 2136; x_wconf 76' lang='lat' dir='ltr'><strong>residuam</strong></span> <span class='ocrx_word' id='word_1_264' title='bbox 1141 2092 1211 2136; x_wconf 85' lang='lat' dir='ltr'><strong>esse</strong></span> <span class='ocrx_word' id='word_1_265' title='bbox 1234 2072 1267 2135; x_wconf 90' lang='lat' dir='ltr'><strong>in</strong></span> <span class='ocrx_word' id='word_1_266' title='bbox 1297 2074 1380 2136; x_wconf 85' lang='lat' dir='ltr'><strong>vita:</strong></span> <span class='ocrx_word' id='word_1_267' title='bbox 1411 2072 1490 2152; x_wconf 88' lang='lat' dir='ltr'><strong>quia</strong></span> <span class='ocrx_word' id='word_1_268' title='bbox 1518 2073 1641 2136; x_wconf 86' lang='lat' dir='ltr'><strong>soilioet</strong></span> <span class='ocrx_word' id='word_1_269' title='bbox 1670 2072 1787 2154; x_wconf 91' lang='lat' dir='ltr'><strong>spiritu</strong></span> <span class='ocrx_word' id='word_1_270' title='bbox 1818 2072 1924 2156; x_wconf 84' lang='lat' dir='ltr'><strong>vaoui,</strong></span> <span class='ocrx_word' id='word_1_271' title='bbox 1954 2074 2113 2157; x_wconf 90' lang='lat' dir='ltr'><strong>bonisque</strong></span> 
     </span>
     <span class='ocr_line' id='line_1_21' title="bbox 113 2155 2112 2238; baseline -0.001 -12"><span class='ocrx_word' id='word_1_272' title='bbox 113 2178 209 2226; x_wconf 80' lang='lat' dir='ltr'><strong>suum</strong></span> <span class='ocrx_word' id='word_1_273' title='bbox 230 2158 391 2224; x_wconf 69' lang='lat' dir='ltr'><strong>dimidiari</strong></span> <span class='ocrx_word' id='word_1_274' title='bbox 406 2155 558 2236; x_wconf 78' lang='lat' dir='ltr'><strong>pareatis</strong></span> <span class='ocrx_word' id='word_1_275' title='bbox 575 2156 654 2220; x_wconf 80' lang='lat' dir='ltr'><strong>stris.</strong></span> <span class='ocrx_word' id='word_1_276' title='bbox 1142 2156 1271 2221; x_wconf 89' lang='lat' dir='ltr'><strong>oaduois</strong></span> <span class='ocrx_word' id='word_1_277' title='bbox 1311 2156 1411 2230; x_wconf 90' lang='lat' dir='ltr'><strong>affixi,</strong></span> <span class='ocrx_word' id='word_1_278' title='bbox 1454 2177 1552 2238; x_wconf 89' lang='lat' dir='ltr'><strong>supra</strong></span> <span class='ocrx_word' id='word_1_279' title='bbox 1586 2155 1747 2220; x_wconf 89' lang='lat' dir='ltr'><strong>mundum</strong></span> <span class='ocrx_word' id='word_1_280' title='bbox 1781 2177 1848 2221; x_wconf 96' lang='lat' dir='ltr'><strong>non</strong></span> <span class='ocrx_word' id='word_1_281' title='bbox 1882 2161 2112 2225; x_wconf 82' lang='lat' dir='ltr'><strong>consuendum.</strong></span> 
     </span>
     <span class='ocr_line' id='line_1_22' title="bbox 1142 2240 2113 2327; baseline 0.005 -23"><span class='ocrx_word' id='word_1_282' title='bbox 1142 2241 1253 2305; x_wconf 90' lang='lat' dir='ltr'><strong>Portio</strong></span> <span class='ocrx_word' id='word_1_283' title='bbox 1275 2241 1361 2305; x_wconf 92' lang='lat' dir='ltr'><strong>enim</strong></span> <span class='ocrx_word' id='word_1_284' title='bbox 1386 2241 1542 2322; x_wconf 89' lang='lat' dir='ltr'><strong>ouiusquo</strong></span> <span class='ocrx_word' id='word_1_285' title='bbox 1564 2240 1684 2304; x_wconf 89' lang='lat' dir='ltr'><strong>dieitur</strong></span> <span class='ocrx_word' id='word_1_286' title='bbox 1718 2243 1752 2304; x_wconf 92' lang='lat' dir='ltr'><strong>iu</strong></span> <span class='ocrx_word' id='word_1_287' title='bbox 1775 2263 1838 2324; x_wconf 92' lang='lat' dir='ltr'><strong>qno</strong></span> <span class='ocrx_word' id='word_1_288' title='bbox 1861 2263 1954 2307; x_wconf 91' lang='lat' dir='ltr'><strong>suam</strong></span> <span class='ocrx_word' id='word_1_289' title='bbox 1975 2246 2113 2327; x_wconf 87' lang='lat' dir='ltr'><strong>quisque</strong></span> 
     </span>
    </p>

    <p class='ocr_par' dir='ltr' id='par_1_4' title="bbox 113 2291 2115 2833">
     <span class='ocr_line' id='line_1_23' title="bbox 201 2291 2115 2410; baseline 0.002 -18"><span class='ocrx_word' id='word_1_290' title='bbox 201 2326 276 2408; x_wconf 77' lang='lat' dir='ltr'><strong>Quo</strong></span> <span class='ocrx_word' id='word_1_291' title='bbox 315 2324 491 2392; x_wconf 89' lang='lat' dir='ltr'><strong>violentius</strong></span> <span class='ocrx_word' id='word_1_292' title='bbox 531 2324 740 2408; x_wconf 89' lang='lat' dir='ltr'><strong>premebatur</strong></span> <span class='ocrx_word' id='word_1_293' title='bbox 781 2324 899 2404; x_wconf 82' lang='lat' dir='ltr'><strong>David,</strong></span> <span class='ocrx_word' id='word_1_294' title='bbox 944 2326 1088 2390; x_wconf 91' lang='lat' dir='ltr'><strong>subitum</strong></span> <span class='ocrx_word' id='word_1_295' title='bbox 1142 2325 1327 2389; x_wconf 89' lang='lat' dir='ltr'><strong>iolioitatem</strong></span> <span class='ocrx_word' id='word_1_296' title='bbox 1341 2325 1435 2391; x_wconf 89' lang='lat' dir='ltr'><strong>looat.</strong></span> <span class='ocrx_word' id='word_1_297' title='bbox 1460 2324 1525 2391; x_wconf 86' lang='lat' dir='ltr'><strong>Sed</strong></span> <span class='ocrx_word' id='word_1_298' title='bbox 1539 2346 1639 2406; x_wconf 93' lang='lat' dir='ltr'><strong>quum</strong></span> <span class='ocrx_word' id='word_1_299' title='bbox 1663 2291 1743 2410; x_wconf 56' lang='lat' dir='ltr'><strong>*ibn</strong></span> <span class='ocrx_word' id='word_1_300' title='bbox 1762 2327 1921 2393; x_wconf 87' lang='lat' dir='ltr'><strong>Hebraeis</strong></span> <span class='ocrx_word' id='word_1_301' title='bbox 1939 2329 2115 2407; x_wconf 91' lang='lat' dir='ltr'><strong>saeeulum,</strong></span> 
     </span>
     <span class='ocr_line' id='line_1_24' title="bbox 114 2410 2113 2498; baseline 0 -19"><span class='ocrx_word' id='word_1_302' title='bbox 114 2432 179 2498; x_wconf 91' lang='lat' dir='ltr'><strong>quo</strong></span> <span class='ocrx_word' id='word_1_303' title='bbox 202 2434 244 2478; x_wconf 92' lang='lat' dir='ltr'><strong>ne</strong></span> <span class='ocrx_word' id='word_1_304' title='bbox 273 2412 336 2477; x_wconf 93' lang='lat' dir='ltr'><strong>Doi</strong></span> <span class='ocrx_word' id='word_1_305' title='bbox 366 2411 524 2475; x_wconf 90' lang='lat' dir='ltr'><strong>auxilium</strong></span> <span class='ocrx_word' id='word_1_306' title='bbox 556 2410 731 2492; x_wconf 89' lang='lat' dir='ltr'><strong>implorat:</strong></span> <span class='ocrx_word' id='word_1_307' title='bbox 764 2410 879 2492; x_wconf 83' lang='lat' dir='ltr'><strong>faeiem</strong></span> <span class='ocrx_word' id='word_1_308' title='bbox 911 2411 998 2475; x_wconf 89' lang='lat' dir='ltr'><strong>enim</strong></span> <span class='ocrx_word' id='word_1_309' title='bbox 1031 2432 1089 2493; x_wconf 91' lang='lat' dir='ltr'><strong>pro</strong></span> <span class='ocrx_word' id='word_1_310' title='bbox 1144 2410 1195 2475; x_wconf 84' lang='lat' dir='ltr'><strong>vel</strong></span> <span class='ocrx_word' id='word_1_311' title='bbox 1224 2410 1387 2475; x_wconf 89' lang='lat' dir='ltr'><strong>humanae</strong></span> <span class='ocrx_word' id='word_1_312' title='bbox 1417 2411 1504 2475; x_wconf 88' lang='lat' dir='ltr'><strong>vitae</strong></span> <span class='ocrx_word' id='word_1_313' title='bbox 1534 2432 1664 2476; x_wconf 91' lang='lat' dir='ltr'><strong>oursum</strong></span> <span class='ocrx_word' id='word_1_314' title='bbox 1697 2412 1869 2495; x_wconf 83' lang='lat' dir='ltr'><strong>signifieat,</strong></span> <span class='ocrx_word' id='word_1_315' title='bbox 1904 2435 1969 2477; x_wconf 87' lang='lat' dir='ltr'><strong>non</strong></span> <span class='ocrx_word' id='word_1_316' title='bbox 1999 2414 2113 2480; x_wconf 92' lang='lat' dir='ltr'><strong>dubito</strong></span> 
     </span>
     <span class='ocr_line' id='line_1_25' title="bbox 114 2434 2114 2582; baseline -0.001 -18"><span class='ocrx_word' id='word_1_317' title='bbox 114 2434 228 2582; x_wconf 61' lang='lat' dir='ltr'><strong>rapibo</strong></span> <span class='ocrx_word' id='word_1_318' title='bbox 257 2499 382 2579; x_wconf 85' lang='lat' dir='ltr'><strong>impetn</strong></span> <span class='ocrx_word' id='word_1_319' title='bbox 413 2496 539 2577; x_wconf 89' lang='lat' dir='ltr'><strong>aeoipit,</strong></span> <span class='ocrx_word' id='word_1_320' title='bbox 572 2494 730 2577; x_wconf 87' lang='lat' dir='ltr'><strong>adquam</strong></span> <span class='ocrx_word' id='word_1_321' title='bbox 754 2495 930 2559; x_wconf 78' lang='lat' dir='ltr'><strong>arcendum</strong></span> <span class='ocrx_word' id='word_1_322' title='bbox 958 2516 1089 2560; x_wconf 90' lang='lat' dir='ltr'><strong>summa</strong></span> <span class='ocrx_word' id='word_1_323' title='bbox 1142 2498 1219 2577; x_wconf 89' lang='lat' dir='ltr'><strong>quin</strong></span> <span class='ocrx_word' id='word_1_324' title='bbox 1252 2495 1363 2560; x_wconf 87' lang='lat' dir='ltr'><strong>David</strong></span> <span class='ocrx_word' id='word_1_325' title='bbox 1404 2505 1560 2578; x_wconf 87' lang='lat' dir='ltr'><strong>queratur</strong></span> <span class='ocrx_word' id='word_1_326' title='bbox 1592 2495 1701 2561; x_wconf 87' lang='lat' dir='ltr'><strong>hostes</strong></span> <span class='ocrx_word' id='word_1_327' title='bbox 1733 2517 1809 2562; x_wconf 88' lang='lat' dir='ltr'><strong>suos</strong></span> <span class='ocrx_word' id='word_1_328' title='bbox 1849 2498 1994 2581; x_wconf 86' lang='lat' dir='ltr'><strong>viguisse</strong></span> <span class='ocrx_word' id='word_1_329' title='bbox 2028 2501 2114 2563; x_wconf 91' lang='lat' dir='ltr'><strong>ultra</strong></span> 
     </span>
     <span class='ocr_line' id='line_1_26' title="bbox 113 2578 2113 2667; baseline -0.001 -18"><span class='ocrx_word' id='word_1_330' title='bbox 113 2584 322 2649; x_wconf 84' lang='lat' dir='ltr'><strong>festinatione</strong></span> <span class='ocrx_word' id='word_1_331' title='bbox 344 2602 425 2664; x_wconf 90' lang='lat' dir='ltr'><strong>opus</strong></span> <span class='ocrx_word' id='word_1_332' title='bbox 448 2594 527 2645; x_wconf 90' lang='lat' dir='ltr'><strong>erat.</strong></span> <span class='ocrx_word' id='word_1_333' title='bbox 552 2579 681 2660; x_wconf 79' lang='lat' dir='ltr'><strong>Quibus</strong></span> <span class='ocrx_word' id='word_1_334' title='bbox 703 2582 812 2645; x_wconf 87' lang='lat' dir='ltr'><strong>verbis</strong></span> <span class='ocrx_word' id='word_1_335' title='bbox 831 2579 925 2645; x_wconf 90' lang='lat' dir='ltr'><strong>dooot</strong></span> <span class='ocrx_word' id='word_1_336' title='bbox 942 2580 1087 2662; x_wconf 87' lang='lat' dir='ltr'><strong>spiritus,</strong></span> <span class='ocrx_word' id='word_1_337' title='bbox 1141 2582 1262 2645; x_wconf 93' lang='lat' dir='ltr'><strong>iustum</strong></span> <span class='ocrx_word' id='word_1_338' title='bbox 1287 2578 1424 2662; x_wconf 89' lang='lat' dir='ltr'><strong>tempus.</strong></span> <span class='ocrx_word' id='word_1_339' title='bbox 1465 2579 1549 2644; x_wconf 89' lang='lat' dir='ltr'><strong>Nam</strong></span> <span class='ocrx_word' id='word_1_340' title='bbox 1572 2594 1608 2644; x_wconf 89' lang='lat' dir='ltr'><strong>nt</strong></span> <span class='ocrx_word' id='word_1_341' title='bbox 1631 2580 1808 2646; x_wconf 89' lang='lat' dir='ltr'><strong>tolerabilis</strong></span> <span class='ocrx_word' id='word_1_342' title='bbox 1830 2581 1873 2647; x_wconf 88' lang='lat' dir='ltr'><strong>sit</strong></span> <span class='ocrx_word' id='word_1_343' title='bbox 1894 2581 1934 2646; x_wconf 93' lang='lat' dir='ltr'><strong>ad</strong></span> <span class='ocrx_word' id='word_1_344' title='bbox 1957 2584 2113 2667; x_wconf 86' lang='lat' dir='ltr'><strong>exiguum</strong></span> 
     </span>
     <span class='ocr_line' id='line_1_27' title="bbox 114 2664 2113 2750; baseline -0.001 -15"><span class='ocrx_word' id='word_1_345' title='bbox 114 2669 170 2735; x_wconf 91' lang='lat' dir='ltr'><strong>nbi</strong></span> <span class='ocrx_word' id='word_1_346' title='bbox 199 2669 267 2733; x_wconf 90' lang='lat' dir='ltr'><strong>iam</strong></span> <span class='ocrx_word' id='word_1_347' title='bbox 296 2687 383 2731; x_wconf 89' lang='lat' dir='ltr'><strong>mors</strong></span> <span class='ocrx_word' id='word_1_348' title='bbox 413 2687 448 2729; x_wconf 92' lang='lat' dir='ltr'><strong>se</strong></span> <span class='ocrx_word' id='word_1_349' title='bbox 471 2686 572 2748; x_wconf 91' lang='lat' dir='ltr'><strong>prope</strong></span> <span class='ocrx_word' id='word_1_350' title='bbox 594 2674 749 2744; x_wconf 89' lang='lat' dir='ltr'><strong>ostentat,</strong></span> <span class='ocrx_word' id='word_1_351' title='bbox 780 2664 888 2730; x_wconf 92' lang='lat' dir='ltr'><strong>Deum</strong></span> <span class='ocrx_word' id='word_1_352' title='bbox 912 2668 1089 2749; x_wconf 88' lang='lat' dir='ltr'><strong>praesenti·</strong></span> <span class='ocrx_word' id='word_1_353' title='bbox 1142 2676 1271 2748; x_wconf 89' lang='lat' dir='ltr'><strong>tompus</strong></span> <span class='ocrx_word' id='word_1_354' title='bbox 1293 2666 1468 2747; x_wconf 91' lang='lat' dir='ltr'><strong>impiorum</strong></span> <span class='ocrx_word' id='word_1_355' title='bbox 1491 2666 1664 2748; x_wconf 88' lang='lat' dir='ltr'><strong>protervia,</strong></span> <span class='ocrx_word' id='word_1_356' title='bbox 1688 2687 1742 2730; x_wconf 91' lang='lat' dir='ltr'><strong>eos</strong></span> <span class='ocrx_word' id='word_1_357' title='bbox 1760 2680 1878 2750; x_wconf 88' lang='lat' dir='ltr'><strong>tamen,</strong></span> <span class='ocrx_word' id='word_1_358' title='bbox 1903 2668 1978 2731; x_wconf 92' lang='lat' dir='ltr'><strong>dum</strong></span> <span class='ocrx_word' id='word_1_359' title='bbox 1998 2680 2113 2734; x_wconf 90' lang='lat' dir='ltr'><strong>eontra</strong></span> 
     </span>
     <span class='ocr_line' id='line_1_28' title="bbox 115 2750 2112 2833; baseline -0.002 -13"><span class='ocrx_word' id='word_1_360' title='bbox 115 2755 177 2820; x_wconf 88' lang='lat' dir='ltr'><strong>bus</strong></span> <span class='ocrx_word' id='word_1_361' title='bbox 197 2751 352 2818; x_wconf 87' lang='lat' dir='ltr'><strong>remediis</strong></span> <span class='ocrx_word' id='word_1_362' title='bbox 375 2771 445 2816; x_wconf 89' lang='lat' dir='ltr'><strong>esse</strong></span> <span class='ocrx_word' id='word_1_363' title='bbox 467 2751 675 2826; x_wconf 84' lang='lat' dir='ltr'><strong>instructum,</strong></span> <span class='ocrx_word' id='word_1_364' title='bbox 698 2772 781 2833; x_wconf 87' lang='lat' dir='ltr'><strong>quae</strong></span> <span class='ocrx_word' id='word_1_365' title='bbox 799 2758 965 2815; x_wconf 91' lang='lat' dir='ltr'><strong>momento</strong></span> <span class='ocrx_word' id='word_1_366' title='bbox 984 2752 1087 2815; x_wconf 91' lang='lat' dir='ltr'><strong>inter·</strong></span> <span class='ocrx_word' id='word_1_367' title='bbox 1141 2750 1251 2815; x_wconf 88' lang='lat' dir='ltr'><strong>Deum</strong></span> <span class='ocrx_word' id='word_1_368' title='bbox 1286 2751 1476 2826; x_wconf 79' lang='lat' dir='ltr'><strong>lasciviunt,</strong></span> <span class='ocrx_word' id='word_1_369' title='bbox 1511 2751 1645 2815; x_wconf 87' lang='lat' dir='ltr'><strong>stabiles</strong></span> <span class='ocrx_word' id='word_1_370' title='bbox 1680 2772 1811 2815; x_wconf 90' lang='lat' dir='ltr'><strong>manere</strong></span> <span class='ocrx_word' id='word_1_371' title='bbox 1841 2752 2019 2817; x_wconf 90' lang='lat' dir='ltr'><strong>absurdum</strong></span> <span class='ocrx_word' id='word_1_372' title='bbox 2055 2770 2112 2818; x_wconf 85' lang='lat' dir='ltr'><strong>ost.</strong></span> 
     </span>
    </p>
   </div>
   <div class='ocr_carea' id='block_1_3' title="bbox 113 2834 2113 2986">
    <p class='ocr_par' dir='ltr' id='par_1_5' title="bbox 113 2834 2113 2986">
     <span class='ocr_line' id='line_1_29' title="bbox 113 2834 2113 2986; baseline 0.001 -84"><span class='ocrx_word' id='word_1_373' title='bbox 113 2858 238 2921; x_wconf 86' lang='lat' dir='ltr'><strong>ponere</strong></span> <span class='ocrx_word' id='word_1_374' title='bbox 256 2836 389 2986; x_wconf 64' lang='lat' dir='ltr'><strong>poterit.</strong></span> <span class='ocrx_word' id='word_1_375' title='bbox 415 2835 485 2900; x_wconf 91' lang='lat' dir='ltr'><strong>Nee</strong></span> <span class='ocrx_word' id='word_1_376' title='bbox 508 2846 636 2900; x_wconf 89' lang='lat' dir='ltr'><strong>tantum</strong></span> <span class='ocrx_word' id='word_1_377' title='bbox 660 2834 819 2899; x_wconf 88' lang='lat' dir='ltr'><strong>liberandi</strong></span> <span class='ocrx_word' id='word_1_378' title='bbox 843 2846 952 2917; x_wconf 86' lang='lat' dir='ltr'><strong>partes</strong></span> <span class='ocrx_word' id='word_1_379' title='bbox 975 2835 1089 2900; x_wconf 90' lang='lat' dir='ltr'><strong>tribuit</strong></span> <span class='ocrx_word' id='word_1_380' title='bbox 1142 2840 1252 2917; x_wconf 83' lang='lat' dir='ltr'><strong>Atque</strong></span> <span class='ocrx_word' id='word_1_381' title='bbox 1281 2837 1368 2900; x_wconf 91' lang='lat' dir='ltr'><strong>huno</strong></span> <span class='ocrx_word' id='word_1_382' title='bbox 1396 2857 1528 2900; x_wconf 88' lang='lat' dir='ltr'><strong>sensum</strong></span> <span class='ocrx_word' id='word_1_383' title='bbox 1557 2838 1729 2900; x_wconf 91' lang='lat' dir='ltr'><strong>oonfirmat</strong></span> <span class='ocrx_word' id='word_1_384' title='bbox 1757 2838 1954 2919; x_wconf 86' lang='lat' dir='ltr'><strong>praepositio</strong></span> <span class='ocrx_word' id='word_1_385' title='bbox 1984 2852 2026 2949; x_wconf 66' lang='lat' dir='ltr'><strong>p)</strong></span> <span class='ocrx_word' id='word_1_386' title='bbox 2049 2860 2113 2921; x_wconf 89' lang='lat' dir='ltr'><strong>qua</strong></span> 
     </span>
    </p>
   </div>
   <div class='ocr_carea' id='block_1_4' title="bbox 108 2920 2118 5366">
    <p class='ocr_par' dir='ltr' id='par_1_6' title="bbox 108 2920 2115 5127">
     <span class='ocr_line' id='line_1_30' title="bbox 113 2920 2114 3004; baseline 0 -16"><span class='ocrx_word' id='word_1_387' title='bbox 113 2923 196 3002; x_wconf 89' lang='lat' dir='ltr'><strong>Deo,</strong></span> <span class='ocrx_word' id='word_1_388' title='bbox 219 2943 254 2988; x_wconf 91' lang='lat' dir='ltr'><strong>se</strong></span> <span class='ocrx_word' id='word_1_389' title='bbox 299 2921 339 2985; x_wconf 91' lang='lat' dir='ltr'><strong>ad</strong></span> <span class='ocrx_word' id='word_1_390' title='bbox 361 2921 479 3003; x_wconf 89' lang='lat' dir='ltr'><strong>impios</strong></span> <span class='ocrx_word' id='word_1_391' title='bbox 500 2921 712 2986; x_wconf 87' lang='lat' dir='ltr'><strong>oonterendos</strong></span> <span class='ocrx_word' id='word_1_392' title='bbox 734 2920 831 2985; x_wconf 91' lang='lat' dir='ltr'><strong>simul</strong></span> <span class='ocrx_word' id='word_1_393' title='bbox 852 2930 1087 3001; x_wconf 88' lang='lat' dir='ltr'><strong>armatpoten·</strong></span> <span class='ocrx_word' id='word_1_394' title='bbox 1142 2923 1296 3002; x_wconf 86' lang='lat' dir='ltr'><strong>exprimit</strong></span> <span class='ocrx_word' id='word_1_395' title='bbox 1318 2920 1437 3000; x_wconf 87' lang='lat' dir='ltr'><strong>David,</strong></span> <span class='ocrx_word' id='word_1_396' title='bbox 1467 2943 1531 2984; x_wconf 88' lang='lat' dir='ltr'><strong>non</strong></span> <span class='ocrx_word' id='word_1_397' title='bbox 1556 2943 1575 2984; x_wconf 90' lang='lat' dir='ltr'><strong>a</strong></span> <span class='ocrx_word' id='word_1_398' title='bbox 1597 2920 1705 2985; x_wconf 86' lang='lat' dir='ltr'><strong>triduo</strong></span> <span class='ocrx_word' id='word_1_399' title='bbox 1736 2922 1903 3000; x_wconf 82' lang='lat' dir='ltr'><strong>duntaxat,</strong></span> <span class='ocrx_word' id='word_1_400' title='bbox 1933 2938 1985 2987; x_wconf 87' lang='lat' dir='ltr'><strong>vet</strong></span> <span class='ocrx_word' id='word_1_401' title='bbox 2009 2945 2114 3004; x_wconf 89' lang='lat' dir='ltr'><strong>nupor</strong></span> 
     </span>
     <span class='ocr_line' id='line_1_31' title="bbox 114 3005 2114 3089; baseline 0 -16"><span class='ocrx_word' id='word_1_402' title='bbox 114 3010 170 3073; x_wconf 85' lang='lat' dir='ltr'><strong>tia.</strong></span> <span class='ocrx_word' id='word_1_403' title='bbox 216 3006 414 3089; x_wconf 77' lang='lat' dir='ltr'><strong>Quanquam</strong></span> <span class='ocrx_word' id='word_1_404' title='bbox 437 3026 548 3070; x_wconf 91' lang='lat' dir='ltr'><strong>eorum</strong></span> <span class='ocrx_word' id='word_1_405' title='bbox 573 3005 785 3070; x_wconf 88' lang='lat' dir='ltr'><strong>deiootionem</strong></span> <span class='ocrx_word' id='word_1_406' title='bbox 809 3025 876 3069; x_wconf 92' lang='lat' dir='ltr'><strong>nou</strong></span> <span class='ocrx_word' id='word_1_407' title='bbox 900 3016 1001 3088; x_wconf 86' lang='lat' dir='ltr'><strong>optat,</strong></span> <span class='ocrx_word' id='word_1_408' title='bbox 1025 3007 1088 3070; x_wconf 91' lang='lat' dir='ltr'><strong>nisi</strong></span> <span class='ocrx_word' id='word_1_409' title='bbox 1142 3007 1321 3080; x_wconf 88' lang='lat' dir='ltr'><strong>emersisse,</strong></span> <span class='ocrx_word' id='word_1_410' title='bbox 1345 3005 1401 3070; x_wconf 90' lang='lat' dir='ltr'><strong>sod</strong></span> <span class='ocrx_word' id='word_1_411' title='bbox 1424 3006 1490 3069; x_wconf 90' lang='lat' dir='ltr'><strong>iam</strong></span> <span class='ocrx_word' id='word_1_412' title='bbox 1514 3027 1532 3068; x_wconf 87' lang='lat' dir='ltr'><strong>a</strong></span> <span class='ocrx_word' id='word_1_413' title='bbox 1554 3007 1684 3071; x_wconf 87' lang='lat' dir='ltr'><strong>saooulo</strong></span> <span class='ocrx_word' id='word_1_414' title='bbox 1707 3006 1840 3072; x_wconf 86' lang='lat' dir='ltr'><strong>durasse</strong></span> <span class='ocrx_word' id='word_1_415' title='bbox 1871 3028 1982 3071; x_wconf 87' lang='lat' dir='ltr'><strong>eorum</strong></span> <span class='ocrx_word' id='word_1_416' title='bbox 2014 3008 2114 3074; x_wconf 86' lang='lat' dir='ltr'><strong>ielioi·</strong></span> 
     </span>
     <span class='ocr_line' id='line_1_32' title="bbox 114 3090 2114 3176; baseline 0 -18"><span class='ocrx_word' id='word_1_417' title='bbox 114 3104 276 3176; x_wconf 88' lang='lat' dir='ltr'><strong>quatenus</strong></span> <span class='ocrx_word' id='word_1_418' title='bbox 296 3091 464 3156; x_wconf 93' lang='lat' dir='ltr'><strong>humiliari</strong></span> <span class='ocrx_word' id='word_1_419' title='bbox 488 3111 620 3156; x_wconf 90' lang='lat' dir='ltr'><strong>neeesse</strong></span> <span class='ocrx_word' id='word_1_420' title='bbox 638 3092 709 3170; x_wconf 83' lang='lat' dir='ltr'><strong>fuit,</strong></span> <span class='ocrx_word' id='word_1_421' title='bbox 733 3104 770 3154; x_wconf 92' lang='lat' dir='ltr'><strong>ut</strong></span> <span class='ocrx_word' id='word_1_422' title='bbox 793 3109 812 3154; x_wconf 91' lang='lat' dir='ltr'><strong>a</strong></span> <span class='ocrx_word' id='word_1_423' title='bbox 834 3090 1000 3156; x_wconf 87' lang='lat' dir='ltr'><strong>malefioiis</strong></span> <span class='ocrx_word' id='word_1_424' title='bbox 1023 3112 1088 3156; x_wconf 88' lang='lat' dir='ltr'><strong>ees·</strong></span> <span class='ocrx_word' id='word_1_425' title='bbox 1143 3099 1253 3167; x_wconf 85' lang='lat' dir='ltr'><strong>tatem,</strong></span> <span class='ocrx_word' id='word_1_426' title='bbox 1287 3112 1382 3172; x_wconf 86' lang='lat' dir='ltr'><strong>quam</strong></span> <span class='ocrx_word' id='word_1_427' title='bbox 1418 3101 1583 3154; x_wconf 89' lang='lat' dir='ltr'><strong>momento</strong></span> <span class='ocrx_word' id='word_1_428' title='bbox 1617 3110 1811 3156; x_wconf 88' lang='lat' dir='ltr'><strong>evanesoere</strong></span> <span class='ocrx_word' id='word_1_429' title='bbox 1844 3096 1995 3171; x_wconf 86' lang='lat' dir='ltr'><strong>oportuit.</strong></span> <span class='ocrx_word' id='word_1_430' title='bbox 2041 3094 2114 3158; x_wconf 90' lang='lat' dir='ltr'><strong>Nisi</strong></span> 
     </span>
     <span class='ocr_line' id='line_1_33' title="bbox 114 3174 2114 3258; baseline -0.001 -14"><span class='ocrx_word' id='word_1_431' title='bbox 114 3184 241 3245; x_wconf 82' lang='lat' dir='ltr'><strong>serent:</strong></span> <span class='ocrx_word' id='word_1_432' title='bbox 265 3174 537 3258; x_wconf 82' lang='lat' dir='ltr'><strong>quemadmodum</strong></span> <span class='ocrx_word' id='word_1_433' title='bbox 561 3176 774 3257; x_wconf 90' lang='lat' dir='ltr'><strong>exsequenti</strong></span> <span class='ocrx_word' id='word_1_434' title='bbox 798 3176 943 3239; x_wconf 90' lang='lat' dir='ltr'><strong>membro</strong></span> <span class='ocrx_word' id='word_1_435' title='bbox 966 3175 1087 3258; x_wconf 81' lang='lat' dir='ltr'><strong>colligi·</strong></span> <span class='ocrx_word' id='word_1_436' title='bbox 1141 3175 1394 3240; x_wconf 84' lang='lat' dir='ltr'><strong>forteasaooulo</strong></span> <span class='ocrx_word' id='word_1_437' title='bbox 1417 3196 1471 3239; x_wconf 90' lang='lat' dir='ltr'><strong>eos</strong></span> <span class='ocrx_word' id='word_1_438' title='bbox 1494 3176 1689 3252; x_wconf 87' lang='lat' dir='ltr'><strong>denominat,</strong></span> <span class='ocrx_word' id='word_1_439' title='bbox 1712 3178 1788 3256; x_wconf 89' lang='lat' dir='ltr'><strong>qnia</strong></span> <span class='ocrx_word' id='word_1_440' title='bbox 1810 3197 1919 3239; x_wconf 88' lang='lat' dir='ltr'><strong>rernm</strong></span> <span class='ocrx_word' id='word_1_441' title='bbox 1943 3179 2114 3257; x_wconf 91' lang='lat' dir='ltr'><strong>potiuntur</strong></span> 
     </span>
     <span class='ocr_line' id='line_1_34' title="bbox 114 3259 2112 3343; baseline -0.001 -15"><span class='ocrx_word' id='word_1_442' title='bbox 114 3284 200 3343; x_wconf 90' lang='lat' dir='ltr'><strong>mus,</strong></span> <span class='ocrx_word' id='word_1_443' title='bbox 220 3262 276 3328; x_wconf 93' lang='lat' dir='ltr'><strong>ubi</strong></span> <span class='ocrx_word' id='word_1_444' title='bbox 299 3261 417 3325; x_wconf 91' lang='lat' dir='ltr'><strong>iterum</strong></span> <span class='ocrx_word' id='word_1_445' title='bbox 438 3261 580 3342; x_wconf 90' lang='lat' dir='ltr'><strong>postulat</strong></span> <span class='ocrx_word' id='word_1_446' title='bbox 602 3262 744 3324; x_wconf 88' lang='lat' dir='ltr'><strong>animam</strong></span> <span class='ocrx_word' id='word_1_447' title='bbox 768 3281 861 3324; x_wconf 88' lang='lat' dir='ltr'><strong>suam</strong></span> <span class='ocrx_word' id='word_1_448' title='bbox 873 3261 971 3342; x_wconf 92' lang='lat' dir='ltr'><strong>eripi:</strong></span> <span class='ocrx_word' id='word_1_449' title='bbox 994 3261 1089 3327; x_wconf 89' lang='lat' dir='ltr'><strong>faeile</strong></span> <span class='ocrx_word' id='word_1_450' title='bbox 1141 3263 1227 3324; x_wconf 91' lang='lat' dir='ltr'><strong>inter</strong></span> <span class='ocrx_word' id='word_1_451' title='bbox 1250 3261 1406 3336; x_wconf 91' lang='lat' dir='ltr'><strong>homines,</strong></span> <span class='ocrx_word' id='word_1_452' title='bbox 1435 3259 1614 3325; x_wconf 90' lang='lat' dir='ltr'><strong>honoribus</strong></span> <span class='ocrx_word' id='word_1_453' title='bbox 1636 3272 1669 3323; x_wconf 89' lang='lat' dir='ltr'><strong>et</strong></span> <span class='ocrx_word' id='word_1_454' title='bbox 1691 3261 1791 3341; x_wconf 91' lang='lat' dir='ltr'><strong>eopiis</strong></span> <span class='ocrx_word' id='word_1_455' title='bbox 1810 3261 1993 3324; x_wconf 83' lang='lat' dir='ltr'><strong>exsultant:</strong></span> <span class='ocrx_word' id='word_1_456' title='bbox 2025 3283 2063 3326; x_wconf 90' lang='lat' dir='ltr'><strong>ae</strong></span> <span class='ocrx_word' id='word_1_457' title='bbox 2086 3266 2112 3327; x_wconf 92' lang='lat' dir='ltr'><strong>si</strong></span> 
     </span>
     <span class='ocr_line' id='line_1_35' title="bbox 114 3344 2112 3430; baseline -0.001 -17"><span class='ocrx_word' id='word_1_458' title='bbox 114 3349 204 3413; x_wconf 89' lang='lat' dir='ltr'><strong>enim</strong></span> <span class='ocrx_word' id='word_1_459' title='bbox 233 3366 350 3430; x_wconf 88' lang='lat' dir='ltr'><strong>passus</strong></span> <span class='ocrx_word' id='word_1_460' title='bbox 378 3356 462 3410; x_wconf 89' lang='lat' dir='ltr'><strong>esset</strong></span> <span class='ocrx_word' id='word_1_461' title='bbox 483 3347 633 3427; x_wconf 81' lang='lat' dir='ltr'><strong>integros</strong></span> <span class='ocrx_word' id='word_1_462' title='bbox 655 3356 752 3421; x_wconf 89' lang='lat' dir='ltr'><strong>stare,</strong></span> <span class='ocrx_word' id='word_1_463' title='bbox 783 3346 846 3409; x_wconf 89' lang='lat' dir='ltr'><strong>nisi</strong></span> <span class='ocrx_word' id='word_1_464' title='bbox 870 3346 996 3409; x_wconf 82' lang='lat' dir='ltr'><strong>&#39;viribus</strong></span> <span class='ocrx_word' id='word_1_465' title='bbox 1020 3347 1089 3411; x_wconf 90' lang='lat' dir='ltr'><strong>suis</strong></span> <span class='ocrx_word' id='word_1_466' title='bbox 1141 3348 1173 3407; x_wconf 92' lang='lat' dir='ltr'><strong>iu</strong></span> <span class='ocrx_word' id='word_1_467' title='bbox 1204 3366 1315 3409; x_wconf 88' lang='lat' dir='ltr'><strong>eorum</strong></span> <span class='ocrx_word' id='word_1_468' title='bbox 1349 3353 1478 3408; x_wconf 87' lang='lat' dir='ltr'><strong>tautum</strong></span> <span class='ocrx_word' id='word_1_469' title='bbox 1509 3344 1649 3427; x_wconf 84' lang='lat' dir='ltr'><strong>gratiam</strong></span> <span class='ocrx_word' id='word_1_470' title='bbox 1680 3345 1831 3410; x_wconf 75' lang='lat' dir='ltr'><strong>conditus</strong></span> <span class='ocrx_word' id='word_1_471' title='bbox 1853 3359 1938 3409; x_wconf 81' lang='lat' dir='ltr'><strong>esset·</strong></span> <span class='ocrx_word' id='word_1_472' title='bbox 1960 3346 2112 3412; x_wconf 87' lang='lat' dir='ltr'><strong>mundns.</strong></span> 
     </span>
     <span class='ocr_line' id='line_1_36' title="bbox 115 3428 2113 3513; baseline -0.001 -16"><span class='ocrx_word' id='word_1_473' title='bbox 115 3434 236 3498; x_wconf 89' lang='lat' dir='ltr'><strong>iniuste</strong></span> <span class='ocrx_word' id='word_1_474' title='bbox 266 3440 299 3495; x_wconf 88' lang='lat' dir='ltr'><strong>et</strong></span> <span class='ocrx_word' id='word_1_475' title='bbox 326 3429 502 3496; x_wconf 76' lang='lat' dir='ltr'><strong>crudeliter</strong></span> <span class='ocrx_word' id='word_1_476' title='bbox 531 3430 623 3494; x_wconf 90' lang='lat' dir='ltr'><strong>abusi</strong></span> <span class='ocrx_word' id='word_1_477' title='bbox 656 3441 774 3495; x_wconf 88' lang='lat' dir='ltr'><strong>essent.</strong></span> <span class='ocrx_word' id='word_1_478' title='bbox 824 3428 977 3495; x_wconf 82' lang='lat' dir='ltr'><strong>Solemus</strong></span> <span class='ocrx_word' id='word_1_479' title='bbox 1011 3451 1088 3513; x_wconf 79' lang='lat' dir='ltr'><strong>ergo</strong></span> <span class='ocrx_word' id='word_1_480' title='bbox 1141 3428 1237 3508; x_wconf 81' lang='lat' dir='ltr'><strong>Quod</strong></span> <span class='ocrx_word' id='word_1_481' title='bbox 1261 3450 1339 3494; x_wconf 87' lang='lat' dir='ltr'><strong>vero</strong></span> <span class='ocrx_word' id='word_1_482' title='bbox 1362 3430 1449 3513; x_wconf 90' lang='lat' dir='ltr'><strong>dioit,</strong></span> <span class='ocrx_word' id='word_1_483' title='bbox 1473 3431 1655 3511; x_wconf 91' lang='lat' dir='ltr'><strong>portionem</strong></span> <span class='ocrx_word' id='word_1_484' title='bbox 1678 3450 1789 3494; x_wconf 88' lang='lat' dir='ltr'><strong>eorum</strong></span> <span class='ocrx_word' id='word_1_485' title='bbox 1814 3450 1884 3495; x_wconf 89' lang='lat' dir='ltr'><strong>osse</strong></span> <span class='ocrx_word' id='word_1_486' title='bbox 1906 3431 1941 3494; x_wconf 93' lang='lat' dir='ltr'><strong>in</strong></span> <span class='ocrx_word' id='word_1_487' title='bbox 1967 3432 2044 3512; x_wconf 86' lang='lat' dir='ltr'><strong>vita,</strong></span> <span class='ocrx_word' id='word_1_488' title='bbox 2067 3436 2113 3499; x_wconf 91' lang='lat' dir='ltr'><strong>sie</strong></span> 
     </span>
     <span class='ocr_line' id='line_1_37' title="bbox 115 3514 2112 3600; baseline 0.001 -18"><span class='ocrx_word' id='word_1_489' title='bbox 115 3517 225 3582; x_wconf 90' lang='lat' dir='ltr'><strong>Deum</strong></span> <span class='ocrx_word' id='word_1_490' title='bbox 252 3516 319 3581; x_wconf 90' lang='lat' dir='ltr'><strong>suis</strong></span> <span class='ocrx_word' id='word_1_491' title='bbox 341 3516 519 3593; x_wconf 90' lang='lat' dir='ltr'><strong>eonsulere,</strong></span> <span class='ocrx_word' id='word_1_492' title='bbox 550 3514 627 3578; x_wconf 91' lang='lat' dir='ltr'><strong>dum</strong></span> <span class='ocrx_word' id='word_1_493' title='bbox 651 3515 769 3597; x_wconf 92' lang='lat' dir='ltr'><strong>impios</strong></span> <span class='ocrx_word' id='word_1_494' title='bbox 791 3516 919 3590; x_wconf 88' lang='lat' dir='ltr'><strong>evertit,</strong></span> <span class='ocrx_word' id='word_1_495' title='bbox 949 3515 1088 3598; x_wconf 81' lang='lat' dir='ltr'><strong>frangit·</strong></span> <span class='ocrx_word' id='word_1_496' title='bbox 1140 3518 1347 3597; x_wconf 83' lang='lat' dir='ltr'><strong>interpretor,</strong></span> <span class='ocrx_word' id='word_1_497' title='bbox 1377 3516 1417 3580; x_wconf 87' lang='lat' dir='ltr'><strong>ub</strong></span> <span class='ocrx_word' id='word_1_498' title='bbox 1440 3515 1591 3580; x_wconf 90' lang='lat' dir='ltr'><strong>omnibus</strong></span> <span class='ocrx_word' id='word_1_499' title='bbox 1613 3514 1825 3581; x_wconf 88' lang='lat' dir='ltr'><strong>inoommodis</strong></span> <span class='ocrx_word' id='word_1_500' title='bbox 1847 3535 1918 3580; x_wconf 90' lang='lat' dir='ltr'><strong>esse</strong></span> <span class='ocrx_word' id='word_1_501' title='bbox 1940 3517 2112 3600; x_wconf 89' lang='lat' dir='ltr'><strong>immunes,</strong></span> 
     </span>
     <span class='ocr_line' id='line_1_38' title="bbox 114 3598 2114 3687; baseline 0 -20"><span class='ocrx_word' id='word_1_502' title='bbox 114 3624 178 3687; x_wconf 91' lang='lat' dir='ltr'><strong>que</strong></span> <span class='ocrx_word' id='word_1_503' title='bbox 211 3603 355 3685; x_wconf 91' lang='lat' dir='ltr'><strong>ipsorum</strong></span> <span class='ocrx_word' id='word_1_504' title='bbox 390 3599 503 3665; x_wconf 88' lang='lat' dir='ltr'><strong>robur:</strong></span> <span class='ocrx_word' id='word_1_505' title='bbox 540 3608 579 3664; x_wconf 86' lang='lat' dir='ltr'><strong>ut</strong></span> <span class='ocrx_word' id='word_1_506' title='bbox 610 3601 734 3666; x_wconf 87' lang='lat' dir='ltr'><strong>seilioet</strong></span> <span class='ocrx_word' id='word_1_507' title='bbox 767 3599 807 3664; x_wconf 90' lang='lat' dir='ltr'><strong>ab</strong></span> <span class='ocrx_word' id='word_1_508' title='bbox 840 3600 940 3663; x_wconf 87' lang='lat' dir='ltr'><strong>exitio</strong></span> <span class='ocrx_word' id='word_1_509' title='bbox 972 3598 1090 3665; x_wconf 84' lang='lat' dir='ltr'><strong>liberet</strong></span> <span class='ocrx_word' id='word_1_510' title='bbox 1140 3621 1177 3664; x_wconf 87' lang='lat' dir='ltr'><strong>ae</strong></span> <span class='ocrx_word' id='word_1_511' title='bbox 1200 3600 1324 3665; x_wconf 90' lang='lat' dir='ltr'><strong>delioiis</strong></span> <span class='ocrx_word' id='word_1_512' title='bbox 1348 3601 1491 3678; x_wconf 84' lang='lat' dir='ltr'><strong>affluere,</strong></span> <span class='ocrx_word' id='word_1_513' title='bbox 1523 3598 1666 3681; x_wconf 85' lang='lat' dir='ltr'><strong>adeoque</strong></span> <span class='ocrx_word' id='word_1_514' title='bbox 1690 3622 1709 3664; x_wconf 86' lang='lat' dir='ltr'><strong>a</strong></span> <span class='ocrx_word' id='word_1_515' title='bbox 1736 3601 1903 3666; x_wconf 86' lang='lat' dir='ltr'><strong>communi</strong></span> <span class='ocrx_word' id='word_1_516' title='bbox 1934 3618 2021 3665; x_wconf 89' lang='lat' dir='ltr'><strong>sorto</strong></span> <span class='ocrx_word' id='word_1_517' title='bbox 2044 3623 2114 3668; x_wconf 91' lang='lat' dir='ltr'><strong>esso</strong></span> 
     </span>
     <span class='ocr_line' id='line_1_39' title="bbox 112 3685 2110 3769; baseline -0.001 -17"><span class='ocrx_word' id='word_1_518' title='bbox 112 3688 268 3752; x_wconf 85' lang='lat' dir='ltr'><strong>innoxias</strong></span> <span class='ocrx_word' id='word_1_519' title='bbox 289 3686 427 3751; x_wconf 89' lang='lat' dir='ltr'><strong>animas.</strong></span> <span class='ocrx_word' id='word_1_520' title='bbox 468 3685 642 3751; x_wconf 75' lang='lat' dir='ltr'><strong>(laetarum</strong></span> <span class='ocrx_word' id='word_1_521' title='bbox 666 3685 751 3769; x_wconf 92' lang='lat' dir='ltr'><strong>qnod</strong></span> <span class='ocrx_word' id='word_1_522' title='bbox 771 3686 967 3768; x_wconf 88' lang='lat' dir='ltr'><strong>interpretes</strong></span> <span class='ocrx_word' id='word_1_523' title='bbox 990 3705 1089 3769; x_wconf 89' lang='lat' dir='ltr'><strong>appo·</strong></span> <span class='ocrx_word' id='word_1_524' title='bbox 1139 3694 1328 3767; x_wconf 88' lang='lat' dir='ltr'><strong>exemptos:</strong></span> <span class='ocrx_word' id='word_1_525' title='bbox 1358 3688 1442 3751; x_wconf 88' lang='lat' dir='ltr'><strong>siout</strong></span> <span class='ocrx_word' id='word_1_526' title='bbox 1473 3685 1613 3749; x_wconf 84' lang='lat' dir='ltr'><strong>vicissim</strong></span> <span class='ocrx_word' id='word_1_527' title='bbox 1646 3687 1756 3749; x_wconf 89' lang='lat' dir='ltr'><strong>miseri</strong></span> <span class='ocrx_word' id='word_1_528' title='bbox 1780 3685 1922 3750; x_wconf 91' lang='lat' dir='ltr'><strong>bominis</strong></span> <span class='ocrx_word' id='word_1_529' title='bbox 1944 3688 2052 3769; x_wconf 89' lang='lat' dir='ltr'><strong>portio</strong></span> <span class='ocrx_word' id='word_1_530' title='bbox 2076 3689 2110 3750; x_wconf 90' lang='lat' dir='ltr'><strong>in</strong></span> 
     </span>
     <span class='ocr_line' id='line_1_40' title="bbox 112 3769 2110 3855; baseline 0 -18"><span class='ocrx_word' id='word_1_531' title='bbox 112 3774 212 3838; x_wconf 81' lang='lat' dir='ltr'><strong>sitive</strong></span> <span class='ocrx_word' id='word_1_532' title='bbox 233 3770 347 3855; x_wconf 83' lang='lat' dir='ltr'><strong>legunt</strong></span> <span class='ocrx_word' id='word_1_533' title='bbox 367 3770 421 3835; x_wconf 90' lang='lat' dir='ltr'><strong>Ab</strong></span> <span class='ocrx_word' id='word_1_534' title='bbox 441 3771 551 3853; x_wconf 91' lang='lat' dir='ltr'><strong>impio,</strong></span> <span class='ocrx_word' id='word_1_535' title='bbox 580 3774 635 3853; x_wconf 91' lang='lat' dir='ltr'><strong>qni</strong></span> <span class='ocrx_word' id='word_1_536' title='bbox 656 3769 785 3854; x_wconf 84' lang='lat' dir='ltr'><strong>gladius</strong></span> <span class='ocrx_word' id='word_1_537' title='bbox 808 3780 885 3834; x_wconf 90' lang='lat' dir='ltr'><strong>tuus</strong></span> <span class='ocrx_word' id='word_1_538' title='bbox 907 3777 969 3834; x_wconf 88' lang='lat' dir='ltr'><strong>est:</strong></span> <span class='ocrx_word' id='word_1_539' title='bbox 998 3771 1088 3850; x_wconf 88' lang='lat' dir='ltr'><strong>item,</strong></span> <span class='ocrx_word' id='word_1_540' title='bbox 1140 3782 1243 3834; x_wconf 91' lang='lat' dir='ltr'><strong>morte</strong></span> <span class='ocrx_word' id='word_1_541' title='bbox 1266 3792 1335 3835; x_wconf 91' lang='lat' dir='ltr'><strong>esse</strong></span> <span class='ocrx_word' id='word_1_542' title='bbox 1358 3769 1486 3835; x_wconf 85' lang='lat' dir='ltr'><strong>dieitur.</strong></span> <span class='ocrx_word' id='word_1_543' title='bbox 1508 3770 1582 3834; x_wconf 90' lang='lat' dir='ltr'><strong>Hoo</strong></span> <span class='ocrx_word' id='word_1_544' title='bbox 1605 3791 1682 3851; x_wconf 83' lang='lat' dir='ltr'><strong>ergo</strong></span> <span class='ocrx_word' id='word_1_545' title='bbox 1704 3772 1838 3834; x_wconf 91' lang='lat' dir='ltr'><strong>minime</strong></span> <span class='ocrx_word' id='word_1_546' title='bbox 1856 3781 2110 3837; x_wconf 86' lang='lat' dir='ltr'><strong>cousentaneum</strong></span> 
     </span>
     <span class='ocr_line' id='line_1_41' title="bbox 111 3854 2112 3939; baseline -0.001 -16"><span class='ocrx_word' id='word_1_547' title='bbox 111 3862 145 3923; x_wconf 82' lang='lat' dir='ltr'>A</span> <span class='ocrx_word' id='word_1_548' title='bbox 174 3857 256 3923; x_wconf 81' lang='lat' dir='ltr'><strong>viris</strong></span> <span class='ocrx_word' id='word_1_549' title='bbox 288 3858 443 3939; x_wconf 86' lang='lat' dir='ltr'><strong>quisunt</strong></span> <span class='ocrx_word' id='word_1_550' title='bbox 471 3876 587 3921; x_wconf 88' lang='lat' dir='ltr'><strong>manus</strong></span> <span class='ocrx_word' id='word_1_551' title='bbox 617 3867 684 3934; x_wconf 89' lang='lat' dir='ltr'><strong>tua,</strong></span> <span class='ocrx_word' id='word_1_552' title='bbox 713 3855 794 3919; x_wconf 93' lang='lat' dir='ltr'><strong>mihi</strong></span> <span class='ocrx_word' id='word_1_553' title='bbox 824 3876 890 3919; x_wconf 93' lang='lat' dir='ltr'><strong>nou</strong></span> <span class='ocrx_word' id='word_1_554' title='bbox 921 3856 1086 3939; x_wconf 87' lang='lat' dir='ltr'><strong>probatur.</strong></span> <span class='ocrx_word' id='word_1_555' title='bbox 1140 3877 1211 3921; x_wconf 88' lang='lat' dir='ltr'><strong>osse</strong></span> <span class='ocrx_word' id='word_1_556' title='bbox 1241 3854 1329 3933; x_wconf 77' lang='lat' dir='ltr'><strong>didit,</strong></span> <span class='ocrx_word' id='word_1_557' title='bbox 1362 3857 1479 3935; x_wconf 91' lang='lat' dir='ltr'><strong>impios</strong></span> <span class='ocrx_word' id='word_1_558' title='bbox 1504 3855 1642 3919; x_wconf 88' lang='lat' dir='ltr'><strong>volitare</strong></span> <span class='ocrx_word' id='word_1_559' title='bbox 1666 3856 1766 3920; x_wconf 89' lang='lat' dir='ltr'><strong>laetos</strong></span> <span class='ocrx_word' id='word_1_560' title='bbox 1796 3866 1828 3920; x_wconf 90' lang='lat' dir='ltr'><strong>et</strong></span> <span class='ocrx_word' id='word_1_561' title='bbox 1859 3855 1982 3921; x_wconf 89' lang='lat' dir='ltr'><strong>alaores</strong></span> <span class='ocrx_word' id='word_1_562' title='bbox 2016 3871 2112 3920; x_wconf 78' lang='lat' dir='ltr'><strong>ostra</strong></span> 
     </span>
     <span class='ocr_line' id='line_1_42' title="bbox 112 3939 2113 4024; baseline 0 -17"><span class='ocrx_word' id='word_1_563' title='bbox 112 3942 236 4007; x_wconf 83' lang='lat' dir='ltr'><strong>Fateor</strong></span> <span class='ocrx_word' id='word_1_564' title='bbox 265 3939 406 4024; x_wconf 89' lang='lat' dir='ltr'><strong>quidem,</strong></span> <span class='ocrx_word' id='word_1_565' title='bbox 438 3941 653 4022; x_wconf 79' lang='lat' dir='ltr'><strong>undecunque</strong></span> <span class='ocrx_word' id='word_1_566' title='bbox 682 3941 880 4024; x_wconf 88' lang='lat' dir='ltr'><strong>proveniant</strong></span> <span class='ocrx_word' id='word_1_567' title='bbox 903 3940 998 4019; x_wconf 87' lang='lat' dir='ltr'><strong>mala,</strong></span> <span class='ocrx_word' id='word_1_568' title='bbox 1027 3962 1087 4004; x_wconf 91' lang='lat' dir='ltr'><strong>uos</strong></span> <span class='ocrx_word' id='word_1_569' title='bbox 1140 3942 1253 4004; x_wconf 84' lang='lat' dir='ltr'><strong>mortis</strong></span> <span class='ocrx_word' id='word_1_570' title='bbox 1276 3951 1408 4016; x_wconf 87' lang='lat' dir='ltr'><strong>metum,</strong></span> <span class='ocrx_word' id='word_1_571' title='bbox 1432 3939 1557 4021; x_wconf 89' lang='lat' dir='ltr'><strong>sibique</strong></span> <span class='ocrx_word' id='word_1_572' title='bbox 1581 3941 1672 4021; x_wconf 85' lang='lat' dir='ltr'><strong>quasi</strong></span> <span class='ocrx_word' id='word_1_573' title='bbox 1697 3941 1768 4004; x_wconf 88' lang='lat' dir='ltr'><strong>iure</strong></span> <span class='ocrx_word' id='word_1_574' title='bbox 1790 3939 2007 4004; x_wconf 90' lang='lat' dir='ltr'><strong>haereditario</strong></span> <span class='ocrx_word' id='word_1_575' title='bbox 2031 3962 2113 4006; x_wconf 89' lang='lat' dir='ltr'><strong>ven-</strong></span> 
     </span>
     <span class='ocr_line' id='line_1_43' title="bbox 112 4024 2115 4123; baseline 0 -32"><span class='ocrx_word' id='word_1_576' title='bbox 112 4026 176 4091; x_wconf 89' lang='lat' dir='ltr'><strong>Dei</strong></span> <span class='ocrx_word' id='word_1_577' title='bbox 207 4045 308 4091; x_wconf 88' lang='lat' dir='ltr'><strong>mauu</strong></span> <span class='ocrx_word' id='word_1_578' title='bbox 337 4026 501 4123; x_wconf 76' lang='lat' dir='ltr'><strong>eastigari,</strong></span> <span class='ocrx_word' id='word_1_579' title='bbox 535 4027 715 4108; x_wconf 91' lang='lat' dir='ltr'><strong>impiosque</strong></span> <span class='ocrx_word' id='word_1_580' title='bbox 744 4047 815 4091; x_wconf 89' lang='lat' dir='ltr'><strong>esse</strong></span> <span class='ocrx_word' id='word_1_581' title='bbox 845 4027 916 4089; x_wconf 89' lang='lat' dir='ltr'><strong>eins</strong></span> <span class='ocrx_word' id='word_1_582' title='bbox 947 4026 1086 4108; x_wconf 84' lang='lat' dir='ltr'><strong>flagella,</strong></span> <span class='ocrx_word' id='word_1_583' title='bbox 1140 4026 1248 4090; x_wconf 86' lang='lat' dir='ltr'><strong>dicare</strong></span> <span class='ocrx_word' id='word_1_584' title='bbox 1277 4028 1418 4106; x_wconf 89' lang='lat' dir='ltr'><strong>quietam</strong></span> <span class='ocrx_word' id='word_1_585' title='bbox 1450 4044 1487 4088; x_wconf 87' lang='lat' dir='ltr'><strong>ae</strong></span> <span class='ocrx_word' id='word_1_586' title='bbox 1518 4025 1645 4088; x_wconf 90' lang='lat' dir='ltr'><strong>beatam</strong></span> <span class='ocrx_word' id='word_1_587' title='bbox 1677 4027 1787 4089; x_wconf 85' lang='lat' dir='ltr'><strong>vitam.</strong></span> <span class='ocrx_word' id='word_1_588' title='bbox 1833 4024 1956 4088; x_wconf 86' lang='lat' dir='ltr'><strong>Eodem</strong></span> <span class='ocrx_word' id='word_1_589' title='bbox 1991 4037 2115 4108; x_wconf 82' lang='lat' dir='ltr'><strong>spectat</strong></span> 
     </span>
     <span class='ocr_line' id='line_1_44' title="bbox 111 4108 2115 4194; baseline 0.001 -19"><span class='ocrx_word' id='word_1_590' title='bbox 111 4124 209 4194; x_wconf 88' lang='lat' dir='ltr'><strong>&#39;atque</strong></span> <span class='ocrx_word' id='word_1_591' title='bbox 232 4111 294 4176; x_wconf 87' lang='lat' dir='ltr'><strong>hoo</strong></span> <span class='ocrx_word' id='word_1_592' title='bbox 317 4111 524 4193; x_wconf 83' lang='lat' dir='ltr'><strong>aptissunum</strong></span> <span class='ocrx_word' id='word_1_593' title='bbox 547 4132 617 4175; x_wconf 90' lang='lat' dir='ltr'><strong>esse</strong></span> <span class='ocrx_word' id='word_1_594' title='bbox 640 4110 818 4192; x_wconf 88' lang='lat' dir='ltr'><strong>patientiae</strong></span> <span class='ocrx_word' id='word_1_595' title='bbox 837 4125 1086 4193; x_wconf 86' lang='lat' dir='ltr'><strong>argumentum:</strong></span> <span class='ocrx_word' id='word_1_596' title='bbox 1139 4110 1222 4191; x_wconf 91' lang='lat' dir='ltr'><strong>quod</strong></span> <span class='ocrx_word' id='word_1_597' title='bbox 1247 4131 1322 4174; x_wconf 92' lang='lat' dir='ltr'><strong>mox</strong></span> <span class='ocrx_word' id='word_1_598' title='bbox 1345 4109 1496 4192; x_wconf 88' lang='lat' dir='ltr'><strong>adiungit</strong></span> <span class='ocrx_word' id='word_1_599' title='bbox 1515 4108 1634 4184; x_wconf 85' lang='lat' dir='ltr'><strong>David,</strong></span> <span class='ocrx_word' id='word_1_600' title='bbox 1657 4109 1768 4173; x_wconf 91' lang='lat' dir='ltr'><strong>Deum</strong></span> <span class='ocrx_word' id='word_1_601' title='bbox 1791 4109 1885 4173; x_wconf 91' lang='lat' dir='ltr'><strong>bonis</strong></span> <span class='ocrx_word' id='word_1_602' title='bbox 1907 4110 1976 4175; x_wconf 91' lang='lat' dir='ltr'><strong>suis</strong></span> <span class='ocrx_word' id='word_1_603' title='bbox 1995 4112 2115 4178; x_wconf 88' lang='lat' dir='ltr'><strong>abditis</strong></span> 
     </span>
     <span class='ocr_line' id='line_1_45' title="bbox 111 4194 2114 4279; baseline 0 -17"><span class='ocrx_word' id='word_1_604' title='bbox 111 4197 169 4263; x_wconf 91' lang='lat' dir='ltr'><strong>sed</strong></span> <span class='ocrx_word' id='word_1_605' title='bbox 193 4197 269 4279; x_wconf 89' lang='lat' dir='ltr'><strong>quia</strong></span> <span class='ocrx_word' id='word_1_606' title='bbox 298 4194 413 4259; x_wconf 92' lang='lat' dir='ltr'><strong>modus</strong></span> <span class='ocrx_word' id='word_1_607' title='bbox 441 4196 594 4276; x_wconf 91' lang='lat' dir='ltr'><strong>loquendi</strong></span> <span class='ocrx_word' id='word_1_608' title='bbox 626 4196 687 4260; x_wconf 91' lang='lat' dir='ltr'><strong>hoe</strong></span> <span class='ocrx_word' id='word_1_609' title='bbox 717 4195 786 4261; x_wconf 90' lang='lat' dir='ltr'><strong>loeo</strong></span> <span class='ocrx_word' id='word_1_610' title='bbox 817 4208 902 4260; x_wconf 89' lang='lat' dir='ltr'><strong>esset</strong></span> <span class='ocrx_word' id='word_1_611' title='bbox 932 4196 1085 4277; x_wconf 90' lang='lat' dir='ltr'><strong>asperior,</strong></span> <span class='ocrx_word' id='word_1_612' title='bbox 1139 4196 1255 4261; x_wconf 88' lang='lat' dir='ltr'><strong>faroire</strong></span> <span class='ocrx_word' id='word_1_613' title='bbox 1285 4216 1396 4259; x_wconf 90' lang='lat' dir='ltr'><strong>eorum</strong></span> <span class='ocrx_word' id='word_1_614' title='bbox 1428 4203 1575 4259; x_wconf 87' lang='lat' dir='ltr'><strong>ventres:</strong></span> <span class='ocrx_word' id='word_1_615' title='bbox 1610 4207 1646 4258; x_wconf 92' lang='lat' dir='ltr'><strong>ut</strong></span> <span class='ocrx_word' id='word_1_616' title='bbox 1675 4206 1762 4259; x_wconf 81' lang='lat' dir='ltr'><strong>uerte</strong></span> <span class='ocrx_word' id='word_1_617' title='bbox 1792 4194 1939 4259; x_wconf 89' lang='lat' dir='ltr'><strong>videmus</strong></span> <span class='ocrx_word' id='word_1_618' title='bbox 1966 4217 2021 4261; x_wconf 90' lang='lat' dir='ltr'><strong>eos</strong></span> <span class='ocrx_word' id='word_1_619' title='bbox 2050 4220 2114 4262; x_wconf 95' lang='lat' dir='ltr'><strong>nou</strong></span> 
     </span>
     <span class='ocr_line' id='line_1_46' title="bbox 112 4279 2114 4364; baseline 0.001 -19"><span class='ocrx_word' id='word_1_620' title='bbox 112 4280 231 4346; x_wconf 88' lang='lat' dir='ltr'><strong>deinde</strong></span> <span class='ocrx_word' id='word_1_621' title='bbox 261 4280 439 4364; x_wconf 90' lang='lat' dir='ltr'><strong>preeationi</strong></span> <span class='ocrx_word' id='word_1_622' title='bbox 470 4301 535 4342; x_wconf 94' lang='lat' dir='ltr'><strong>non</strong></span> <span class='ocrx_word' id='word_1_623' title='bbox 566 4281 740 4345; x_wconf 89' lang='lat' dir='ltr'><strong>admodum</strong></span> <span class='ocrx_word' id='word_1_624' title='bbox 770 4280 954 4362; x_wconf 88' lang='lat' dir='ltr'><strong>quadraret,</strong></span> <span class='ocrx_word' id='word_1_625' title='bbox 988 4281 1085 4343; x_wconf 90' lang='lat' dir='ltr'><strong>aliam</strong></span> <span class='ocrx_word' id='word_1_626' title='bbox 1139 4291 1267 4344; x_wconf 90' lang='lat' dir='ltr'><strong>tantum</strong></span> <span class='ocrx_word' id='word_1_627' title='bbox 1308 4280 1475 4345; x_wconf 90' lang='lat' dir='ltr'><strong>oommnni</strong></span> <span class='ocrx_word' id='word_1_628' title='bbox 1515 4279 1598 4356; x_wconf 91' lang='lat' dir='ltr'><strong>luee,</strong></span> <span class='ocrx_word' id='word_1_629' title='bbox 1638 4289 1671 4342; x_wconf 86' lang='lat' dir='ltr'><strong>et</strong></span> <span class='ocrx_word' id='word_1_630' title='bbox 1704 4280 1832 4361; x_wconf 90' lang='lat' dir='ltr'><strong>spiritu,</strong></span> <span class='ocrx_word' id='word_1_631' title='bbox 1872 4280 2046 4357; x_wconf 88' lang='lat' dir='ltr'><strong>alimentis,</strong></span> <span class='ocrx_word' id='word_1_632' title='bbox 2081 4294 2114 4347; x_wconf 88' lang='lat' dir='ltr'><strong>et</strong></span> 
     </span>
     <span class='ocr_line' id='line_1_47' title="bbox 110 4364 2112 4449; baseline -0 -18"><span class='ocrx_word' id='word_1_633' title='bbox 110 4367 348 4449; x_wconf 85' lang='lat' dir='ltr'><strong>expositionem</strong></span> <span class='ocrx_word' id='word_1_634' title='bbox 374 4365 529 4430; x_wconf 87' lang='lat' dir='ltr'><strong>libentius</strong></span> <span class='ocrx_word' id='word_1_635' title='bbox 557 4365 749 4446; x_wconf 85' lang='lat' dir='ltr'><strong>amplector:</strong></span> <span class='ocrx_word' id='word_1_636' title='bbox 782 4386 898 4447; x_wconf 89' lang='lat' dir='ltr'><strong>nempe</strong></span> <span class='ocrx_word' id='word_1_637' title='bbox 928 4375 964 4428; x_wconf 89' lang='lat' dir='ltr'><strong>nt</strong></span> <span class='ocrx_word' id='word_1_638' title='bbox 997 4366 1086 4430; x_wconf 89' lang='lat' dir='ltr'><strong>Deus</strong></span> <span class='ocrx_word' id='word_1_639' title='bbox 1139 4366 1275 4446; x_wconf 88' lang='lat' dir='ltr'><strong>reliquis</strong></span> <span class='ocrx_word' id='word_1_640' title='bbox 1298 4364 1580 4429; x_wconf 78' lang='lat' dir='ltr'><strong>commoditatibus</strong></span> <span class='ocrx_word' id='word_1_641' title='bbox 1603 4364 1786 4446; x_wconf 81' lang='lat' dir='ltr'><strong>promiscue</strong></span> <span class='ocrx_word' id='word_1_642' title='bbox 1809 4365 1882 4440; x_wconf 87' lang='lat' dir='ltr'><strong>frui,</strong></span> <span class='ocrx_word' id='word_1_643' title='bbox 1911 4365 1968 4429; x_wconf 91' lang='lat' dir='ltr'><strong>sed</strong></span> <span class='ocrx_word' id='word_1_644' title='bbox 1990 4366 2112 4431; x_wconf 85' lang='lat' dir='ltr'><strong>lautius</strong></span> 
     </span>
     <span class='ocr_line' id='line_1_48' title="bbox 110 4448 2112 4534; baseline 0 -19"><span class='ocrx_word' id='word_1_645' title='bbox 110 4451 218 4534; x_wconf 84' lang='lat' dir='ltr'><strong>gladio</strong></span> <span class='ocrx_word' id='word_1_646' title='bbox 247 4473 307 4517; x_wconf 87' lang='lat' dir='ltr'><strong>suo</strong></span> <span class='ocrx_word' id='word_1_647' title='bbox 330 4452 436 4532; x_wconf 89' lang='lat' dir='ltr'><strong>ipsum</strong></span> <span class='ocrx_word' id='word_1_648' title='bbox 458 4450 584 4533; x_wconf 88' lang='lat' dir='ltr'><strong>eripiat,</strong></span> <span class='ocrx_word' id='word_1_649' title='bbox 616 4451 702 4516; x_wconf 90' lang='lat' dir='ltr'><strong>viros</strong></span> <span class='ocrx_word' id='word_1_650' title='bbox 732 4470 870 4532; x_wconf 92' lang='lat' dir='ltr'><strong>quorum</strong></span> <span class='ocrx_word' id='word_1_651' title='bbox 895 4449 992 4512; x_wconf 89' lang='lat' dir='ltr'><strong>nimis</strong></span> <span class='ocrx_word' id='word_1_652' title='bbox 1015 4449 1085 4514; x_wconf 91' lang='lat' dir='ltr'><strong>diu·</strong></span> <span class='ocrx_word' id='word_1_653' title='bbox 1138 4472 1234 4532; x_wconf 87' lang='lat' dir='ltr'><strong>saepe</strong></span> <span class='ocrx_word' id='word_1_654' title='bbox 1263 4470 1300 4514; x_wconf 89' lang='lat' dir='ltr'><strong>ao</strong></span> <span class='ocrx_word' id='word_1_655' title='bbox 1328 4448 1531 4532; x_wconf 89' lang='lat' dir='ltr'><strong>splendidius</strong></span> <span class='ocrx_word' id='word_1_656' title='bbox 1561 4451 1694 4513; x_wconf 88' lang='lat' dir='ltr'><strong>traotari</strong></span> <span class='ocrx_word' id='word_1_657' title='bbox 1718 4472 1737 4513; x_wconf 88' lang='lat' dir='ltr'><strong>a</strong></span> <span class='ocrx_word' id='word_1_658' title='bbox 1761 4451 1902 4514; x_wconf 92' lang='lat' dir='ltr'><strong>Domino</strong></span> <span class='ocrx_word' id='word_1_659' title='bbox 1925 4472 1962 4515; x_wconf 88' lang='lat' dir='ltr'><strong>ao</strong></span> <span class='ocrx_word' id='word_1_660' title='bbox 1985 4451 2012 4515; x_wconf 93' lang='lat' dir='ltr'><strong>si</strong></span> <span class='ocrx_word' id='word_1_661' title='bbox 2035 4471 2112 4533; x_wconf 89' lang='lat' dir='ltr'><strong>prae</strong></span> 
     </span>
     <span class='ocr_line' id='line_1_49' title="bbox 110 4534 2113 4616; baseline -0 -15"><span class='ocrx_word' id='word_1_662' title='bbox 110 4547 211 4602; x_wconf 87' lang='lat' dir='ltr'><strong>turua</strong></span> <span class='ocrx_word' id='word_1_663' title='bbox 232 4536 294 4600; x_wconf 88' lang='lat' dir='ltr'><strong>fuit</strong></span> <span class='ocrx_word' id='word_1_664' title='bbox 315 4535 462 4616; x_wconf 86' lang='lat' dir='ltr'><strong>potentia</strong></span> <span class='ocrx_word' id='word_1_665' title='bbox 485 4546 516 4599; x_wconf 87' lang='lat' dir='ltr'><strong>et</strong></span> <span class='ocrx_word' id='word_1_666' title='bbox 539 4535 687 4610; x_wconf 88' lang='lat' dir='ltr'><strong>ielieitas,</strong></span> <span class='ocrx_word' id='word_1_667' title='bbox 710 4554 808 4599; x_wconf 91' lang='lat' dir='ltr'><strong>mauu</strong></span> <span class='ocrx_word' id='word_1_668' title='bbox 833 4557 892 4599; x_wconf 88' lang='lat' dir='ltr'><strong>sna</strong></span> <span class='ocrx_word' id='word_1_669' title='bbox 915 4537 1085 4616; x_wconf 87' lang='lat' dir='ltr'><strong>pereutiat.</strong></span> <span class='ocrx_word' id='word_1_670' title='bbox 1139 4535 1213 4598; x_wconf 89' lang='lat' dir='ltr'><strong>aliis</strong></span> <span class='ocrx_word' id='word_1_671' title='bbox 1235 4534 1389 4600; x_wconf 82' lang='lat' dir='ltr'><strong>delicatos</strong></span> <span class='ocrx_word' id='word_1_672' title='bbox 1411 4534 1498 4599; x_wconf 92' lang='lat' dir='ltr'><strong>filios</strong></span> <span class='ocrx_word' id='word_1_673' title='bbox 1516 4535 1550 4598; x_wconf 92' lang='lat' dir='ltr'><strong>in</strong></span> <span class='ocrx_word' id='word_1_674' title='bbox 1574 4536 1698 4616; x_wconf 83' lang='lat' dir='ltr'><strong>gremio</strong></span> <span class='ocrx_word' id='word_1_675' title='bbox 1720 4534 1854 4600; x_wconf 86' lang='lat' dir='ltr'><strong>foveret.</strong></span> <span class='ocrx_word' id='word_1_676' title='bbox 1902 4535 2017 4616; x_wconf 87' lang='lat' dir='ltr'><strong>ltaque</strong></span> <span class='ocrx_word' id='word_1_677' title='bbox 2040 4537 2113 4600; x_wconf 92' lang='lat' dir='ltr'><strong>abs·</strong></span> 
     </span>
     <span class='ocr_line' id='line_1_50' title="bbox 111 4618 2110 4702; baseline -0.002 -15"><span class='ocrx_word' id='word_1_678' title='bbox 111 4620 271 4687; x_wconf 84' lang='lat' dir='ltr'><strong>Gladium</strong></span> <span class='ocrx_word' id='word_1_679' title='bbox 294 4621 381 4685; x_wconf 88' lang='lat' dir='ltr'><strong>enim</strong></span> <span class='ocrx_word' id='word_1_680' title='bbox 406 4621 469 4684; x_wconf 90' lang='lat' dir='ltr'><strong>Dei</strong></span> <span class='ocrx_word' id='word_1_681' title='bbox 498 4620 653 4683; x_wconf 86' lang='lat' dir='ltr'><strong>humanis</strong></span> <span class='ocrx_word' id='word_1_682' title='bbox 682 4618 836 4685; x_wconf 91' lang='lat' dir='ltr'><strong>subsidiis</strong></span> <span class='ocrx_word' id='word_1_683' title='bbox 865 4619 1019 4702; x_wconf 90' lang='lat' dir='ltr'><strong>opponit:</strong></span> <span class='ocrx_word' id='word_1_684' title='bbox 1049 4640 1087 4683; x_wconf 83' lang='lat' dir='ltr'><strong>ae</strong></span> <span class='ocrx_word' id='word_1_685' title='bbox 1138 4620 1268 4683; x_wconf 77' lang='lat' dir='ltr'><strong>condita</strong></span> <span class='ocrx_word' id='word_1_686' title='bbox 1289 4619 1352 4683; x_wconf 91' lang='lat' dir='ltr'><strong>Dei</strong></span> <span class='ocrx_word' id='word_1_687' title='bbox 1383 4620 1467 4684; x_wconf 88' lang='lat' dir='ltr'><strong>bona</strong></span> <span class='ocrx_word' id='word_1_688' title='bbox 1498 4631 1655 4683; x_wconf 88' lang='lat' dir='ltr'><strong>vooantur</strong></span> <span class='ocrx_word' id='word_1_689' title='bbox 1685 4640 1777 4684; x_wconf 86' lang='lat' dir='ltr'><strong>rarae</strong></span> <span class='ocrx_word' id='word_1_690' title='bbox 1807 4630 1839 4684; x_wconf 91' lang='lat' dir='ltr'><strong>et</strong></span> <span class='ocrx_word' id='word_1_691' title='bbox 1873 4622 1977 4702; x_wconf 88' lang='lat' dir='ltr'><strong>magis</strong></span> <span class='ocrx_word' id='word_1_692' title='bbox 2000 4622 2110 4700; x_wconf 89' lang='lat' dir='ltr'><strong>exqui-</strong></span> 
     </span>
     <span class='ocr_line' id='line_1_51' title="bbox 109 4703 2112 4786; baseline -0.001 -14"><span class='ocrx_word' id='word_1_693' title='bbox 109 4708 139 4772; x_wconf 89' lang='lat' dir='ltr'><strong>si</strong></span> <span class='ocrx_word' id='word_1_694' title='bbox 163 4706 294 4783; x_wconf 90' lang='lat' dir='ltr'><strong>dieeret,</strong></span> <span class='ocrx_word' id='word_1_695' title='bbox 316 4706 380 4769; x_wconf 89' lang='lat' dir='ltr'><strong>nisi</strong></span> <span class='ocrx_word' id='word_1_696' title='bbox 403 4705 493 4769; x_wconf 88' lang='lat' dir='ltr'><strong>Deus</strong></span> <span class='ocrx_word' id='word_1_697' title='bbox 523 4705 659 4785; x_wconf 90' lang='lat' dir='ltr'><strong>prodeat</strong></span> <span class='ocrx_word' id='word_1_698' title='bbox 679 4706 749 4786; x_wconf 88' lang='lat' dir='ltr'><strong>ipse</strong></span> <span class='ocrx_word' id='word_1_699' title='bbox 772 4704 902 4780; x_wconf 89' lang='lat' dir='ltr'><strong>vindex,</strong></span> <span class='ocrx_word' id='word_1_700' title='bbox 924 4703 1085 4785; x_wconf 84' lang='lat' dir='ltr'><strong>gladium·</strong></span> <span class='ocrx_word' id='word_1_701' title='bbox 1138 4707 1220 4769; x_wconf 88' lang='lat' dir='ltr'><strong>sitae</strong></span> <span class='ocrx_word' id='word_1_702' title='bbox 1243 4704 1398 4770; x_wconf 88' lang='lat' dir='ltr'><strong>lautitiae.</strong></span> <span class='ocrx_word' id='word_1_703' title='bbox 1444 4705 1537 4769; x_wconf 88' lang='lat' dir='ltr'><strong>Dura</strong></span> <span class='ocrx_word' id='word_1_704' title='bbox 1558 4703 1639 4770; x_wconf 86' lang='lat' dir='ltr'><strong>haee</strong></span> <span class='ocrx_word' id='word_1_705' title='bbox 1663 4706 1798 4769; x_wconf 89' lang='lat' dir='ltr'><strong>tentatio</strong></span> <span class='ocrx_word' id='word_1_706' title='bbox 1821 4717 1881 4784; x_wconf 89' lang='lat' dir='ltr'><strong>est,</strong></span> <span class='ocrx_word' id='word_1_707' title='bbox 1904 4706 1930 4769; x_wconf 91' lang='lat' dir='ltr'><strong>si</strong></span> <span class='ocrx_word' id='word_1_708' title='bbox 1954 4705 2027 4786; x_wconf 92' lang='lat' dir='ltr'><strong>quis</strong></span> <span class='ocrx_word' id='word_1_709' title='bbox 2051 4706 2112 4769; x_wconf 88' lang='lat' dir='ltr'><strong>Dei</strong></span> 
     </span>
     <span class='ocr_line' id='line_1_52' title="bbox 109 4789 2111 4874; baseline -0 -19"><span class='ocrx_word' id='word_1_710' title='bbox 109 4812 176 4874; x_wconf 91' lang='lat' dir='ltr'><strong>que</strong></span> <span class='ocrx_word' id='word_1_711' title='bbox 206 4812 303 4857; x_wconf 82' lang='lat' dir='ltr'><strong>snrrm</strong></span> <span class='ocrx_word' id='word_1_712' title='bbox 332 4803 471 4865; x_wconf 88' lang='lat' dir='ltr'><strong>exserat,</strong></span> <span class='ocrx_word' id='word_1_713' title='bbox 501 4789 625 4852; x_wconf 86' lang='lat' dir='ltr'><strong>nullam</strong></span> <span class='ocrx_word' id='word_1_714' title='bbox 658 4810 749 4871; x_wconf 92' lang='lat' dir='ltr'><strong>spem</strong></span> <span class='ocrx_word' id='word_1_715' title='bbox 778 4789 979 4853; x_wconf 87' lang='lat' dir='ltr'><strong>liberationis</strong></span> <span class='ocrx_word' id='word_1_716' title='bbox 1009 4789 1085 4852; x_wconf 92' lang='lat' dir='ltr'><strong>reli·</strong></span> <span class='ocrx_word' id='word_1_717' title='bbox 1138 4792 1283 4853; x_wconf 89' lang='lat' dir='ltr'><strong>favorem</strong></span> <span class='ocrx_word' id='word_1_718' title='bbox 1314 4811 1333 4853; x_wconf 91' lang='lat' dir='ltr'><strong>a</strong></span> <span class='ocrx_word' id='word_1_719' title='bbox 1363 4800 1496 4854; x_wconf 89' lang='lat' dir='ltr'><strong>terrena</strong></span> <span class='ocrx_word' id='word_1_720' title='bbox 1522 4790 1677 4854; x_wconf 81' lang='lat' dir='ltr'><strong>felicitate</strong></span> <span class='ocrx_word' id='word_1_721' title='bbox 1707 4791 1866 4865; x_wconf 90' lang='lat' dir='ltr'><strong>aestimet,</strong></span> <span class='ocrx_word' id='word_1_722' title='bbox 1904 4790 2014 4871; x_wconf 88' lang='lat' dir='ltr'><strong>itaque</strong></span> <span class='ocrx_word' id='word_1_723' title='bbox 2048 4811 2111 4854; x_wconf 92' lang='lat' dir='ltr'><strong>nou</strong></span> 
     </span>
     <span class='ocr_line' id='line_1_53' title="bbox 108 4873 2112 4959; baseline -0 -19"><span class='ocrx_word' id='word_1_724' title='bbox 108 4896 212 4959; x_wconf 91' lang='lat' dir='ltr'><strong>quam</strong></span> <span class='ocrx_word' id='word_1_725' title='bbox 235 4897 316 4940; x_wconf 90' lang='lat' dir='ltr'><strong>esse.</strong></span> <span class='ocrx_word' id='word_1_726' title='bbox 358 4873 453 4955; x_wconf 81' lang='lat' dir='ltr'><strong>Quod</strong></span> <span class='ocrx_word' id='word_1_727' title='bbox 479 4876 627 4958; x_wconf 89' lang='lat' dir='ltr'><strong>proximo</strong></span> <span class='ocrx_word' id='word_1_728' title='bbox 651 4894 747 4938; x_wconf 88' lang='lat' dir='ltr'><strong>versu</strong></span> <span class='ocrx_word' id='word_1_729' title='bbox 770 4875 930 4956; x_wconf 89' lang='lat' dir='ltr'><strong>seqnitur:</strong></span> <span class='ocrx_word' id='word_1_730' title='bbox 955 4873 984 4936; x_wconf 82' lang='grc' dir='ltr'>Α</span> <span class='ocrx_word' id='word_1_731' title='bbox 1010 4875 1087 4938; x_wconf 88' lang='lat' dir='ltr'><strong>viris</strong></span> <span class='ocrx_word' id='word_1_732' title='bbox 1139 4877 1262 4938; x_wconf 90' lang='lat' dir='ltr'><strong>mirum</strong></span> <span class='ocrx_word' id='word_1_733' title='bbox 1304 4888 1352 4940; x_wconf 91' lang='lat' dir='ltr'><strong>ost</strong></span> <span class='ocrx_word' id='word_1_734' title='bbox 1390 4874 1452 4938; x_wconf 91' lang='lat' dir='ltr'><strong>hae</strong></span> <span class='ocrx_word' id='word_1_735' title='bbox 1484 4875 1728 4940; x_wconf 88' lang='lat' dir='ltr'><strong>oiroumstantia</strong></span> <span class='ocrx_word' id='word_1_736' title='bbox 1764 4875 1974 4939; x_wconf 88' lang='lat' dir='ltr'><strong>vehementer</strong></span> <span class='ocrx_word' id='word_1_737' title='bbox 2012 4875 2112 4939; x_wconf 86' lang='lat' dir='ltr'><strong>fuisse</strong></span> 
     </span>
     <span class='ocr_line' id='line_1_54' title="bbox 109 4958 2113 5042; baseline -0 -16"><span class='ocrx_word' id='word_1_738' title='bbox 109 4982 215 5026; x_wconf 92' lang='lat' dir='ltr'><strong>manu</strong></span> <span class='ocrx_word' id='word_1_739' title='bbox 241 4975 299 5024; x_wconf 87' lang='lat' dir='ltr'><strong>tna</strong></span> <span class='ocrx_word' id='word_1_740' title='bbox 322 4959 473 5037; x_wconf 89' lang='lat' dir='ltr'><strong>Domine,</strong></span> <span class='ocrx_word' id='word_1_741' title='bbox 498 4980 517 5024; x_wconf 86' lang='lat' dir='ltr'><strong>a</strong></span> <span class='ocrx_word' id='word_1_742' title='bbox 541 4960 620 5023; x_wconf 87' lang='lat' dir='ltr'><strong>viris</strong></span> <span class='ocrx_word' id='word_1_743' title='bbox 643 4959 699 5042; x_wconf 91' lang='lat' dir='ltr'><strong>qui</strong></span> <span class='ocrx_word' id='word_1_744' title='bbox 722 4970 798 5024; x_wconf 88' lang='lat' dir='ltr'><strong>sunt</strong></span> <span class='ocrx_word' id='word_1_745' title='bbox 829 4981 847 5022; x_wconf 87' lang='lat' dir='ltr'><strong>a</strong></span> <span class='ocrx_word' id='word_1_746' title='bbox 877 4960 1013 5036; x_wconf 87' lang='lat' dir='ltr'><strong>saeeulo,</strong></span> <span class='ocrx_word' id='word_1_747' title='bbox 1040 4961 1088 5022; x_wconf 87' lang='lat' dir='ltr'><strong>ita</strong></span> <span class='ocrx_word' id='word_1_748' title='bbox 1139 4960 1318 5023; x_wconf 89' lang='lat' dir='ltr'><strong>turbatum.</strong></span> <span class='ocrx_word' id='word_1_749' title='bbox 1371 4958 1437 5025; x_wconf 80' lang='lat' dir='ltr'><strong>Sed</strong></span> <span class='ocrx_word' id='word_1_750' title='bbox 1470 4961 1715 5024; x_wconf 90' lang='lat' dir='ltr'><strong>meminerimus</strong></span> <span class='ocrx_word' id='word_1_751' title='bbox 1749 4980 1789 5023; x_wconf 90' lang='lat' dir='ltr'><strong>ex</strong></span> <span class='ocrx_word' id='word_1_752' title='bbox 1824 4959 1876 5041; x_wconf 90' lang='lat' dir='ltr'><strong>pia</strong></span> <span class='ocrx_word' id='word_1_753' title='bbox 1909 4958 2113 5040; x_wconf 84' lang='lat' dir='ltr'><strong>querimonia</strong></span> 
     </span>
     <span class='ocr_line' id='line_1_55' title="bbox 1141 5044 2112 5127; baseline 0.005 -21"><span class='ocrx_word' id='word_1_754' title='bbox 1141 5044 1336 5108; x_wconf 87' lang='lat' dir='ltr'><strong>levationem</strong></span> <span class='ocrx_word' id='word_1_755' title='bbox 1378 5066 1452 5109; x_wconf 86' lang='lat' dir='ltr'><strong>eurn</strong></span> <span class='ocrx_word' id='word_1_756' title='bbox 1499 5055 1619 5125; x_wconf 90' lang='lat' dir='ltr'><strong>potore,</strong></span> <span class='ocrx_word' id='word_1_757' title='bbox 1666 5063 1731 5107; x_wconf 95' lang='lat' dir='ltr'><strong>non</strong></span> <span class='ocrx_word' id='word_1_758' title='bbox 1773 5055 1882 5107; x_wconf 89' lang='lat' dir='ltr'><strong>autem</strong></span> <span class='ocrx_word' id='word_1_759' title='bbox 1925 5044 2112 5127; x_wconf 88' lang='lat' dir='ltr'><strong>obstrepere</strong></span> 
     </span>
    </p>

    <p class='ocr_par' dir='ltr' id='par_1_7' title="bbox 108 5127 2118 5297">
     <span class='ocr_line' id='line_1_56' title="bbox 201 5127 2112 5232; baseline -0.003 -15"><span class='ocrx_word' id='word_1_760' title='bbox 201 5163 231 5232; x_wconf 75' lang='lat'><strong>⁸)</strong></span> <span class='ocrx_word' id='word_1_761' title='bbox 254 5163 301 5217; x_wconf 85' lang='lat' dir='ltr'><strong>des</strong></span> <span class='ocrx_word' id='word_1_762' title='bbox 324 5178 391 5231; x_wconf 79' lang='lat' dir='ltr'><strong>gens</strong></span> <span class='ocrx_word' id='word_1_763' title='bbox 417 5163 463 5231; x_wconf 92' lang='lat' dir='ltr'><strong>qui</strong></span> <span class='ocrx_word' id='word_1_764' title='bbox 487 5171 551 5215; x_wconf 89' lang='lat' dir='ltr'><strong>sont</strong></span> <span class='ocrx_word' id='word_1_765' title='bbox 568 5164 605 5214; x_wconf 91' lang='lat' dir='ltr'><strong>dn</strong></span> <span class='ocrx_word' id='word_1_766' title='bbox 623 5164 728 5226; x_wconf 86' lang='lat' dir='ltr'><strong>monde,</strong></span> <span class='ocrx_word' id='word_1_767' title='bbox 752 5177 786 5215; x_wconf 79' lang='lat' dir='ltr'><strong>en</strong></span> <span class='ocrx_word' id='word_1_768' title='bbox 803 5178 909 5227; x_wconf 82' lang='lat' dir='ltr'><strong>morpe:</strong></span> <span class='ocrx_word' id='word_1_769' title='bbox 933 5177 968 5215; x_wconf 93' lang='lat' dir='ltr'><strong>on</strong></span> <span class='ocrx_word' id='word_1_770' title='bbox 987 5162 1034 5214; x_wconf 78' lang='lat' dir='ltr'><strong>dds</strong></span> <span class='ocrx_word' id='word_1_771' title='bbox 1053 5179 1089 5214; x_wconf 92' lang='lat' dir='ltr'><strong>nn</strong></span> <span class='ocrx_word' id='word_1_772' title='bbox 1140 5128 1221 5226; x_wconf 55' lang='lat' dir='ltr'><strong>DQ</strong></span> <span class='ocrx_word' id='word_1_773' title='bbox 1252 5137 1289 5193; x_wconf 66' lang='lat' dir='ltr'><strong>Ut</strong></span> <span class='ocrx_word' id='word_1_774' title='bbox 1319 5149 1379 5227; x_wconf 67' lang='lat'>¹19⁸</span> <span class='ocrx_word' id='word_1_775' title='bbox 1401 5149 1529 5211; x_wconf 64' lang='lat' dir='ltr'>quoque</span> <span class='ocrx_word' id='word_1_776' title='bbox 1559 5127 1961 5226; x_wconf 53' lang='lat' dir='ltr'><strong>⁰5¹¹‚5fl10mpl0gf3mit05</strong></span> <span class='ocrx_word' id='word_1_777' title='bbox 1984 5138 2112 5229; x_wconf 42' lang='lat' dir='ltr'><strong>¹¹⁰⁸,tl&#39;03</strong></span> 
     </span>
     <span class='ocr_line' id='line_1_57' title="bbox 108 5211 2118 5297; baseline -0.002 -12"><span class='ocrx_word' id='word_1_778' title='bbox 108 5231 220 5296; x_wconf 77' lang='lat' dir='ltr'><strong>monde,</strong></span> <span class='ocrx_word' id='word_1_779' title='bbox 239 5232 275 5283; x_wconf 80' lang='lat' dir='ltr'><strong>ou</strong></span> <span class='ocrx_word' id='word_1_780' title='bbox 292 5247 328 5283; x_wconf 87' lang='lat' dir='ltr'><strong>un</strong></span> <span class='ocrx_word' id='word_1_781' title='bbox 347 5231 435 5283; x_wconf 76' lang='lat' dir='ltr'><strong>siecle.</strong></span> <span class='ocrx_word' id='word_1_782' title='bbox 1141 5213 1304 5279; x_wconf 77' lang='lat' dir='ltr'><strong>diseamus</strong></span> <span class='ocrx_word' id='word_1_783' title='bbox 1344 5236 1379 5277; x_wconf 92' lang='lat' dir='ltr'><strong>m</strong></span> <span class='ocrx_word' id='word_1_784' title='bbox 1421 5214 1546 5279; x_wconf 90' lang='lat' dir='ltr'><strong>ooolnm</strong></span> <span class='ocrx_word' id='word_1_785' title='bbox 1582 5212 1731 5297; x_wconf 76' lang='lat' dir='ltr'><strong>dirigere.</strong></span> <span class='ocrx_word' id='word_1_786' title='bbox 1786 5211 1929 5292; x_wconf 79' lang='lat' dir='ltr'><strong>Quidam</strong></span> <span class='ocrx_word' id='word_1_787' title='bbox 1964 5214 2118 5281; x_wconf 84' lang='lat' dir='ltr'><strong>subtrlrns</strong></span> 
     </span>
    </p>

    <p class='ocr_par' dir='ltr' id='par_1_8' title="bbox 1861 5314 1908 5366">
     <span class='ocr_line' id='line_1_58' title="bbox 1861 5314 1908 5366; baseline 0.021 -1"><span class='ocrx_word' id='word_1_788' title='bbox 1861 5314 1908 5366; x_wconf 77' lang='lat'><strong>11*</strong></span> 
     </span>
    </p>
   </div>
   <div class='ocr_carea' id='block_1_5' title="bbox 0 0 2334 5856">
    <p class='ocr_par' dir='ltr' id='par_1_9' title="bbox 0 0 2334 5856">
     <span class='ocr_line' id='line_1_59' title="bbox 0 0 2334 5856; baseline 0 1"><span class='ocrx_word' id='word_1_789' title='bbox 0 0 2334 5856; x_wconf 95' lang='lat' dir='ltr'><strong> </strong></span> 
     </span>
    </p>
   </div>
  </div>
 </body>
</html>
