4658 5856
163 304 225 372 tet
925 307 1142 377 PSALMUS
1164 306 1382 376 LXXXVII.
2087 310 2150 376 tes

161 514 239 560 mox
261 494 432 578 absorptus
453 496 579 577 fuisset,
599 497 663 563 nisi
685 496 842 563 miraculo
864 518 940 562 eum
962 498 1054 562 Deus
1075 498 1137 562 eri·
1189 519 1271 563 mus.
1324 495 1449 563 Ultimo
1486 503 1594 562 autem
1628 516 1725 562 versu
1763 496 1882 561 iterum
1922 497 2092 562 confirmat
2124 519 2159 564 se

161 580 288 663 puisset
310 582 404 662 quasi
426 603 466 647 ex
490 582 597 649 media
618 597 732 647 morte.
764 583 957 648 Extremam
970 583 1135 648 saevitiae
1188 582 1289 648 fuisse
1318 602 1337 646 a
1366 581 1437 647 Deo
1467 582 1559 664 quasi
1588 580 1787 647 derelictum.
1838 581 1951 664 Neque
1980 583 2066 646 enim
2097 583 2159 649 sibi

163 666 393 748 intemperiem
416 667 568 750 designat
588 688 688 751 quum
719 668 798 732 dicit
826 668 952 733 nullum
984 668 1136 733 habuisse
1190 669 1317 748 signum
1342 665 1472 750 aliquod
1493 667 1617 752 gratiae
1648 667 1719 733 dari
1748 675 1889 750 optaret,
1923 669 1985 732 nisi
2016 667 2160 751 undique

163 751 228 816 Dei
250 762 450 833 respectum:
484 754 563 836 quia
584 755 646 819 uisi
668 775 728 818 uos
751 753 914 818 refraenet
936 752 999 817 Dei
1029 754 1137 832 timor,
1189 752 1230 818 ad
1249 751 1506 837 desperationem
1525 753 1641 818 fuisset
1657 752 1828 836 impulsus,
1851 763 1883 816 et
1901 752 1941 816 ad
1958 754 2159 836 probandam

164 849 199 902 et
220 835 332 901 iudicii
354 837 424 902 eius
445 859 576 916 sensus,
606 838 812 923 prodigiosus
841 848 890 904 est
917 837 1061 903 libidinis
1083 859 1138 903 no·
1189 839 1258 904 eius
1280 838 1471 921 patientiam
1494 837 1700 903 absconditus
1722 838 1836 904 fuisset
1859 838 1920 902 Dei
1942 838 2041 903 favor.
2086 839 2160 905 Hee

164 933 253 987 strae
275 921 367 986 furer
396 922 438 987 ad
465 924 595 1006 quidvis
625 925 820 989 audendum.
872 924 977 989 Porro
1009 926 1044 988 in
1075 924 1138 988 Dei
1189 936 1299 989 autem
1322 945 1388 988 non
1411 924 1556 1005 vulgaris
1578 924 1778 989 constantiae
1799 924 2061 1007 experimentum
2083 924 2156 1002 fuit,

164 1006 388 1072 misericordia
424 1009 476 1075 his
513 1010 608 1075 melis
648 1010 827 1075 remedium
861 1010 997 1091 quaerit.
1052 1008 1138 1073 Nam
1189 1030 1262 1074 eum
1291 1009 1351 1074 hac
1381 1011 1559 1073 tentatione
1581 1009 1715 1093 luctari,
1751 1018 1788 1073 ut
1817 1010 1919 1074 lucem
1949 1009 1984 1072 in
2016 1010 2158 1076 tenebris

166 1112 267 1176 quum
291 1093 401 1157 statim
424 1092 586 1159 delabitur
607 1094 647 1158 ed
670 1095 750 1161 haec
778 1095 898 1179 elogia,
932 1095 981 1158 Tu
1003 1093 1139 1161 Domine
1188 1114 1320 1159 eernere
1344 1115 1408 1160 uon
1431 1094 1602 1159 desineret.
1647 1094 1761 1161 Hostes
1782 1103 1891 1159 autem
1912 1093 1985 1159 ideo
2002 1095 2159 1176 pudefieri

165 1177 257 1242 Deus
276 1178 337 1257 mi,
366 1179 544 1245 misericors
565 1185 635 1260 ete,
664 1180 799 1263 perinde
827 1190 877 1245 est
898 1199 936 1243 ae
958 1181 984 1244 si
1008 1180 1139 1264 diceret,
1188 1181 1287 1263 eupit,
1311 1180 1396 1263 quod
1419 1179 1660 1263 simplieitatem
1683 1182 1754 1245 eius
1777 1179 1924 1245 ludibriis
1945 1180 2013 1244 suis
2029 1201 2066 1246 ac
2084 1201 2157 1246 san·

165 1275 283 1329 contra
304 1263 474 1328 audaciam
496 1274 529 1329 et
551 1266 674 1331 rabiem
697 1266 870 1348 impiorum
889 1265 968 1330 satis
986 1286 1057 1330 esse
1079 1287 1138 1330 no·
1189 1266 1242 1332 nis
1264 1265 1439 1344 vexabant,
1463 1266 1555 1348 quasi
1577 1266 1676 1330 stulte
1698 1267 1731 1330 in
1754 1266 1862 1330 Deum
1884 1278 2055 1348 sperasset.

167 1347 218 1413 bis
247 1348 399 1430 praesidii
427 1351 462 1413 in
492 1350 556 1415 Dei
587 1349 745 1427 bonitate,
778 1351 965 1428 clementia,
999 1360 1030 1414 et
1064 1352 1137 1416 fide.

165 1432 259 1498 Fieri
280 1434 378 1498 etiam
401 1447 522 1517 potest,
550 1457 650 1518 quum
672 1437 812 1501 sentiret
837 1436 953 1520 impios
982 1457 1053 1502 esse
1075 1437 1138 1501 Dei

166 1518 308 1603 flagella,
331 1532 366 1583 ut
387 1520 427 1584 ad
450 1520 630 1585 sedandum
652 1521 860 1589 immodicum
883 1535 1050 1600 terrorem,
1074 1520 1138 1586 Dei

165 1605 419 1670 misericordium
442 1606 503 1671 sibi
526 1608 699 1688 prosuerit.
743 1607 816 1673 Hoc
842 1609 929 1672 enim
953 1627 1065 1672 verum
1089 1616 1139 1671 est
1450 1639 1655 1710 PSALMUS
1678 1639 1886 1707 LXXXVII

166 1704 266 1772 atque
289 1690 422 1755 unicum
445 1691 607 1769 solatium,
630 1694 780 1776 quamvis
802 1714 861 1759 nos
879 1691 971 1758 Deus
993 1693 1138 1776 castiget,
1887 1687 1897 1707 '

165 1794 236 1839 non
258 1785 367 1840 tamen
388 1777 629 1843 misericordiae
650 1799 728 1844 suae
749 1777 905 1845 oblivisci.
938 1778 1043 1842 Porro
1060 1779 1138 1842 satis
1418 1829 1424 1840 .
1555 1829 1561 1840 .
1694 1829 1721 1841 ..
1929 1827 1935 1839 .
2045 1828 2050 1838 .
2081 1829 2097 1858 .,

165 1873 281 1925 notum
312 1871 379 1941 est,
412 1861 616 1945 desumptam
648 1885 720 1930 esse
752 1863 947 1929 senentiam
981 1862 1066 1927 1111
1098 1885 1139 1928 01
1189 1828 1273 1885 ree.
1291 1828 2158 1966 ttttrttetttttll‘tzwiltttisstlt‘ltlt

165 1945 275 2012 Exodi
295 1966 365 2028 cap.
387 1946 440 2024 34,
463 1969 547 2013 vers.
571 1950 591 2014 6
614 1948 669 2013 ubi
691 1951 834 2014 maxime
855 1948 993 2032 insigniti
1016 1961 1067 2013 ost
1084 1968 1139 2012 na·
1292 1967 1387 2018 miram
1414 1973 1442 2018 at
1466 1965 1653 2019 incredibilem
1680 1966 1739 2045 cius
1767 1965 1989 2045 instaurationem
2021 1941 2157 2034 premittit

167 2040 260 2097 turae
292 2031 355 2096 Dei
390 2032 571 2116 descriptio.
627 2034 740 2099 Primo
774 2042 906 2100 vocatur
938 2034 1138 2100 misericors:
1291 2033 1404 2115 11111111
1422 2041 1542 2115 sanetus,
1565 2042 1599 2115 ue
1613 2033 1681 2086 nihil
1698 2038 1735 2086 ⁸¹t
1752 2049 1836 2098 mags
1854 2033 1974 2102 ⁰Pl⁰b¹¹⁰
1998 2051 2078 2102 quam
2096 2052 2156 2090 0011·

166 2116 245 2180 inde
273 2117 419 2199 sequitur
445 2121 614 2201 properasse
648 2120 691 2184 ed
759 2119 872 2196 etiem
906 2118 984 2184 dum
1017 2119 1140 2184 seilicet
1291 2120 1346 2156 ⁸⁰¹¹
1362 2120 1391 2155 ¹¹¹
1409 2119 1467 2156 ⁰¹⁰⁸
1485 2103 1621 2156 mmm·

166 2201 265 2266 malis
288 2205 407 2268 uostris
429 2205 633 2287 compatitur.
679 2205 819 2270 Aditur
846 2205 942 2270 tertio
971 2205 1040 2269 eius
1065 2205 1137 2270 tele-
1313 2275 1344 2288 ,,
1843 2273 1850 2286 ,
2046 2204 2048 2209 ’
2156 2285 2158 2288 ,

165 2288 285 2366 raetia,
307 2288 383 2369 quia
404 2310 468 2353 uon
491 2290 697 2356 excandescit
719 2289 853 2356 simules
870 2290 978 2355 laesus
1000 2298 1058 2367 est,
1081 2289 1136 2354 sed
1274 2273 1435 2339 ΜΝ*
1458 2272 1556 2339 0⁰f⁰⁰
1578 2271 1729 2338 Pfflfm
1759 2272 1928 2339 Gallim·
1974 2274 2002 2336 Ῑ·
2026 2271 2157 2339 Fmda·

165 2393 228 2456 pro
250 2393 310 2436 sua
331 2372 537 2457 indulgentia
558 2376 706 2460 ignoscit.
750 2375 898 2441 Tandem
921 2375 1039 2440 dicitur
1060 2374 1139 2439 mut
1187 2364 1288 2424 media
1319 2361 1388 2457 “3⁴⁸
1423 2360 1459 2423 in
1487 2357 1640 2456 ”⁸me
1666 2359 1791 2424 Samii&
1841 2359 1871 2422 2·
1899 2357 2016 2440 Dflftfl
2043 2357 2158 2424 1⁶le

166 2463 220 2523 tus
240 2459 400 2525 remeate
420 2464 448 2524 et
468 2461 613 2526 emitote:
648 2459 765 2544 quibus
787 2461 895 2526 verbis
917 2460 1065 2544 intellige
1087 2480 1138 2524 as·
1182 2449 1294 2543 Mas
1318 2443 1493 2547 131071171αέ
1514 2443 1875 2544 WQSWWMD
1896 2442 1997 2508 1⁰⁰⁰&
2031 2443 2061 2508 3·
2084 2444 2158 2509 (91ῑο-

166 2542 260 2608 sidue
282 2545 461 2610 beneficum
491 2566 562 2611 esse
583 2557 616 2612 et
637 2567 800 2612 veracem·
841 2545 999 2628 Quamvis
1028 2555 1136 2610 autem
1188 2550 1274 2595 ”0⁸⁰
1295 2531 1379 2595 Ma
1399 2535 1474 2595 suet
1494 2531 1532 2596 ἆθ
1553 2534 1580 2594 10
1600 2534 1711 2595 ⁶²v²l⁰⁸
1734 2529 1805 2596 Del·
1851 2527 1953 2594 &lad-

166 2649 233 2693 nen
256 2628 365 2694 minus
388 2630 556 2696 laudabilis
583 2632 626 2697 sit
647 2633 717 2697 cius
746 2632 920 2715 serentes,
949 2651 1046 2714 quam
1076 2632 1138 2697 ele-

165 2714 308 2779 mentia:
344 2716 421 2798 quia
442 2725 553 2781 tamen
576 2739 641 2783 non
662 2717 726 2782 nisi
748 2718 931 2800 pervicacia
952 2727 1064 2781 nostra
1086 2738 1137 2782 se·
1273 2715 1383 2797 Quum
1418 2716 1499 2782 bene
1531 2727 1581 2782 est
1613 2715 1689 2782 filiis
1711 2717 1807 2781 huius
1841 2716 1976 2798 saeculi,
2006 2715 2156 2782 videmus

166 2819 270 2865 verus
290 2808 348 2879 est,
374 2802 467 2884 quusi
485 2802 526 2867 ad
548 2796 727 2887 exigendas
752 2823 872 2885 peenas
893 2816 1034 2887 cogatur,
1056 2802 1135 2867 seri·
1188 2814 1386 2886 quantopere
1406 2824 1464 2868 sua
1485 2802 1549 2867 illis
1571 2802 1697 2885 placeat
1718 2800 1875 2879 conditio,
1904 2810 1937 2865 et
1958 2822 2057 2885 quam
2086 2823 2156 2867 ma·

165 2892 266 2967 ptura
281 2886 475 2951 naturaliter
488 2885 679 2953 elementem
698 2899 730 2953 et
748 2889 922 2971 propitium
937 2886 1135 2970 praedicans,
1187 2890 1305 2972 guifiee
1334 2909 1407 2954 cum
1438 2886 1575 2970 superbo
1605 2887 1759 2952 eeclesiae
1787 2896 1973 2968 eoutemptu
2001 2907 2073 2951 eam
2101 2908 2155 2952 ex·

167 2970 261 3052 quusi
284 2971 481 3037 accidentale
504 2993 575 3038 esse
601 2975 764 3058 significat
792 2975 819 3039 si
849 2972 977 3056 quando
1003 2992 1136 3037 severus
1188 2974 1320 3039 tollant:
1354 2995 1391 3038 ac
1423 2994 1464 3037 ne
1498 2972 1590 3037 malis
1622 2971 1753 3054 quidem
1786 2971 1915 3052 domiti,
1949 2971 2046 3035 huius
2078 2992 2155 3037 suae

167 3074 206 3120 ae
228 3055 352 3140 rigidus
375 3067 434 3122 est.
473 3058 656 3142 Improprie
677 3058 808 3142 quidem
830 3070 864 3123 et
885 3078 992 3123 crasse
1014 3059 1136 3139 loquer,
1187 3058 1294 3124 ebriae
1326 3057 1540 3124 confidentiae
1572 3058 1817 3122 obliviscuntur.
1872 3056 2003 3120 Interea
2043 3077 2155 3122 secure

166 3140 225 3205 sed
248 3150 356 3207 tamen
380 3142 445 3208 hue
467 3143 572 3209 tendit
592 3144 749 3228 elogium,
780 3163 843 3226 que
865 3141 1057 3209 describitur
1079 3164 1135 3207 ua·
1187 3145 1229 3208 ab
1251 3143 1316 3209 illis
1338 3142 1516 3225 despicitur
1537 3142 1652 3227 religio
1674 3153 1708 3206 et
1730 3141 1793 3206 Dei
1815 3141 1937 3207 cultus:
1971 3141 2046 3224 quia
2074 3141 2154 3206 deli-

167 3234 244 3290 tura
263 3226 333 3305 Dei,
352 3227 459 3293 Deum
478 3229 524 3295 sie
541 3239 660 3295 natura
676 3229 851 3313 propitium
870 3249 941 3294 esse
958 3242 991 3292 et
1009 3227 1136 3293 facilem
1187 3230 1261 3312 eiis,
1285 3228 1415 3312 opibus,
1438 3238 1470 3294 et
1491 3228 1624 3293 honoris
1645 3225 1817 3311 splendore
1839 3228 2001 3307 contenti,
2024 3227 2085 3292 sibi
2107 3228 2155 3292 vi-

167 3310 210 3375 ad
232 3311 371 3377 dandam
394 3314 533 3394 veniam,
557 3328 596 3380 ut
616 3315 814 3393 dissimulet,
837 3332 1021 3397 poenasque
1042 3311 1137 3377 diffe·
1187 3315 1306 3381 dentur
1339 3312 1458 3396 absque
1488 3312 1560 3378 Dee
1590 3333 1661 3379 esse
1690 3312 1807 3377 felices.
1852 3313 1923 3377 Iam
1952 3333 2028 3377 vero
2059 3334 2154 3396 saepe

166 3405 236 3475 rat,
265 3419 323 3464 nee
353 3419 507 3481 unquam,
537 3400 601 3465 uisi
626 3400 752 3466 malitia
780 3411 890 3465 nostra
919 3407 1066 3482 coactus,
1095 3397 1136 3462 ad
1186 3401 1226 3465 fit
1244 3412 1281 3465 ut
1302 3420 1357 3464 eos
1380 3400 1542 3464 Dominus
1563 3399 1652 3464 omni
1682 3400 1841 3464 bonerum
1872 3418 1990 3482 genere
2018 3400 2155 3482 saginet,

166 3481 347 3548 vindictam
377 3505 412 3549 sc
442 3487 600 3569 accingat.
645 3486 801 3552 Diximus
831 3497 941 3550 autem
972 3484 1049 3549 alibi
1078 3503 1137 3550 cur
1186 3487 1289 3551 iustas
1312 3486 1442 3549 tandem
1464 3495 1497 3550 et
1518 3496 1661 3550 maturas
1684 3483 1723 3548 de
1745 3485 1890 3568 ipsorum
1920 3483 2154 3566 ingratitudine

165 3565 232 3631 Dei
253 3569 441 3634 elementiae
465 3572 620 3654 iungatur
643 3572 774 3637 veritas.
818 3571 902 3636 Nam
934 3571 1009 3654 quia
1038 3571 1135 3634 etiam
1186 3592 1307 3654 poenas
1337 3581 1542 3653 sumpturus,
1575 3570 1742 3636 ecclesiam
1767 3591 1843 3634 vero
1872 3589 1963 3634 suam
1994 3570 2094 3634 variis
2122 3582 2155 3635 et

165 3655 224 3736 qui
245 3656 386 3719 maxime
408 3664 487 3719 sunt
509 3657 650 3741 benigni,
672 3664 828 3740 cuperent
848 3655 1012 3721 interdum
1032 3665 1136 3720 retra·
1187 3655 1343 3743 gravibus
1362 3657 1526 3721 aerumnis
1549 3669 1690 3738 premat,
1721 3655 1773 3722 vel
1794 3653 1910 3718 saltem
1932 3655 2099 3720 contineat
2120 3657 2154 3720 in

165 3748 256 3804 ctare
277 3741 304 3803 si
326 3740 403 3823 quid
426 3742 561 3826 polliciti
583 3755 678 3825 suut,
700 3743 776 3826 quia
797 3762 874 3807 suae
896 3741 1060 3807 facilitatis
1082 3761 1137 3807 eos
1186 3743 1323 3808 obscuro
1345 3753 1378 3805 et
1399 3740 1514 3806 humili
1537 3749 1634 3821 statu,
1656 3751 1694 3804 ut
1715 3740 1776 3805 sibi
1791 3740 1910 3806 misera
1925 3740 2026 3822 possit
2041 3739 2155 3821 videri,

164 3824 328 3907 poenitet:
362 3847 420 3891 nos
442 3827 498 3909 qui
524 3848 695 3911 perperam
724 3827 832 3892 metiri
856 3827 964 3892 Deum
994 3827 1136 3892 solemus
1186 3840 1274 3893 certe
1294 3825 1459 3908 despectui
1482 3829 1524 3891 sit
1546 3825 1695 3891 obnoxia.
1741 3826 1831 3909 Ergo
1859 3846 1900 3890 ne
1928 3825 2039 3890 fideles
2068 3825 2153 3891 deci-

164 3921 278 3975 nostra
313 3909 408 3988 ulna,
453 3913 630 3978 diffidimus
669 3912 709 3977 de
747 3914 817 3978 eius
857 3912 1135 3995 promissionibus.
1187 3914 1253 3996 piat
1275 3911 1414 3977 evanida
1436 3914 1498 3977 ista
1519 3911 1656 3994 speeies,
1686 3911 1750 3976 alio
1772 3912 1919 3976 revocari
1941 3929 2058 3993 operae
2081 3932 2153 3993 pre·

164 3995 256 4079 Ergo
278 3994 370 4062 Deus
392 4018 426 4061 se
456 3996 646 4063 dissimilem
676 3998 862 4064 hominibus
893 4019 963 4063 esse
991 4018 1134 4080 pronun·
1187 4000 1270 4063 tium
1292 4009 1357 4081 est,
1387 4008 1423 4062 ut
1445 4006 1590 4062 statuant
1611 4017 1727 4062 verum
1750 3996 1925 4079 essequod
1948 3997 2041 4060 docet
2063 3996 2155 4061 Psal-

166 4082 242 4163 tiat,
272 4082 437 4163 quianon
460 4083 568 4148 minus
589 4084 651 4149 sibi
672 4094 801 4149 constat
823 4084 912 4168 large
940 4082 1136 4166 praestando
1186 4105 1260 4149 mus
1289 4080 1426 4160 33,12,
1458 4081 1589 4147 beatum
1626 4103 1695 4147 esse
1725 4082 1880 4165 populum
1908 4082 1960 4146 cui
1989 4081 2154 4147 Dominus

167 4166 325 4249 quidquid
349 4168 512 4249 pollicitus
534 4180 599 4246 est,
630 4190 728 4252 quam
758 4170 935 4235 liberaliter
963 4170 1136 4251 promittit.
1186 4180 1238 4233 est
1258 4167 1359 4233 Deus.
1403 4166 1457 4234 Sit
1478 4169 1579 4252 igitur
1600 4167 1726 4232 Psalmi
1747 4167 1847 4232 huius
1869 4186 2013 4245 summa,
2043 4167 2153 4233 Unam

254 4252 303 4316 16.
334 4252 479 4337 (Respice
507 4255 549 4319 ed
577 4255 647 4341 me.)
696 4253 826 4320 Clarius
855 4253 895 4318 ad
932 4264 1136 4337 praesentem
1187 4254 1250 4319 Dei
1272 4254 1440 4320 eeclesiam
1460 4272 1559 4335 supra
1580 4253 1691 4318 omnia
1713 4253 1828 4317 mundi
1851 4273 1954 4336 regua
1975 4263 2009 4317 et
2025 4253 2153 4334 politiae

165 4357 265 4402 usum
286 4337 505 4403 accommodat
527 4338 614 4422 quod
636 4339 719 4404 dixit
742 4340 781 4404 de
803 4340 974 4406 elementia
992 4351 1026 4404 et
1044 4339 1134 4404 boui·
1186 4340 1354 4416 excellere,
1377 4339 1452 4421 quia
1474 4339 1582 4403 Deum
1605 4339 1703 4402 habet
1724 4338 1840 4403 salutis
1862 4358 1940 4402 suae
1962 4337 2153 4420 praesidem,

165 4432 235 4487 tato
252 4424 323 4488 Dei.
358 4423 443 4489 Nam
461 4423 537 4506 quia
559 4426 741 4491 misericors
759 4436 809 4489 est
826 4425 927 4507 Deus,
950 4426 979 4489 ei
997 4424 1135 4489 salutem
1186 4427 1319 4507 eiusque
1351 4424 1486 4507 imperio
1526 4423 1734 4506 gubernatur.
1791 4424 1957 4500 Primum,
1997 4431 2034 4486 ut
2066 4423 2153 4487 inter

166 4529 260 4574 suam
283 4530 379 4574 curae
401 4509 471 4574 fore
492 4509 636 4576 confidit.
681 4512 798 4575 Postea
825 4512 971 4593 sequitur
999 4512 1132 4576 verbum
1185 4511 1348 4575 violentos
1369 4521 1476 4574 motus
1499 4521 1531 4573 et
1552 4508 1721 4573 horribiles
1749 4509 1924 4591 precellas,
1953 4507 2071 4590 quibus
2100 4530 2152 4574 su·

165 4606 231 4689 till,
261 4594 345 4676 quod
368 4596 541 4678 gratificari
564 4597 744 4680 significat,
771 4595 975 4680 referturque
997 4595 1038 4660 ad
1060 4616 1133 4677 gra·
1185 4594 1281 4660 binde
1302 4595 1487 4661 concutitur
1508 4594 1594 4658 orbis
1616 4603 1786 4674 terrarum,
1808 4594 1898 4659 salva
1920 4603 2058 4671 maneat.
2094 4591 2152 4659 Se·

166 4680 286 4744 tuitum
323 4680 489 4746 auxilium.
545 4681 690 4746 Tandem
730 4680 892 4747 eoneludit
930 4704 965 4746 se
1004 4681 1134 4746 nonnisi
1184 4681 1307 4758 eundo,
1336 4679 1435 4763 idque
1458 4679 1643 4762 praecipue,
1673 4691 1710 4743 ut
1739 4678 1884 4744 eiusdem
1907 4678 1970 4744 Dei
1994 4677 2153 4760 praesidio

166 4765 313 4849 precaria
340 4764 404 4829 Dei
435 4768 556 4831 virtuto
586 4768 654 4831 fere
682 4764 825 4831 salvum:
859 4787 923 4850 que
948 4767 1069 4832 fatetur
1098 4789 1133 4832 se
1184 4765 1376 4831 mirabiliter
1404 4775 1554 4844 servata,
1587 4763 1719 4829 tandem
1749 4764 1789 4829 ad
1817 4764 1959 4847 palmam
1995 4785 2153 4846 supernae

165 4851 256 4916 intus
277 4849 422 4916 deficere.
456 4849 587 4917 Savum
607 4858 635 4917 et
652 4852 756 4933 etium
776 4852 909 4918 antidea
926 4873 960 4917 se
979 4851 1132 4932 vocando,
1182 4852 1360 4917 vocationis
1382 4861 1455 4933 pest
1469 4850 1599 4934 longam
1618 4850 1769 4915 militiam
1786 4851 1966 4932 perveniat.
1993 4848 2066 4914 Hoc
2085 4851 2152 4914 sin·

167 4956 233 5001 non
255 4958 316 5002 sua
336 4937 489 5019 obsequia
509 4939 622 5016 iactat,
652 4937 773 5003 sodex
802 4938 898 5020 longa
926 4939 1068 5021 origine,
1100 4951 1132 5003 et
1183 4938 1295 5022 gulare
1317 4935 1380 5000 Dei
1403 4935 1594 5001 beneficium
1617 4946 1683 5015 est,
1713 4956 1751 5000 ac
1779 4935 1876 4999 simul
1905 4934 2034 5018 insigne
2056 4936 2151 4999 mira·

167 5021 321 5086 diuturno
349 5041 446 5087 eursu
475 5025 600 5106 gratiae
622 5022 686 5088 Dei
714 5021 788 5105 plus
816 5022 967 5088 conciliat
994 5024 1132 5089 favoris:
1183 5023 1303 5099 culum,
1326 5021 1410 5103 quod
1433 5021 1608 5086 intortam
1632 5021 1738 5086 varias
1760 5042 1935 5105 regnorum
1954 5032 2060 5085 terrae
2078 5039 2151 5085 eon-

167 5127 205 5171 ae
227 5108 256 5171 si
278 5105 413 5190 diceret,
442 5129 477 5172 se
500 5107 540 5172 ab
563 5119 655 5173 utero
679 5108 792 5172 matris
822 5108 1032 5173 domesticum
1061 5129 1132 5174 esse
1184 5106 1363 5184 versiones,
1400 5107 1567 5172 ecclesiam
1598 5127 1691 5171 suam
1721 5127 1778 5190 per
1806 5108 1976 5172 continuos
2008 5115 2151 5171 aetatum

167 5190 230 5259 Dei
252 5212 401 5271 servum,
424 5213 461 5259 ao
484 5213 634 5274 vernam,
659 5214 722 5277 qua
744 5192 783 5257 de
805 5214 840 5258 re
862 5194 926 5257 iam
949 5194 1025 5260 alibi
1048 5194 1132 5259 dixi·
1183 5213 1352 5260 successus
1374 5212 1576 5277 propagans,
1606 5191 1646 5258 ab
1668 5193 1805 5258 interitu
1828 5192 1989 5271 vindieat,
2019 5202 2055 5256 ut
2082 5191 2151 5255 sola
