4658 5856
127 327 187 393 121
971 325 1188 395 Panthus
1211 329 1274 395 XI.
2047 332 2110 399 122

125 511 243 579 ultima
263 513 453 580 disorimina
470 536 546 582 eum
564 516 711 583 exerouit
729 518 829 582 Deus.
867 516 984 600 Itaque
1000 514 1093 581 Psal·
1168 537 1242 582 uam
1262 516 1429 583 disiunxit.
1452 519 1497 584 Et
1513 528 1601 584 uerte
1619 539 1682 585 vox
1700 517 1757 584 illa
1774 518 1904 603 Fugite,
1926 516 1967 581 ad
1985 538 2108 585 meram

126 619 217 664 mum
245 596 298 684 (ut
326 620 432 683 nuper
460 601 630 688 admonui)
661 604 696 668 in
724 600 788 668 duo
809 603 957 669 membra
978 601 1095 667 distin·
1145 536 1403 685 lesperationem
1440 603 1603 670 tendebat.
1654 604 1741 670 Huio
1783 625 1861 670 vero
1902 601 2108 685 trepidationi

127 705 226 769 guare
254 686 417 753 eonvenit.
461 688 648 771 Antequam
677 690 765 753 enim
792 688 856 755 Dei
878 687 1036 755 iustitiam
1058 686 1093 750 in
1144 685 1257 753 eadere
1281 708 1346 753 non
1369 688 1487 767 debuit,
1510 699 1546 754 ιιι
1568 688 1608 755 de
1631 701 1751 755 eventu
1767 689 1913 754 insertus
1930 690 2108 770 aufugeret.

127 767 252 835 tuenda
280 771 410 854 piorum
432 773 537 839 salute
558 772 699 839 eelebret
720 774 839 850 David,
868 796 904 840 se
926 793 1001 840 eum
1023 772 1094 855 ipsa
1145 772 1190 836 Et
1200 771 1271 839 ideo
1282 775 1444 856 expressit
1455 775 1668 841 animaesuae
1679 776 1741 841 hoe
1752 775 1852 840 fuisse
1864 775 1996 851 dietum,
2010 775 2110 858 signi·

125 866 231 921 morte
261 856 447 924 conflixisse
476 859 626 942 exponit:
655 870 689 925 et
718 867 826 925 amen
857 859 921 925 fide
945 868 1094 939 reeteque
1143 859 2110 943 fieanapeetussuumpenitusfuisseeonfixumprobrosailla

126 940 324 1008 tommentis
344 942 498 1026 adeptum
515 965 586 1011 esse
605 945 781 1011 viatoriam.
820 943 920 1010 Initio
938 942 1092 1027 quoniam
1144 943 1334 1008 reiectione:
1347 944 1441 1010 siouti
1451 967 1515 1010 non
1528 946 1590 1011 alio
1601 945 1651 1031 (ut
1663 945 1743 1030 dixi)
1754 944 1853 1028 dirigi
1865 944 2002 1023 videbat,
2014 965 2110 1027 quam

126 1025 310 1093 suadebant
337 1046 451 1097 omnes
473 1042 510 1094 ιιι
531 1029 646 1095 reliota
667 1030 774 1113 patria
795 1030 831 1095 in
853 1031 896 1096 ali
920 1029 984 1096 uod
1007 1029 1093 1095 exsi·
1144 1028 1186 1093 ad
1208 1028 1463 1095 labefactandam
1492 1028 1589 1096 fidem
1615 1051 1717 1098 suam.
1762 1029 1899 1096 Summa
1920 1039 1980 1108 est,
2009 1051 2109 1112 quum

125 1110 207 1177 lium
229 1110 427 1211 seahderet,
458 1116 606 1181 utnulla
627 1138 702 1200 apes
725 1117 810 1182 vitae
832 1052 962 1182 resilua
983 1115 1013 1180 ei
1035 1115 1093 1179 fie·
1143 1134 1273 1198 semper
1310 1114 1446 1180 vixisset
1473 1117 1636 1194 innoxius,
1675 1124 1711 1181 ut
1739 1115 1873 1182 deoebat
1901 1136 2016 1197 puram
2045 1114 2109 1179 Dei

125 1206 188 1275 ret,
215 1218 278 1263 ursi
307 1219 343 1263 se
364 1199 527 1266 abdiearet
548 1223 568 1266 a
590 1203 748 1284 promisso
777 1223 886 1283 regno,
916 1200 992 1267 huie
1021 1220 1093 1282 per·
1143 1199 1309 1277 onltorem,
1321 1200 1422 1267 fuisse
1434 1212 1544 1267 tamen
1556 1216 1688 1268 aeterno
1696 1200 1995 1267 exsilioaddietum.
2006 1199 2110 1266 Dooet

126 1302 222 1348 verso
238 1283 374 1349 oonsilio
390 1305 469 1351 suae
485 1286 520 1352 in
538 1286 612 1352 Deo
630 1288 767 1353 fiduoiae
780 1288 933 1371 elypeum
948 1284 1093 1369 opponit.
1144 1294 1253 1351 autem
1276 1286 1329 1353 hio
1350 1307 1475 1366 versus,
1503 1288 1680 1369 quamlibet
1708 1309 1769 1352 nos
1792 1287 1933 1352 mundus
1956 1287 2111 1369 exagitet,

126 1365 196 1434 Sed
222 1376 397 1451 antequam
429 1368 468 1435 de
490 1394 526 1438 re
548 1373 643 1454 plura
664 1373 778 1450 dieam,
812 1371 1093 1455 operaepretium
1144 1392 1272 1454 semper
1301 1383 1410 1437 tamen
1441 1375 1474 1436 in
1505 1376 1646 1439 statione
1674 1385 1786 1438 nostra
1807 1371 2007 1437 manendum
2029 1392 2110 1449 esso,

125 1462 176 1520 eat
197 1453 299 1521 verba
319 1455 537 1538 interpretari.
584 1457 812 1541 Verbumfm
829 1458 915 1541 quod
933 1456 1093 1525 vertimus
1145 1478 1185 1521 ne
1214 1479 1234 1521 a
1262 1457 1325 1522 Dei
1354 1457 1623 1539 promissionibus
1653 1458 1852 1540 excidamus,
1884 1457 1934 1522 vel
1957 1477 2000 1521 ne
2021 1455 2112 1540 ipsae

126 1539 279 1622 migrare,
306 1539 460 1606 eerihitur
488 1543 523 1608 iu
552 1564 689 1609 numero
717 1543 849 1629 plurali:
880 1545 913 1609 in
935 1542 1093 1626 singulari
1145 1541 1237 1607 nobis
1258 1542 1424 1608 exoidant:
1454 1553 1560 1627 atque,
1591 1554 1628 1609 ut
1648 1564 1777 1608 sursum
1801 1558 1833 1607 et
1855 1539 2005 1607 deorsum
2027 1543 2110 1606 fera·

125 1633 236 1689 tamen
263 1623 402 1708 legitur:
435 1627 520 1710 quod
550 1638 702 1713 eorrupte
724 1631 796 1696 lieri
816 1628 965 1694 arbitror.
1007 1628 1093 1693 Nam
1145 1649 1227 1705 mur,
1256 1627 1292 1692 in
1309 1628 1373 1693 fide
1392 1639 1502 1695 nostra
1519 1630 1697 1697 voeationis
1714 1628 1830 1711 pedem
1847 1648 1918 1692 esse
1932 1627 2111 1710 figendum.

124 1709 203 1792 quia
236 1709 298 1776 hoo
330 1711 393 1779 sibi
424 1713 483 1779 uni
516 1713 638 1780 dietum
666 1716 766 1781 refert
792 1712 912 1793 David,
945 1713 1095 1781 duotores
1230 1712 1260 1777 3.
1283 1711 1384 1797 (Gerre
1404 1734 1468 1781 eece
1486 1713 1602 1801 impii.)
1634 1714 1776 1796 Quidem
1804 1712 1866 1779 hoo
1894 1713 2112 1778 exeusationis

125 1793 259 1861 hebraei
280 1816 456 1863 numerum
477 1798 638 1882 pluralem
660 1821 725 1865 uon
736 1821 914 1883 oongruere
931 1808 1094 1882 putantes,
1145 1797 1215 1865 loeo
1238 1799 1385 1865 additum
1404 1810 1523 1882 putant
1543 1801 1579 1866 in
1597 1822 1708 1867 eorum
1728 1820 1867 1883 persona
1883 1799 1940 1880 qui
1957 1798 2111 1863 iubebant

125 1880 196 1947 ausi
223 1890 300 1947 sunt
321 1882 417 1948 aliter
442 1884 551 1969 legere
573 1906 671 1968 quam
692 1886 849 1970 seriptum
872 1895 953 1951 erat.
997 1883 1095 1966 Quod
1145 1883 1308 1950 Davidem
1349 1885 1427 1969 fuga
1465 1886 1527 1951 sibi
1569 1886 1747 1952 consulere.
1799 1883 1987 1951 Secundum
2030 1882 2110 1949 alios

129 1963 205 2031 inde
222 1966 343 2034 elarius
359 1967 533 2052 eolligitur‚
556 1973 634 2053 quia
651 1971 800 2038 nonnulli
818 1992 941 2049 eorum,
964 1991 1095 2036 sensum
1145 1970 1330 2053 expostulat
1348 1969 1458 2036 David
1481 1993 1555 2037 eum
1577 1974 1644 2038 suis
1703 1970 1878 2054 puleribus,
1900 1970 1956 2051 qui
1972 1980 2111 2033 mortem

128 2050 288 2117 literalem
317 2054 460 2121 retinere
489 2057 646 2135 volentes,
674 2058 771 2123 anxie
799 2078 835 2124 ee
864 2065 1017 2139 torquent
1038 2077 1095 2121 our
1145 2055 1194 2119 illi
1222 2056 1365 2138 undique
1393 2056 1587 2123 intentatam
1616 2057 1648 2125 vi
1672 2069 1772 2137 entes,
1801 2055 1980 2138 hospitium
2002 2063 2111 2119 tamen

32 2143 38 2156 “
129 2137 271 2221 migrate
292 2138 399 2220 potius
423 2139 544 2207 dietum
567 2143 621 2225 sit,
643 2163 742 2224 quam
764 2144 883 2226 migra:
907 2141 1094 2207 attendam
1146 2139 1326 2224 negabant:
1365 2142 1421 2207 sed
1454 2144 1562 2225 potius
1594 2143 1679 2229 (meo
1719 2140 1852 2228 iudioio)
1892 2140 2112 2205 narrationem

128 2221 171 2287 ad
199 2222 353 2306 frigidam
383 2227 547 2310 argutiam
568 2227 771 2311 confugiunt,
803 2229 895 2312 qnasi
916 2228 1013 2311 fugae
1036 2247 1094 2291 au·
1147 2247 1240 2292 suam
1269 2227 1486 2309 prosequitur.
1531 2229 1712 2295 Consilium
1742 2228 1831 2293 enim
1857 2225 1928 2290 eius
1955 2237 2014 2302 est,
2044 2246 2110 2290 non

128 2320 218 2405 tores
239 2309 435 2393 eompellent
457 2322 525 2378 tam
544 2333 662 2395 eorpus
679 2335 776 2397 qnam
794 2315 948 2379 animum.
991 2311 1095 2394 Atqui
1146 2310 1241 2376 modo
1276 2312 1421 2394 perieula
1448 2313 1565 2395 quibus
1594 2315 1744 2380 obsessus
1781 2314 1851 2390 fnit,
1887 2311 1944 2377 sed
1974 2320 2111 2377 mortem

128 2413 164 2458 m
194 2415 231 2459 re
257 2415 324 2461 non
354 2394 475 2462 diffieili
499 2406 666 2482 tantopere
688 2398 835 2465 laborare
857 2419 1095 2481 supervaouum
1147 2398 1251 2480 ipsam
1273 2406 1349 2462 ante
1370 2398 1479 2464 oeulos
1500 2419 1628 2481 ponere.
1656 2399 1735 2465 Ideo
1757 2398 1843 2474 dioit,
1866 2417 2055 2479 quoeunque
2077 2416 2112 2461 se

128 2478 209 2543 fuit:
239 2479 315 2561 qnia
342 2491 468 2547 eertum
497 2494 547 2548 eat
576 2505 642 2549 non
672 2484 794 2549 dietum
823 2505 893 2550 esse
914 2481 1035 2550 Davidi
1059 2493 1096 2548 ut
1148 2481 1318 2559 abdiderit,
1352 2505 1418 2549 non
1451 2505 1544 2565 posse
1576 2496 1684 2550 tamen
1715 2506 1756 2549 ex
1786 2483 1927 2547 hostium
1961 2480 2112 2547 manibus

129 2563 218 2631 solua
245 2565 383 2649 fugeret,
412 2568 469 2633 sed
497 2589 563 2634 una
598 2591 672 2636 eum
701 2570 770 2636 suis
799 2569 981 2647 comitibus,
1014 2588 1095 2651 quos
1148 2567 1243 2633 elabi.
1287 2569 1399 2648 Porro,
1427 2576 1494 2634 tarn
1517 2571 1626 2636 miseri
1649 2580 1755 2636 status
1777 2566 1948 2648 deseriptio
1969 2566 2111 2631 oblatam

128 2669 244 2716 omnes
271 2650 358 2715 idem
394 2653 574 2735 perieulum
608 2657 769 2722 manebat.
820 2655 982 2737 Quamvis
1019 2675 1096 2738 ergo
1148 2674 1168 2718 a
1195 2652 1267 2720 Deo
1296 2666 1406 2737 postea
1435 2655 1573 2720 salutem
1603 2656 1708 2739 magis
1739 2653 1890 2719 illustrat.
1942 2650 2111 2732 Quantum

130 2756 232 2802 unum
251 2735 414 2802 Davidem
431 2759 510 2822 prae
527 2740 600 2806 aliis
618 2743 764 2825 aggressi
779 2741 854 2820 sint,
872 2741 1097 2806 soeiostamen
1148 2738 1190 2804 ad
1219 2740 1319 2806 verba
1345 2749 1477 2822 spectat,
1505 2740 1591 2824 qnod
1619 2741 1697 2807 dioit
1724 2741 1867 2806 intentos
1896 2758 1965 2802 esse
1994 2738 2113 2820 impios

128 2820 292 2904 eomplexi
313 2833 400 2902 sunt,
423 2845 562 2907 quorum
584 2836 618 2892 et
638 2827 820 2895 eommunis
840 2836 912 2891 erat
932 2846 1040 2903 eausa,
1063 2834 1097 2892 et
1148 2824 1190 2889 ad
1227 2825 1435 2891 iaeulandum
1474 2826 1509 2891 in
1541 2827 1678 2910 oooulto,
1721 2825 1853 2909 quidam
1892 2823 2112 2907 metaphorice

128 2907 236 2972 simile
273 2909 465 2991 perieulum.
519 2911 561 2977 In
600 2933 639 2978 eo
680 2913 778 2978 etiam
818 2911 904 2995 quod
938 2911 1095 2994 sequitur,
1148 2910 1324 2993 aooipiunt,
1351 2912 1427 2994 quia
1457 2921 1564 2978 astute
1591 2922 1625 2978 et
1646 2934 1704 2995 per
1725 2909 1861 2978 insidias
1882 2928 1957 2973 eum
1979 2910 2114 2975 oiroum·

128 2992 262 3059 variant
276 2993 483 3078 interpretes,
505 2996 602 3062 multi
620 3008 763 3074 vertunt,
787 2999 839 3064 De
856 3005 967 3063 monte
986 3008 1096 3064 vestro
1149 2997 1261 3063 venire
1296 2997 1477 3063 tentabant.
1530 2998 1615 3063 Mihi
1649 3009 1758 3062 tamen
1791 2993 1969 3077 simplioior
2000 3015 2114 3061 sensus

128 3100 167 3145 ae
200 3079 228 3145 ei
260 3089 346 3146 esset
377 3094 517 3164 omn
549 3094 582 3147 et
609 3083 786 3151 seeundum
809 3104 864 3150 eos
886 3091 936 3148 est
957 3083 1096 3148 mutatio
1148 3083 1254 3165 magis
1275 3083 1407 3162 arridet,
1430 3083 1511 3148 nihil
1534 3104 1605 3148 esse
1623 3092 1688 3147 tam
1707 3079 1941 3156 absconditum,
1965 3101 2028 3162 quo
2048 3100 2112 3145 non

128 3184 304 3248 personae:
331 3171 407 3247 quia
429 3167 601 3235 dieendum
623 3179 703 3247 erat,
726 3171 924 3253 transmigra
945 3190 963 3234 e
986 3181 1096 3235 monte
1149 3176 1320 3250 penetrent
1337 3168 1480 3233 hostium
1497 3169 1619 3233 iaoula:
1637 3168 1774 3250 ideoque
1791 3177 1930 3230 mortem
1949 3165 1985 3230 iu
2001 3185 2114 3231 omnes

130 3261 254 3317 nostro.
298 3249 366 3317 Sed
399 3252 460 3318 hoe
493 3275 550 3336 per
582 3275 617 3320 se
651 3255 769 3320 durum
802 3276 839 3321 ao
868 3266 1013 3321 ooaotum
1037 3266 1095 3320 est.
1148 3273 1304 3318 tavernas
1326 3252 1387 3317 sibi
1409 3254 1477 3318 fore
1498 3252 1698 3318 individuam
1721 3251 1882 3318 eomitem.

129 3334 243 3402 Nihilo
282 3336 380 3403 etiam
420 3339 537 3404 melius
574 3341 726 3407 eonvenit
758 3338 843 3423 quod
875 3340 937 3421 ipsi
970 3339 1096 3418 volunt,
1232 3338 1261 3402 4.
1285 3336 1386 3422 (certe
1408 3338 1635 3421 fundamenta.)
1658 3349 1797 3420 ututur:
1818 3332 1949 3419 quidam
1979 3345 2113 3399 Vffilffll

128 3421 286 3487 Iudaeam
319 3424 428 3488 voaari
460 3434 614 3491 montem.
672 3426 739 3490 Alii
775 3425 947 3508 legendum
980 3434 1098 3507 putant
1147 3423 1244 3488 retia:
1272 3444 1336 3505 quo
1366 3433 1465 3489 sensu
1492 3423 1569 3488 alibi
1590 3444 1686 3507 saepe
1715 3444 1835 3488 nomeu
1868 3420 1929 3485 boe
1950 3420 2113 3501 seriptura

130 3521 222 3589 7103
244 3520 315 3589 tn>
337 3520 393 3590 Ἶῃ
414 3509 475 3575 hoo
496 3517 555 3591 est,
583 3512 619 3576 in
641 3520 786 3577 montem
809 3511 894 3577 siout
914 3510 994 3593 avis,
1024 3510 1097 3576 abs·
1147 3522 1299 3593 usurpat:
1317 3517 1351 3575 et
1371 3519 1548 3592 exponunt,
1571 3508 1743 3592 dissipates
1765 3508 1865 3573 fuisse
1885 3506 2003 3588 impias
2024 3507 2111 3571 frau-

130 3606 195 3677 qu'e
227 3597 428 3676 pronomine.
485 3596 610 3662 Verum
639 3599 668 3662 si
699 3597 866 3679 sequimur
898 3594 984 3678 quod
1017 3595 1097 3673 dixi,
1148 3595 1204 3660 des
1225 3594 1343 3677 quibus
1363 3593 1527 3663 Davidem
1548 3595 1654 3661 adorti
1676 3596 1804 3661 fuerant
1826 3592 1927 3674 impii.
1965 3590 2112 3672 Quodsi

130 3679 255 3762 optime
277 3680 357 3745 fluet
378 3689 560 3762 contextus,
592 3683 727 3765 miprute
746 3683 782 3748 iu
802 3686 932 3746 maden
952 3685 1098 3762 tabam,
1146 3679 1329 3763 reeipimus,
1363 3681 1417 3747 ubi
1450 3681 1602 3748 eontinuo
1639 3694 1712 3765 post
1744 3677 1848 3744 addit:
1889 3677 2001 3743 Iustus
2034 3677 2111 3759 quid

128 3767 206 3848 qnia
233 3763 402 3831 habitandi
436 3765 528 3833 loeus
563 3768 600 3833 in
629 3769 736 3852 putria
757 3788 823 3833 non
846 3766 961 3832 datur:
991 3788 1097 3849 neque
1147 3781 1300 3848 operatus
1328 3765 1399 3833 est?
1432 3787 1546 3832 sensus
1574 3767 1646 3849 erit,
1680 3766 1813 3831 minime
1840 3785 1899 3828 sua
1927 3783 2026 3845 opera
2057 3761 2110 3828 vel

129 3863 244 3917 tumen
270 3850 423 3917 existimo
449 3855 634 3936 quempiam
661 3863 787 3921 oertum
816 3863 960 3918 montem
981 3854 1097 3931 notari,
1147 3848 1310 3918 industria
1350 3851 1471 3917 faotnm
1504 3872 1574 3917 esse
1607 3863 1644 3916 ut
1674 3852 1785 3917 salvus
1824 3847 1991 3915 evaderet:
2032 3849 2110 3930 quin

130 3935 189 4003 sed
219 3933 406 4021 ablegatum
435 3936 536 4004 fuisse
567 3938 729 4006 Davidem
759 3940 794 4003 in
822 3958 921 4020 rupes
942 3937 1096 4016 desertas,
1147 3938 1255 4019 potius
1277 3938 1423 4020 quietum
1446 3944 1480 4001 et
1501 3937 1594 4019 quasi
1616 3937 1838 4002 dormientem.
1880 3933 2046 3999 Divinitas
2067 3955 2110 3999 ex

131 4041 199 4104 quo
234 4020 327 4087 illum
361 4043 432 4088 sors
468 4022 609 4090 duoeret.
669 4025 779 4091 Huius
811 4023 937 4090 eonsilii
967 4034 1098 4089 autores
1147 4022 1270 4088 retibus
1305 4022 1356 4087 vel
1389 4021 1493 4105 plagis
1526 4022 1667 4088 hostium
1700 4022 1799 4087 fuisse
1831 4029 1988 4101 ereptum.
2044 4017 2111 4085 Sed

132 4108 303 4185 damnans,
332 4116 471 4173 testatur
500 4130 534 4174 se
563 4109 628 4176 Dei
656 4109 870 4193 promissione
897 4109 1026 4186 fretum,
1057 4109 1097 4175 ad
1148 4127 1267 4173 nomen
1289 4106 1492 4173 fundamenti
1519 4107 1685 4174 oontextui
1712 4106 1829 4172 melius
1850 4104 2003 4187 quadrat:
2033 4107 2111 4187 quia

131 4192 199 4259 tale
221 4190 373 4258 exsilium
395 4193 531 4259 minime
552 4195 697 4261 animum
715 4194 863 4261 adiieere.
885 4195 977 4260 Haeo
997 4193 1099 4277 igitur
1148 4193 1268 4258 referre
1300 4193 1407 4276 porgit
1442 4192 1559 4275 quibus
1591 4192 1751 4277 angustiis
1779 4193 1879 4257 fuerit
1907 4190 2110 4271 oonstrietus,

131 4279 196 4347 tui:
216 4276 355 4344 Davidia
376 4278 526 4359 conditio,
549 4291 583 4344 ut
606 4282 639 4344 iu
658 4280 1097 4347 extremaneeeesitateenm
1149 4290 1185 4343 ut
1214 4278 1278 4343 iam
1307 4275 1391 4345 nibil
1420 4278 1545 4343 salvum
1575 4292 1669 4345 esset.
1720 4277 1872 4343 Nondum
1894 4293 2004 4343 tamen
2025 4277 2111 4340 inter

130 4384 248 4430 omnes
264 4362 378 4447 proeul
394 4364 431 4429 in
447 4365 519 4432 loaa
535 4364 664 4431 deserta
674 4365 895 4432 extruderent.
916 4364 1100 4445 Caeterum,
1148 4365 1342 4446 interpretes
1371 4363 1411 4429 de
1443 4384 1540 4430 sensu
1562 4364 1725 4429 eonvenit.
1766 4363 1910 4445 Quidam
1931 4372 2110 4444 exponunt,

132 4449 212 4533 quia
239 4448 379 4515 innuere
410 4450 539 4515 videtur
561 4450 760 4517 diffidentiae
783 4451 845 4516 hoo
867 4451 935 4515 fore
957 4450 1099 4534 signum,
1148 4469 1307 4531 nusquam
1335 4471 1406 4515 ease
1427 4447 1533 4515 losum
1555 4448 1675 4532 figendi
1697 4447 1804 4532 pedis:
1834 4449 1900 4526 alii,
1930 4447 2057 4513 foedera
2075 4448 2110 4512 iu

132 4535 220 4603 siin
242 4533 321 4618 tuga
341 4534 479 4601 salutem
501 4546 634 4614 statuet,
654 4537 821 4619 quaeritur
843 4556 953 4601 annon
971 4536 1100 4602 liouerit
1147 4534 1264 4618 quibus
1297 4532 1435 4601 debebat
1474 4555 1545 4601 esee
1577 4535 1750 4612 stabilitus,
1786 4532 1923 4600 subinde
1955 4555 1975 4599 a
2007 4532 2108 4597 Saule

131 4621 165 4688 ei
184 4621 308 4702 fugere.
337 4618 408 4686 Iuro
429 4621 549 4687 seimus
571 4622 670 4687 variis
697 4621 820 4688 exsiliis
841 4619 977 4688 subinde
999 4622 1100 4687 fuisse
1148 4628 1246 4703 rupta
1266 4641 1346 4686 esse.
1392 4618 1479 4686 Sunt
1507 4621 1605 4685 etiam
1631 4621 1687 4702 qui
1714 4620 1885 4703 allegorioe
1914 4617 2108 4701 intelligant,

132 4706 383 4773 thaumastum:
416 4706 452 4771 in
486 4707 650 4791 spelunois
678 4728 804 4789 quoque
831 4705 996 4771 interdum
1026 4705 1099 4771 lati·
1148 4706 1251 4772 iustos
1277 4704 1343 4771 Dei
1371 4703 1563 4779 sacerdotes,
1589 4707 1643 4788 qui
1673 4718 1765 4771 erant
1798 4720 1901 4770 terrae
1930 4703 2060 4783 fultura,
2090 4725 2109 4769 e

133 4806 229 4861 tasse
273 4792 341 4857 Res
384 4791 476 4871 ndeo,
498 4795 647 4875 quamvis
668 4794 772 4857 instar
790 4791 935 4874 trepidae
953 4791 1099 4857 avieulae
1148 4789 1255 4857 medio
1277 4791 1431 4857 sublatos.
1474 4789 1543 4857 Sed
1565 4811 1623 4869 ego
1645 4791 1870 4873 metaphoram
1893 4787 1934 4854 ab
1955 4787 2110 4857 aedifioiie

132 4878 233 4944 fuerit
258 4876 429 4956 instabis,
458 4887 492 4943 et
520 4900 577 4961 per
605 4877 752 4944 diversos
780 4898 907 4943 errores
929 4876 1100 4942 deflexerit
1149 4888 1312 4960 sumptam
1335 4897 1407 4943 esse
1429 4897 1494 4941 non
1518 4874 1640 4955 dubito,
1663 4898 1756 4959 quae,
1778 4876 1894 4941 dirutis
1917 4873 2110 4941 fundamen·

135 4964 176 5033 ab
208 4964 351 5031 huetium
385 4965 545 5047 aucupiis:
580 4974 688 5029 tamen
721 4962 775 5027 hie
808 4965 939 5027 firmum
971 4962 1006 5026 in
1035 4961 1101 5027 fide
1149 4961 1202 5038 tie,
1235 4972 1303 5027 tota
1330 4961 1498 5029 conoidere
1527 4976 1560 5027 et
1587 4984 1716 5046 pessum
1750 4963 1797 5027 ire
1827 4979 1956 5024 neeesse
1978 4971 2043 5025 est:
2074 4973 2110 5027 ut

134 5050 276 5127 stetisse,
311 5058 350 5114 ιιι
383 5070 419 5114 se
454 5070 474 5115 a
506 5050 625 5132 populo
655 5048 719 5113 Dei
742 5069 910 5130 nunquam
933 5048 1100 5114 alienaret.
1150 5060 1307 5129 queratur
1321 5047 1432 5115 David
1453 5068 1488 5112 se
1510 5068 1616 5113 eoram
1640 5047 1760 5113 mundo
1782 5046 1927 5110 funditus
1949 5066 2110 5132 eversum,

135 5134 298 5217 Quamvis
327 5135 414 5199 enim
443 5135 516 5200 aliis
544 5147 630 5201 esset
651 5135 849 5217 desperatus,
883 5134 973 5215 quasi
998 5134 1101 5215 putri·
1151 5145 1188 5198 ut
1216 5133 1296 5198 nihil
1325 5134 1361 5197 in
1390 5134 1458 5199 suis
1486 5132 1627 5198 fortunis
1655 5132 1779 5198 salvum
1809 5145 1949 5195 maneat.
1992 5132 2111 5199 Postea

135 5224 213 5287 dum
237 5219 429 5299 membrum,
452 5242 487 5286 se
509 5230 618 5287 mmen
641 5221 682 5287 ab
699 5218 852 5285 ecelesiae
869 5239 1003 5300 eorpore
1019 5240 1102 5283 nnn·
1151 5219 1270 5285 iterum
1299 5219 1416 5302 repetit
1445 5239 1481 5284 se
1508 5217 1670 5284 immerito
1697 5228 1763 5281 tarn
1790 5214 1964 5283 erudeliter
1995 5219 2110 5303 pleuti:
