4658 5856
230 357 293 423 651
1036 352 1252 422 Psntnus
1275 353 1404 418 LXIX.
2160 352 2225 417 652

232 555 291 611 rat.
327 544 459 609 Interea
480 546 565 628 quod
589 545 643 610 alii
668 545 708 611 ad
732 546 992 627 desperationem
1016 544 1197 622 trahebant,
1223 559 1227 623 ξ
1250 541 1352 607 berem
1390 543 1551 610 iuvencum
1591 543 1787 628 intelligitur
1826 543 2080 610 selectissimus:
2120 562 2159 607 ac
2195 540 2223 605 si

230 652 360 698 causam
392 631 507 696 salutis
540 632 601 697 sibi
632 632 698 696 fore
729 633 899 713 promittit.
951 631 1068 696 Posset
1100 632 1198 696 etiam
1224 626 1391 709 idiceret,
1425 627 1553 693 nullum
1583 651 1653 694 cese
1683 644 1750 694 tam
1784 631 1927 712 opimum
1956 628 2009 695 vel
2043 631 2222 709 pretiosum

232 717 436 783 adversative
465 717 586 783 resolvi
608 719 786 781 sententia:
816 715 975 797 Quamvis
1007 737 1093 781 nunc
1116 715 1198 780 alfii·
1224 714 1226 777 5
1251 715 1443 780 sacrificium
1475 714 1559 797 quod
1589 736 1690 798 aeque
1720 716 1845 799 placeat
1875 716 1945 780 Deo
1974 728 2072 797 atque
2101 714 2223 797 gratia·

231 815 303 869 ctus
328 823 501 881 moeream,
524 802 611 868 salus
635 816 742 866 tamen
766 816 823 867 tua
845 824 896 867 me
918 803 1084 867 exaltabit.
1115 801 1198 866 Mihi
1224 788 1227 889 ξ
1253 820 1326 864 rum
1348 800 1440 865 actio.

233 905 343 953 tamen
373 897 498 955 certum
528 902 591 963 est,
625 888 786 953 Davidem
819 887 1041 971 impetrandae
1074 889 1226 953 55555·ἰ
1337 884 1389 950 33.
1427 884 1601 970 (Viderunt
1638 887 1771 972 afllittt‘.)
1825 886 1984 952 Fructum
2024 906 2103 951 suae
2133 883 2223 948 ‘libe-

232 975 360 1041 cordiae
389 995 487 1040 causa
520 994 611 1038 snam
643 975 854 1039 afflictionem
889 977 923 1038 in
953 974 1095 1038 medium
1127 995 1198 1056 pro·
1252 971 1389 1036 rationis
1418 970 1490 1035 aliis
1519 971 1617 1035 etiam
1647 994 1851 1038 communem
1882 975 1950 1037 fore
1984 973 2093 1046 docet,
2127 971 2222 1036 sicuti

231 1064 325 1126 l'erre.
362 1060 431 1125 Nec
453 1070 580 1123 tantum
603 1079 638 1123 se
661 1072 803 1125 ereetum
827 1060 868 1124 iri
891 1061 978 1136 dicit,
1001 1061 1057 1125 sed
1081 1059 1200 1123 diserte
1251 1055 1386 1120 Psalmo
1409 1057 1461 1133 22,
1484 1055 1526 1121 23
1547 1072 1580 1120 ot
1601 1058 1642 1121 26
1664 1069 1698 1122 55
1719 1060 1867 1140 pluribus
1910 1060 1962 1123 liis
1984 1058 2064 1123 locis
2086 1058 2153 1121 iam
2176 1056 2223 1119 vi·

231 1148 321 1230 ponit
348 1146 590 1224 exaltationem,
620 1143 769 1212 alludens
797 1144 837 1208 ad
867 1167 957 1212 arces
987 1148 1020 1209 in
1045 1146 1122 1211 locis
1144 1167 1200 1209 ex·
1252 1141 1376 1207 dimus:
1411 1143 1508 1226 idque
1541 1144 1618 1208 lacit
1650 1145 1771 1227 partim
1802 1158 1840 1209 nt
1866 1146 2006 1227 gretiam
2037 1143 2101 1208 Dei
2136 1142 2221 1223 apud

231 1231 325 1297 celsis
359 1233 488 1314 positas.
542 1230 614 1295 Hoc
648 1232 734 1295 enim
768 1233 898 1314 proprie
930 1232 1095 1316 signifieat
1129 1252 1199 1295 vcr-
1224 1266 1227 1283 ι
1252 1226 1365 1292 fideles
1393 1228 1615 1306 commendet,
1647 1232 1765 1313 partim
1795 1245 1831 1295 ut
1861 1232 1950 1295 Deus
1966 1233 2047 1312 ¹ipse
2077 1228 2117 1292 ad
2147 1248 2220 1292 eum

235 1320 312 1382 bum
334 1331 427 1399 mr.
1252 1312 1432 1378 iuvandum
1453 1314 1495 1378 sit
1510 1317 1707 1397 propensior.
1738 1317 1842 1381 Porro
1857 1338 1923 1381 non
1938 1315 2096 1399 intelligit
2109 1313 2222 1379 fideles

1224 1478 1227 1493 1
1253 1411 1382 1462 tantum
1416 1401 1578 1464 amicitiae
1613 1403 1775 1466 fraternae
1813 1423 1910 1467 eausa
1944 1402 2005 1468 hoc
2037 1399 2221 1483 spectaculo

316 1489 368 1552 31.
399 1488 551 1553 Laudabo
579 1508 688 1553 tamnen
715 1488 780 1552 Dei
806 1490 841 1553 in
868 1491 999 1569 cantica,
1028 1495 1055 1554 at
1079 1491 1199 1571 magai-
1224 1482 1354 1561 „laetos
1375 1486 1455 1567 lore,
1478 1486 1534 1551 scd
1553 1488 1628 1569 quia
1646 1489 1679 1552 in
1700 1490 1797 1552 unius
1820 1488 1961 1553 hominis
1980 1508 2119 1570 persona
2137 1507 2223 1550 com·

229 1574 324 1656 titubo
358 1595 427 1639 eura
457 1575 491 1639 io
519 1574 620 1639 laede.
672 1575 724 1638 32.
754 1573 798 1637 Er
824 1574 959 1656 placebit
986 1575 1039 1640 bac
1068 1575 1200 1641 Ielrouae
1224 1550 1227 1639 l
1251 1590 1351 1634 muno
1385 1570 1516 1636 debitur
1549 1573 1664 1637 salotis
1698 1573 1832 1657 pignus,
1867 1594 1931 1655 qua
1964 1574 2062 1638 etiam
2097 1573 2223 1636 ratione

226 1682 309 1742 prae
343 1662 413 1725 boae
444 1661 585 1735 euverico,
619 1661 674 1741 qui
701 1662 824 1741 profert
855 1681 971 1726 eornm
999 1666 1026 1724 ct
1055 1661 1200 1744 angulas.
1252 1656 1389 1721 afflictos
1411 1671 1514 1723 vocat.
1553 1657 1757 1742 Quicunque,
1780 1660 1897 1742 inquit,
1921 1658 2029 1724 Deum
2051 1668 2222 1741 quaerunt,

231 1746 281 1811 33.
309 1745 461 1811 Viderunt
481 1746 602 1828 afflicti,
625 1746 865 1811 euertuntur
885 1752 1064 1827 quaerentes
1081 1747 1201 1811 Deum:
1252 1743 1403 1823 quamvis
1432 1742 1527 1808 malis
1557 1747 1623 1809 sint
1646 1746 1768 1823 afflicti,
1802 1747 1929 1810 animos
1960 1746 2118 1827 recipient
2153 1764 2222 1807 mco

231 1838 258 1897 el
285 1834 363 1897 vivet
390 1852 441 1898 eor
459 1837 603 1896 oestrum.
649 1831 700 1896 34.
734 1832 817 1912 Quia
846 1834 969 1898 ordivit
997 1833 1040 1897 ed
1070 1833 1202 1914 afflictae
1225 1828 1228 1943 Ι
1253 1828 1413 1910 exemplo.
1450 1828 1542 1893 Haec
1564 1830 1651 1895 enim
1672 1831 1735 1896 duo
1756 1831 1955 1897 coniunctim
1974 1842 2051 1895 sunt
2068 1828 2221 1913 legenda:

231 1918 357 2001 Ielrovo,
380 1923 408 1982 et
429 1917 545 1983 uinctos
565 1936 638 1982 eoos
660 1937 720 1982 nen
741 1918 888 2001 despexit.
1253 1914 1406 1994 quoniam
1431 1933 1495 1978 non
1520 1916 1707 1981 cohaereret
1728 1938 1843 1983 sensns
1866 1918 1928 1982 nisi
1951 1918 2011 1981 555
2034 1916 2143 1995 modo,
2168 1936 2223 1979 ex·

1254 1999 1397 2081 emplum
1420 2000 1559 2066 Doridis
1581 2022 1711 2066 causam
1733 2005 1802 2067 fore
1825 2003 1967 2068 laetitiae
1990 2002 2051 2085 piis
2072 2001 2138 2066 Dei
2161 2001 2223 2066 cnl-

317 2088 368 2154 31.
398 2085 563 2170 (Laudabo
592 2107 698 2153 nomen
719 2087 806 2172 Del.)
859 2089 922 2155 Hic
955 2090 1020 2154 iam
1051 2090 1202 2156 alacriter
1255 2083 1389 2161 turibus,
1412 2085 1489 2150 dum
1510 2088 1578 2153 suis
1602 2088 1830 2153 afflictionibus
1853 2089 2031 2153 remedium
2055 2100 2221 2170 quaerent.

232 2173 390 2257 exsurgit,
410 2190 442 2238 et
460 2187 549 2237 certa
566 2193 623 2254 spe
647 2174 848 2238 liberationis
873 2177 974 2240 fretus
997 2175 1200 2261 triumphum
1254 2171 1297 2234 Et
1328 2172 1441 2235 merito
1475 2172 1620 2237 studium
1650 2176 1827 2257 quaerendi
1857 2176 1919 2239 Dei
1949 2174 2120 2257 coniungit
2149 2193 2220 2237 cunt

234 2261 321 2325 canit
350 2259 514 2324 victoriae.
565 2258 762 2342 Quanquam
796 2260 879 2324 enirn
909 2261 1079 2326 Psalmum
1114 2263 1202 2328 hunc
1253 2257 1441 2321 afflictione:
1465 2259 1541 2339 quia
1562 2260 1622 2325 sub
1643 2261 1705 2324 Dei
1728 2260 1839 2327 ferulis
1862 2282 1928 2325 non
1949 2281 2062 2325 ornnes
2085 2262 2133 2323 ita
2155 2279 2222 2341 pro-

233 2346 458 2412 discriminum
479 2352 567 2409 metu
581 2347 769 2428 perfunctus
791 2350 980 2430 composuit,
1004 2356 1129 2412 certum
1152 2358 1201 2412 ta·
1254 2343 1368 2407 ficiunt
1390 2355 1426 2407 nt
1444 2345 1570 2408 sincero
1590 2345 1664 2410 fidei
1683 2346 1801 2413 affectu
1823 2348 1863 2412 ab
1882 2368 1919 2412 eo
1938 2347 2076 2412 salutem
2100 2352 2220 2428 petant.

234 2452 310 2496 men
332 2444 389 2507 cst,
412 2452 512 2513 quum
536 2432 634 2495 anxia
657 2430 843 2514 trepidaret,
867 2433 946 2499 haec
967 2433 1079 2499 eadem
1102 2434 1202 2498 luisse
1254 2427 1294 2491 In
1319 2429 1432 2492 ultima
1454 2444 1545 2512 parte
1570 2453 1682 2497 versus
1706 2433 1842 2497 mutatio
1865 2446 1916 2498 cst
1937 2451 2109 2514 personae,
2140 2448 2220 2513 quae

233 2514 441 2582 meditatum:
463 2519 539 2599 quia
561 2517 710 2598 gratiam,
733 2518 808 2583 licet
831 2518 938 2584 adhuc
960 2542 1016 2602 spe
1035 2519 1203 2584 abscondi·
1255 2522 1365 2579 tamen
1399 2536 1532 2579 sensum
1568 2517 1700 2582 minime
1732 2520 1899 2586 obscurat:
1934 2520 2000 2583 imo
2032 2516 2113 2582 haec
2148 2535 2221 2598 apo·

233 2614 309 2681 tam,
339 2614 426 2668 certa
455 2602 519 2666 fide
542 2601 815 2684 apprehendebat.
863 2605 1065 2688 Maquifieuri
1093 2617 1200 2669 autem
1254 2600 1388 2682 strophe
1421 2601 1512 2683 quasi
1544 2601 1577 2664 in
1608 2624 1643 2668 re
1674 2605 1838 2686 praesenti
1871 2605 2033 2669 efficacius
2068 2600 2222 2685 exprimit

233 2689 350 2754 dicitur
372 2686 465 2751 Deus
493 2687 641 2751 letalibus
663 2689 788 2764 nostrie,
820 2710 884 2753 non
908 2691 992 2773 quod
1023 2692 1201 2755 immensae
1254 2684 1338 2767 quod
1371 2686 1500 2753 volebat
1535 2688 1652 2753 David.
1708 2689 1791 2755 Nam
1826 2713 1881 2756 eos
1924 2688 2125 2772 compellans
2170 2686 2221 2768 qui

233 2775 304 2839 eius
327 2773 448 2857 gloriae
478 2772 653 2855 quidquam
684 2772 822 2854 accedat,
852 2776 910 2839 sed
936 2777 1011 2859 quia
1034 2778 1121 2840 inter
1143 2775 1199 2839 ho·
1226 2844 1228 2861 4
1255 2772 1349 2836 malis
1381 2775 1526 2854 oppressi
1554 2773 1705 2840 iacebant
1730 2777 1823 2857 quasi
1852 2777 2028 2850 exanimos,
2058 2772 2221 2857 quandam

233 2860 338 2924 mines
366 2858 535 2922 extollitur
554 2859 635 2924 eins
665 2879 791 2924 nomen.
836 2859 906 2924 Iam
937 2883 1000 2943 quo
1027 2882 1062 2927 se
1084 2861 1202 2927 melius
1225 2878 1229 2961 q
1254 2858 1394 2942 ol'figiem
1419 2861 1666 2924 resurrectionis
1687 2871 1763 2926 ante
1785 2862 1893 2929 oculos
1916 2862 2046 2927 statuit:
2069 2859 2157 2925 acsi
2180 2857 2222 2921 di-

233 2945 402 3011 eonfirmet
421 2944 540 3018 David,
561 2945 742 3028 gratiarum
765 2947 923 3011 actionem
946 2969 1043 3031 quam
1065 2947 1202 3013 reddere
1225 2968 1229 3023 r
1255 2957 1352 3023 ceret,
1371 2944 1473 3008 Vobis
1496 2947 1662 3024 emortui,
1687 2948 1879 3012 restituetur
1901 2968 2005 3012 novus
2029 2946 2133 3029 vigor,
2158 2963 2220 3007 non

234 3032 304 3095 Deo
327 3042 431 3113 parat,
467 3030 541 3093 boni
571 3033 746 3113 suavisque
778 3032 886 3097 odoris
915 3035 1109 3100 sacrificium
1134 3036 1201 3098 fore
1226 3028 1229 3085 l
1254 3029 1338 3112 qnod
1370 3031 1510 3095 intereat
1543 3031 1623 3097 fides
1650 3032 1684 3096 in
1708 3032 1771 3096 Dei
1795 3035 1871 3098 filiis
1894 3035 1996 3099 donec
2029 3032 2221 3096 exstinetam

233 3120 334 3182 docet.
371 3115 489 3180 Nullus
508 3117 596 3180 enim
615 3116 654 3181 ad
674 3116 907 3199 gratitudinem
930 3120 1036 3185 acrior
1053 3119 1201 3186 adhiberi
1225 3092 1230 3239 Ι
1255 3115 1381 3180 alienae
1414 3115 1614 3183 liberationis
1647 3120 1834 3201 exemplum
1864 3121 2022 3194 vivificet,
2056 3117 2112 3182 sed
2149 3114 2222 3198 qnia

232 3214 340 3286 potest
369 3201 532 3281 stimulus,
565 3223 661 3284 quam
693 3202 748 3267 ubi
778 3216 907 3269 constat
937 3218 1106 3289 tantopere
1128 3206 1201 3269 Deo
1254 3201 1450 3267 suffocatum
1469 3203 1580 3268 lumen
1599 3203 1704 3268 denuo
1723 3206 1920 3285 accenditur,
1936 3199 2222 3286 utquodammodo

234 3289 360 3371 placere
390 3287 451 3350 boc
473 3287 605 3370 pietatis
627 3289 784 3354 officium:
818 3291 914 3355 sicuti
937 3311 1003 3356 non
1026 3293 1122 3357 aliam
1148 3294 1202 3357 bo·
1256 3289 1439 3353 reviviscat.
1481 3289 1614 3355 Modum
1638 3292 1793 3355 continuo
1815 3303 1889 3374 post
1911 3291 2034 3365 definit,
2056 3286 2145 3370 qnod
2167 3286 2222 3351 sci·

234 3395 348 3438 norum
368 3374 513 3436 omnium
533 3375 723 3456 quaenobis
743 3375 890 3459 largitur,
909 3379 1201 3459 compensationem
1256 3373 1332 3439 licet
1363 3395 1537 3439 commune
1574 3374 1634 3440 sibi
1670 3376 1901 3443 documentum
1935 3375 2059 3461 gratiae
2092 3373 2156 3437 Dei
2190 3372 2221 3434 in

233 3460 345 3541 exigit,
375 3478 475 3540 quam
504 3467 541 3522 ut
570 3459 751 3525 celebretur
780 3482 837 3543 per
860 3484 918 3527 nos
949 3484 1067 3529 nomen
1096 3485 1202 3529 snum.
1255 3459 1385 3524 Doride
1407 3459 1591 3525 exhibitum
1613 3464 1769 3544 persuasi,
1797 3484 1908 3530 secure
1930 3462 2086 3545 colligent
2108 3458 2221 3541 respici

235 3543 429 3625 Quominus
452 3544 649 3610 excusabilis
670 3556 721 3609 est
740 3567 851 3611 corum
874 3548 1006 3630 ignavia
1018 3549 1072 3631 qui
1091 3550 1204 3614 landos
1257 3547 1380 3628 inopes,
1403 3557 1433 3610 et
1459 3546 1585 3613 vinctos
1608 3568 1672 3613 non
1696 3547 1826 3631 descipi.
1867 3547 2023 3613 Videmus
2045 3545 2134 3609 enim
2159 3564 2224 3626 per·

235 3634 306 3696 eius
337 3629 466 3694 silentio
495 3629 544 3692 vel
579 3630 741 3697 oblivione
774 3635 992 3715 supprimunt.
1045 3634 1203 3715 Quamvis
1256 3632 1335 3696 inde
1363 3632 1509 3713 accipere
1539 3633 1625 3717 quod
1648 3635 1704 3698 uni
1726 3637 1918 3716 praestitum
1942 3634 2004 3697 luit
2025 3650 2063 3696 ac
2084 3633 2110 3695 si
2135 3629 2223 3693 Deus

235 3731 343 3782 autem
364 3735 429 3778 non
447 3715 726 3800 omiseritDavid,
744 3738 850 3800 neque
869 3720 1051 3803 neglexerit
1069 3734 1205 3785 externa
1229 3686 1233 3845 l
1257 3739 1293 3782 re
1315 3719 1385 3799 ipsa
1407 3731 1620 3785 monstrasset
1650 3741 1685 3784 so
1712 3722 1839 3786 miseris
1867 3718 2018 3784 omnibus
2048 3715 2090 3781 ad
2119 3716 2223 3798 opitu·

235 3801 394 3868 sacrificia
423 3821 505 3882 quac
535 3801 585 3866 lex
610 3802 795 3881 mandabat,
823 3806 941 3868 merito
970 3819 1079 3871 tamen
1108 3806 1204 3888 spiri·
1257 3802 1391 3868 landum
1414 3806 1643 3885 praestolare.

236 3888 356 3954 tualem
379 3889 504 3951 cultum
534 3888 702 3969 praetulit,
732 3890 787 3972 qui
810 3891 956 3955 omnium
987 3862 1233 3983 caeremonia-l

236 3995 310 4039 rum
344 3972 418 4037 finis
453 3982 532 4038 eret.
587 3973 662 4054 Qua
691 3976 731 4039 de
760 3997 801 4040 re·
828 3976 958 4057 plenius
990 3977 1233 4044 disseruimus¹
1343 3974 1394 4038 35.
1425 3975 1570 4040 Lomlertt
1591 3997 1660 4040 eum
1681 3979 1756 4044 coeli
1778 3984 1805 4043 ei
1824 3983 1916 4057 terro,
1945 3976 2058 4051 marie,
2089 3970 2224 4053 etquid-

236 4060 368 4126 Psalmo
392 4058 443 4136 50,
466 4059 486 4122 8
509 4067 542 4124 et
566 4058 613 4124 14.
661 4060 796 4126 Interim
830 4062 973 4127 notanda
994 4077 1044 4128 est
1067 4064 1204 4130 Davidis
1257 4061 1334 4142 quid
1353 4065 1453 4142 reptat
1475 4063 1509 4124 iu
1531 4062 1585 4125 eis.
1631 4060 1682 4127 36.
1716 4065 1799 4144 Quia
1819 4064 1910 4130 Deus
1931 4059 2066 4128 servabit
2089 4056 2225 4140 Sicuti

237 4146 402 4221 modestia,
432 4144 517 4226 quod
539 4145 615 4209 licet
637 4145 676 4210 ad
700 4148 839 4212 coeleste
860 4149 1027 4230 exemplar
1049 4168 1204 4215 conscen·
1256 4145 1434 4225 aedificabit
1455 4145 1546 4210 urbes
1569 4144 1701 4226 Ieltadu,
1723 4155 1751 4214 ct
1773 4147 1953 4214 habitabunt
1973 4146 2047 4221 illie,
2073 4142 2226 4209 choere-

236 4232 338 4307 deret,
358 4251 421 4293 non
440 4240 550 4294 tamen
573 4245 728 4313 gravatus
750 4244 800 4297 cst
817 4253 852 4297 se
871 4234 1041 4300 demittere
1059 4236 1100 4299 ad
1118 4255 1204 4300 com·
1229 4272 1232 4291 ·
1256 4231 1351 4296 eece
1379 4230 1552 4296 obtinebunt
1579 4252 1663 4296 earrt:
1693 4233 1745 4298 37.
1775 4235 1819 4299 et
1845 4254 1945 4299 remea
1971 4249 2133 4297 severam
2160 4228 2225 4292 eius

238 4336 368 4383 munem
392 4335 488 4379 usum
511 4315 672 4400 ecclesiae,
697 4320 789 4398 quasi
813 4339 899 4382 unus
922 4331 1006 4384 esset
1020 4341 1070 4384 ex
1089 4321 1204 4403 vulgo:
1229 4296 1232 4441 l
1256 4315 1466 4381 haereditario
1488 4317 1691 4396 possidebunt
1720 4341 1805 4386 eam:
1835 4320 1938 4402 etqui
1959 4318 2099 4400 diliguat
2119 4333 2226 4380 rtomea

237 4417 274 4470 nt
296 4425 337 4469 ex
359 4401 474 4485 figuris
496 4399 655 4483 legalibus
684 4404 821 4468 disceret
849 4402 937 4486 quod
966 4415 1078 4486 postea
1104 4427 1203 4470 evan·
1228 4446 1232 4509 ᾖ
1256 4402 1334 4484 eius,
1356 4399 1522 4466 manebunt
1543 4403 1576 4467 iu
1599 4424 1645 4467 ee.

236 4490 321 4577 gelid
346 4487 464 4551 clarius
492 4484 689 4570 patefactum
719 4499 777 4564 est,
805 4487 917 4554 laudes
939 4489 1012 4570 Dei,
1041 4501 1232 4585 quatenusq
2046 4526 2054 4539 ·

237 4600 278 4643 ex
311 4594 366 4640 ore
399 4579 511 4637 nostro
543 4582 697 4654 manant,
729 4574 875 4657 impuras
907 4594 979 4639 esse
1013 4576 1114 4641 donee
1146 4597 1232 4658 pert
1341 4571 1391 4636 35.
1413 4570 1571 4655 (Laudent
1591 4593 1661 4638 eum
1682 4575 1779 4661 meli.)
1819 4576 1907 4642 Hinc
1929 4575 2050 4640 cortina
2072 4571 2226 4655 colligere

238 4661 409 4730 Christum
432 4657 684 4724 sanctificentur.
713 4657 810 4725 Nunc
833 4680 910 4723 vero
932 4658 1118 4743 plusquam
1135 4673 1204 4725 stu·
1255 4668 1440 4740 promptum
1475 4667 1525 4722 est
1554 4658 1639 4741 quod
1668 4674 1745 4726 ante
1774 4663 1879 4746 attigi,
1914 4660 2078 4725 Davidem
2107 4659 2142 4722 in
2165 4657 2227 4722 555

238 4750 314 4834 pide
343 4758 392 4810 est
421 4765 533 4809 eorum
565 4743 771 4824 superstitio,
806 4746 860 4825 qui
894 4755 1049 4811 externas
1081 4748 1203 4810 rituum
1228 4720 1232 4825 l
1255 4743 1389 4807 Psalmo
1421 4743 1521 4807 totins
1554 4745 1708 4812 eeclesiae
1740 4748 1838 4812 luisse
1881 4748 2112 4828 interpretem,
2153 4742 2227 4826 quia

237 4853 383 4919 pompas,
406 4851 490 4912 quae
508 4830 666 4895 sacrificio
683 4829 798 4894 mortis
817 4829 940 4894 Christi
960 4843 1038 4895 sunt
1055 4831 1203 4909 abolitae,
1256 4847 1344 4892 nunc
1377 4827 1411 4890 in
1444 4848 1515 4891 eam
1556 4831 1713 4895 transfert
1751 4833 1835 4914 qnod
1874 4834 1915 4898 de
1949 4854 1984 4897 se
2018 4829 2227 4915 peculiariter

237 4928 272 4987 in
296 4938 390 4986 usum
414 4916 520 4981 adhuc
543 4923 708 4994 revocant,
731 4923 765 4979 et
782 4914 837 4978 nbi
860 4938 894 4982 se
916 4914 1098 4998 fatigarunt
1120 4916 1203 4980 nihil
1228 4942 1232 4975 t
1257 4913 1391 4977 dixerat.
1432 4911 1527 4993 Quod
1548 4926 1656 4980 autent
1680 4919 1842 4983 elementa
1863 4940 1962 4985 sensu
1984 4919 2131 4983 carentia
2155 4916 2227 4979 hor·

238 5005 381 5092 agenda
415 5001 523 5067 Deum
557 5013 676 5083 putant
708 4999 770 5066 rite
800 4999 965 5083 placatum
997 5022 1085 5068 esse:
1119 5000 1204 5084 quod
1228 4988 1232 5085 ξ
1257 5008 1346 5062 tatur
1365 4997 1617 5065 adlaudandum
1630 5001 1747 5083 Deum,
1765 5003 1826 5069 bac
1844 5004 2055 5088 hyperbolica
2072 5001 2225 5084 loquendi

238 5091 320 5161 nihil
345 5088 432 5154 alind
463 5097 512 5152 est
539 5106 635 5169 quam
666 5086 783 5152 crassis
806 5086 886 5151 velis
916 5083 1067 5170 obtegere
1097 5087 1204 5169 legiti·
1256 5084 1361 5147 forma
1385 5085 1528 5148 ostendit
1558 5109 1621 5150 555
1651 5091 1731 5153 satis
1762 5092 1847 5154 serio
1877 5114 1935 5157 nos
1964 5110 2035 5156 esse
2065 5089 2227 5153 animatos

239 5199 328 5245 mum
362 5173 450 5239 hunc
483 5173 623 5251 cultum,
662 5192 758 5255 quem
797 5171 1008 5238 caeremoniis
1047 5172 1204 5237 divinitus
1227 5170 1231 5233 ἰ
1257 5167 1298 5233 ad
1317 5167 1479 5235 canendas
1502 5171 1563 5236 Dei
1587 5171 1710 5252 laudes,
1733 5195 1873 5257 quarunt
1895 5174 2099 5242 immensitas
2122 5181 2227 5239 totum

239 5258 403 5331 mandatis
426 5257 534 5323 David
557 5258 651 5342 longe
682 5260 844 5340 praeferre
870 5279 936 5321 non
961 5255 1096 5322 dubitat.
1140 5256 1206 5321 Per
1228 5242 1233 5303 l
1258 5252 1416 5318 mundum
1445 5264 1592 5338 superat,
1626 5258 1690 5324 nisi
1720 5260 1947 5329 adscendimus
1980 5280 2081 5344 supra
2112 5281 2226 5327 sensus
