4658 5856
177 344 241 409 495
921 324 924 329 ’
1034 337 1251 406 Peninus
1281 342 1320 406 u.
2114 343 2178 408 teo

159 540 275 598 terram
297 533 338 597 cd
360 532 563 597 iudicandum
581 530 745 612 populum
766 550 870 596 suum.
904 530 934 596 5.
960 528 1148 614 cenaeque
1201 541 1366 613 torporem
1388 541 1556 596 exemeret
1578 548 1615 593 ae
1636 527 1784 594 fallacem
1810 526 1961 593 fiduciam
1985 529 2174 611 corrigeret,

160 620 238 684 mibi
270 624 445 683 mansuetos
473 637 570 696 meos,
605 618 662 698 qui
693 618 873 699 percutiunt
900 616 1012 700 foedus
1043 635 1147 680 meum
1199 618 1383 681 necessario
1411 633 1563 679 severam
1592 613 1677 678 hanc
1704 612 1987 678 denuntiationem
2010 613 2174 681 adhibuit.

160 726 255 787 super
277 703 459 784 sacrificiis.
1199 701 1296 783 Quod
1318 723 1396 785 ergo
1414 698 1524 765 Deum
1545 698 1599 764 hic
1621 710 1736 784 gentes
1758 720 1871 764 omnes
1893 697 1934 764 ad
1955 719 2052 763 suum
2071 701 2175 764 tribu·

1199 787 1256 851 nal
1289 789 1445 854 citantem
1474 784 1618 865 inducit,
1652 806 1715 849 non
1749 785 1795 849 ita
1828 785 2043 866 interpretor,
2076 787 2174 868 quasi

250 876 277 938 1.
298 872 402 957 (Deus
423 870 580 958 deorum.)
628 873 827 957 Quanquam
851 872 1003 938 Psalmus
1029 874 1145 939 inseri·
1198 874 1382 957 promiscue
1417 871 1477 936 toti
1510 871 1632 935 mundo
1667 891 1762 936 verae
1795 881 1828 933 et
1861 871 2007 934 sincerae
2040 871 2173 952 pietatis

163 960 253 1025 bitur
282 959 413 1043 Asaph,
440 959 584 1025 nescitur
617 970 728 1023 tamen
760 960 904 1024 fueritne
935 959 1005 1025 eius
1034 970 1142 1024 autor:
1197 960 1344 1043 regulam
1377 956 1501 1037 tradat,
1535 971 1569 1022 et
1600 958 1745 1038 undique
1774 955 1944 1020 ecelesiam
1972 955 2107 1038 colligat
2136 959 2173 1019 in

162 1067 205 1110 an
227 1067 314 1124 vero,
338 1065 437 1127 quum
461 1065 547 1108 unus
569 1056 655 1111 esset
676 1067 717 1110 cx
737 1045 925 1128 praecipuis
942 1044 1143 1123 cantoribus,
1196 1065 1292 1110 suum
1321 1043 1521 1128 obsequium,
1551 1042 1608 1106 sed
1639 1056 1675 1106 ut
1696 1044 1885 1125 hypocritae
1912 1061 1973 1105 suo
1996 1061 2087 1106 more
2109 1042 2173 1106 sibi

162 1153 237 1197 eum
260 1152 301 1196 ex
325 1151 423 1194 manu
446 1129 584 1196 Davidis
607 1134 797 1213 susceperit.
834 1130 901 1196 Sed
927 1131 1084 1214 quoniam
1108 1132 1142 1195 in
1196 1129 1322 1195 adulari
1350 1131 1510 1195 desinant.
1554 1127 1639 1192 Nam
1670 1127 1711 1191 ad
1734 1149 1788 1192 eos
1809 1124 2003 1212 pungendos
2026 1127 2079 1191 hic
2104 1147 2173 1191 noii

163 1240 202 1282 ea
230 1238 264 1280 rc
292 1237 407 1299 parum
435 1229 485 1279 est
508 1217 678 1293 momenti,
713 1217 822 1298 potius
853 1215 1024 1282 videamus
1055 1215 1142 1298 quod
1195 1216 1279 1281 levis
1308 1215 1372 1279 luit
1400 1214 1565 1297 stimulus,
1594 1224 1694 1279 testes
1724 1213 1891 1295 improbae
1917 1232 1994 1277 suae
2017 1211 2172 1278 dissimu-

163 1302 204 1367 ed
233 1323 303 1367 rem
332 1301 437 1384 magis
463 1303 613 1383 pertinet.
660 1301 757 1367 Multi
779 1313 899 1384 putant
922 1303 975 1368 hie
998 1301 1139 1368 describi
1195 1301 1328 1367 lationis
1359 1301 1479 1366 habere
1508 1309 1642 1366 cunctos
1672 1299 1837 1380 mortales,
1865 1313 1898 1362 et
1922 1298 2056 1380 spoliari
2078 1299 2172 1362 larva

162 1388 408 1453 renovationem
420 1387 634 1452 ecclesiae:et
646 1388 726 1453 haec
735 1389 845 1471 opinio
857 1389 977 1472 passim
988 1389 1140 1468 obtinuit,
1195 1388 1253 1451 illa
1273 1388 1407 1469 pietatis
1429 1407 1495 1469 qua
1522 1406 1557 1450 se
1579 1384 1805 1450 venditabant.
1848 1384 1925 1450 Huc
1947 1384 2046 1448 etiam
2068 1385 2172 1467 perti·

163 1475 227 1539 huc
249 1483 412 1556 spectasse
435 1473 614 1555 prophetae
636 1473 820 1552 consilium,
854 1484 891 1538 ut
913 1472 1052 1540 Iudaeos
1074 1495 1140 1538 mo·
1196 1483 1261 1552 net,
1284 1473 1368 1554 quod
1391 1472 1516 1537 Iehova
1538 1472 1644 1535 Deum
1667 1470 1803 1535 deorum
1826 1473 1984 1546 nominat,
2006 1469 2082 1552 quia
2105 1470 2172 1535 nisi

164 1569 265 1636 neret,
289 1559 498 1624 umbratilem
520 1559 602 1642 legis
624 1559 748 1624 cultum
773 1560 905 1624 nonnisi
925 1558 1141 1643 temporalem
1195 1559 1316 1624 iniecto
1333 1559 1418 1623 serio
1435 1567 1570 1634 terrore,
1589 1577 1757 1639 nunquam
1769 1555 1841 1619 Deo
1854 1554 1991 1619 illudere
2003 1555 2171 1620 desinunt.

163 1667 243 1721 esse,
267 1645 322 1726 qui
345 1645 442 1726 paulo
467 1656 538 1725 post
557 1644 765 1728 abnegandus
783 1655 879 1710 esset.
915 1644 988 1712 Hoc
1007 1645 1139 1728 quidem
1197 1643 1294 1725 Quod
1318 1645 1418 1708 etiam
1441 1665 1481 1708 ex
1504 1643 1628 1725 reliquo
1648 1651 1804 1708 contextu
1822 1642 1938 1711 melius
1955 1640 2090 1723 patebit,
2114 1641 2171 1705 ubi

167 1732 377 1795 verissimum
418 1737 481 1806 est,
521 1731 629 1795 Deum
671 1731 749 1796 olim
790 1730 908 1797 talibus
948 1730 1142 1796 rudimentis
1193 1728 1258 1795 Dei
1287 1731 1440 1795 maiestas
1470 1728 1685 1793 formidabilis
1713 1726 1924 1792 describitur:
1959 1739 1996 1790 ut
2025 1729 2170 1791 sentiant

167 1815 307 1880 Iudaeos
325 1814 418 1896 quasi
437 1836 564 1897 pucros,
587 1817 780 1894 exercuisse,
800 1838 901 1899 usque
920 1815 997 1881 dum
1016 1815 1141 1881 adoles·
1195 1815 1382 1900 hypocritae
1412 1813 1496 1879 nihil
1518 1835 1553 1878 se
1575 1815 1731 1897 prolicere
1752 1812 1932 1896 puerilibus
1954 1813 2059 1895 nugis,
2091 1814 2170 1894 quia

166 1912 256 1967 ceret
285 1900 435 1980 eeclesia,
469 1909 502 1965 ct
530 1903 658 1966 veniret
687 1912 816 1985 tempus
845 1902 1075 1983 plenitudinis,
1103 1911 1142 1967 ut
1193 1902 1361 1984 negotium
1391 1901 1435 1967 sit
1455 1920 1530 1967 cum
1554 1909 1621 1964 tam
1643 1920 1758 1965 severo
1780 1898 1896 1965 iudice.
1943 1895 2009 1964 Sed
2032 1919 2073 1962 ne
2097 1898 2170 1980 quis

167 1986 291 2051 Paulus
315 1997 422 2064 vocat,
445 1985 554 2052 Galat.
574 1989 604 2064 4,
627 1990 648 2052 4
670 1988 727 2052 sed
750 2009 838 2053 nuno
858 1987 946 2054 aliud
961 1990 1140 2071 quaeritur,
1193 1987 1324 2052 obiiciat
1342 1986 1508 2052 diversum
1527 1985 1703 2068 quidquam
1721 2006 1740 2050 a
1759 1984 1830 2069 lege
1849 1985 1902 2050 hic
1920 1981 2017 2060 tradi,
2040 1994 2075 2047 et
2092 2005 2169 2048 con·

166 2072 330 2156 dirigatne
352 2071 513 2154 propheta
530 2093 712 2138 sermonem
735 2074 776 2138 ad
795 2072 895 2139 seculi
912 2075 962 2140 sui
979 2075 1140 2153 homines,
1195 2072 1272 2136 velli
1300 2073 1425 2139 cultum
1447 2087 1474 2136 ’a
1496 2071 1589 2136 Mose
1617 2072 1865 2154 praescriptum,
1894 2070 2090 2134 nominatim
2111 2090 2166 2133 ex-

167 2166 202 2222 et
223 2157 336 2240 legalis
359 2157 468 2222 cultus
494 2157 632 2224 abusum
656 2169 689 2224 et
710 2160 925 2243 corruptelam
949 2160 1141 2243 simpliciter
1193 2157 1308 2240 primit
1329 2159 1498 2241 propheta,
1527 2167 1783 2236 consentaneum
1805 2176 1879 2221 oum
1901 2155 1973 2239 lege
1995 2156 2065 2219 iore
2087 2155 2169 2217 iudi·

167 2242 310 2320 damnet,
334 2263 376 2306 an
400 2243 593 2308 vaticinium
612 2243 688 2309 edat
705 2245 744 2310 de
761 2245 1009 2312 futuroOhristi
1029 2266 1139 2329 regno.
1193 2244 1280 2309 oium
1314 2243 1391 2323 hoc,
1422 2245 1515 2310 cuius
1547 2251 1598 2307 est
1629 2262 1755 2325 praeco.
1806 2241 1915 2307 Deum
1947 2241 2034 2306 enim
2067 2241 2168 2306 verba

166 2329 221 2394 Ex
250 2338 404 2393 contextu
434 2350 511 2394 vero
540 2329 636 2394 facile
665 2331 798 2413 patebit,
828 2331 1022 2416 prophetam
1053 2332 1140 2415 apud
1194 2329 1300 2395 facere
1321 2350 1337 2395 e
1359 2328 1446 2409 Sicu
1469 2326 1661 2394 tantundem
1684 2327 1774 2394 valet
1792 2349 1829 2393 ac
1846 2328 1928 2412 legis
1946 2348 2025 2392 suae
2043 2325 2167 2391 autori·

168 2436 244 2479 suos
274 2413 424 2496 aequales
451 2414 551 2479 fuisse
580 2415 662 2500 legis
690 2416 915 2500 interpretem,
945 2430 982 2482 ut
1010 2417 1142 2484 doceret
1194 2422 1295 2480 tatem
1324 2416 1461 2498 sancire,
1491 2414 1628 2497 ideoque
1657 2413 1845 2498 prophetae,
1874 2414 2000 2497 quoties
2029 2411 2091 2477 hac
2121 2412 2168 2474 lo·

167 2501 398 2577 caeremonias,
427 2521 490 2583 quo
516 2510 660 2584 tempore
684 2501 845 2586 vigebant,
874 2502 996 2569 nullius
1025 2524 1084 2586 per
1106 2525 1141 2569 se
1193 2501 1315 2584 quendi
1348 2501 1453 2565 forma
1485 2512 1643 2578 utuntur,
1684 2521 1719 2564 se
1752 2500 1833 2584 legis
1866 2500 2063 2581 interpretes
2096 2517 2167 2562 esse

167 2608 238 2652 esse
267 2585 437 2664 momenti,
471 2586 527 2650 sed
557 2586 672 2651 referri
702 2590 808 2670 potius
837 2588 871 2651 in
901 2588 1001 2652 alium
1031 2590 1140 2653 finem.
1194 2596 1354 2651 asserunt.
1399 2586 1485 2651 Nam
1515 2586 1593 2667 quia
1621 2605 1717 2651 mons
1745 2586 1800 2650 ille
1830 2605 1898 2650 non
1927 2585 2094 2649 hominum
2120 2599 2167 2647 te·

168 2672 211 2735 Et
244 2670 328 2753 quod
351 2670 547 2748 obtenditur,
576 2671 686 2735 Deum
710 2692 877 2754 nunquam
900 2681 1005 2737 totum
1028 2673 1140 2738 orbem
1194 2673 1344 2736 meritate
1360 2672 1467 2737 fuerat
1482 2669 1637 2748 delectus,
1660 2672 1855 2737 relationem
1876 2671 1974 2735 habet
1992 2668 2032 2733 ad
2050 2669 2166 2752 legem.

168 2768 312 2834 vocasse,
342 2756 405 2820 nisi
435 2774 535 2836 quum
566 2755 775 2840 evangelium
803 2758 1045 2842 promulgatum
1068 2759 1140 2837 fuit,
1193 2755 1309 2839 Itaque
1341 2776 1429 2821 nuno
1462 2755 1621 2839 propheta
1648 2777 1762 2822 ansam
1793 2756 1976 2840 disputandi
2008 2754 2169 2838 praecidit

167 2843 244 2924 quia
274 2840 356 2922 legis
386 2838 533 2905 doctrina
561 2850 685 2907 eertum
711 2853 744 2907 et
766 2843 960 2925 peculiarem
984 2844 1141 2928 populum
1194 2840 1334 2921 Iudaeis,
1362 2843 1441 2925 quia
1461 2842 1553 2907 Deus
1581 2841 1650 2925 ipse
1675 2864 1740 2907 non
1763 2843 1872 2926 aliquo
1895 2862 1979 2908 novo
2000 2842 2072 2906 iure
2095 2860 2167 2905 reos

168 2927 229 2990 sibi
262 2924 410 3009 collegit:
443 2926 533 2990 nullo
566 2929 696 3012 negotio
725 2929 830 2994 refelli
858 2939 975 3011 potest.
1028 2931 1142 3014 Neque
1194 2926 1293 2993 faciat
1318 2928 1374 3012 qui
1402 2926 1507 2995 cordis
1537 2928 1757 3012 impuritatem
1779 2929 1889 2996 fucata
1910 2928 2016 3010 specie
2039 2935 2167 3012 tegunt,

169 3012 256 3076 enim
278 3010 436 3095 intelligit
459 3013 619 3096 propheta
641 3022 746 3079 totuin
770 3016 883 3081 orbem
905 3016 1141 3098 advocandum,
1194 3011 1252 3077 sed
1274 3035 1316 3078 ex
1337 3013 1410 3099 lege
1429 3034 1490 3079 sua
1511 3033 1571 3097 per
1588 3015 1705 3081 Mosen
1722 3012 1790 3080 lata
1807 3033 1882 3080 cum
1901 3014 1980 3096 ipsis
1998 3011 2166 3095 disceptet.

168 3106 208 3160 ut
246 3117 453 3163 communem
492 3095 674 3164 doctrinam
705 3100 829 3183 pariter
862 3101 997 3168 audiant
1030 3123 1142 3168 omnes
1195 3097 1275 3164 Sion
1313 3108 1422 3165 autem
1462 3105 1555 3167 vocat
1585 3098 1803 3182 perfectionem
1835 3101 1955 3166 decoris
1987 3098 2166 3164 honorifico

168 3193 297 3267 gentes,
336 3182 394 3247 sed
428 3191 466 3247 ut
494 3204 602 3248 coram
629 3193 697 3250 toto
726 3206 846 3270 genere
875 3187 1022 3254 humano
1050 3188 1142 3254 Deus
1195 3185 1345 3251 nomine:
1378 3186 1454 3268 quia
1481 3185 1573 3251 Deus
1601 3188 1781 3252 sacrarium
1810 3186 1893 3251 illud
1922 3187 2078 3270 elegerat,
2112 3184 2168 3249 ubi

167 3288 298 3334 causam
318 3288 411 3333 suam
430 3290 505 3333 cum
524 3268 656 3336 Iudaeis
675 3271 841 3355 disceptet.
876 3272 1042 3341 Convenit
1053 3275 1142 3340 enini
1195 3290 1314 3336 nomen
1345 3293 1443 3337 suum
1471 3272 1697 3351 invocaretur,
1730 3283 1764 3338 et
1792 3272 1860 3338 illic
1890 3273 1960 3338 eius
1989 3273 2098 3356 imago
2129 3272 2166 3334 in

169 3353 250 3419 haec
273 3355 467 3418 contestatio
485 3376 558 3419 cum
576 3354 634 3420 illa
652 3356 756 3423 Mosis
773 3358 874 3425 Deut.
892 3359 943 3439 32,
963 3361 996 3425 1:
1020 3360 1143 3426 Audite
1194 3357 1276 3442 legis
1299 3357 1445 3423 doctrina
1465 3357 1620 3442 fulgebat.

170 3438 250 3503 coeli
270 3460 353 3521 quae
368 3437 492 3521 loquar,
513 3439 623 3504 audiat
642 3448 731 3507 terra
749 3443 848 3509 verba
863 3446 929 3510 orie
940 3448 1015 3512 mei.
1046 3445 1142 3525 Item,
1280 3442 1310 3508 3.
1330 3442 1457 3529 (Veniet
1472 3443 1562 3510 Deua
1579 3443 1703 3530 uodo.)
1733 3443 1830 3525 Quod
1845 3447 1965 3530 repetit
1976 3461 2164 3531 venturum,

169 3525 269 3590 Deut.
292 3525 349 3601 30,
381 3524 437 3587 19:
473 3523 646 3591 Contestor
680 3526 777 3593 hodie
805 3531 930 3594 coelum
959 3541 990 3596 et
1019 3539 1142 3597 terrani
1195 3528 1235 3594 ad
1263 3530 1543 3596 confirmationem
1566 3530 1733 3598 doctrinae
1754 3531 1852 3611 valet,
1880 3544 1917 3599 ut
1939 3533 2165 3603 vehementius

172 3608 258 3694 quod
281 3609 341 3675 tibi
363 3612 588 3692 proposuerim
612 3611 700 3677 viam
723 3614 810 3679 vitae
832 3624 865 3679 et
885 3616 1010 3681 mortis.
1057 3617 1142 3682 Cum
1195 3616 1361 3681 concutiat
1399 3628 1567 3699 torpentes
1603 3617 1748 3683 animos:
1786 3615 1921 3700 Veniet,
1953 3621 2074 3706 inquit,
2107 3644 2167 3691 nec

171 3696 229 3760 illa
257 3695 355 3760 etiam
379 3694 513 3774 Iesaiae,
544 3697 572 3776 1,
595 3697 632 3761 2:
666 3697 787 3764 Audite
820 3699 900 3765 coeli
927 3709 960 3765 ct
982 3701 1144 3767 auscultet
1194 3699 1304 3765 silebit
1324 3722 1428 3784 ireque
1450 3702 1485 3765 iu
1507 3703 1623 3766 finem:
1647 3723 1689 3767 ne
1711 3703 1780 3770 eius
1800 3706 1960 3788 patientia
1981 3709 2071 3775 abuti
2093 3732 2167 3796 per·

171 3791 277 3879 terra:
306 3780 382 3864 quia
404 3781 567 3847 Dominus
597 3782 750 3866 loquutus
772 3796 830 3851 est.
875 3787 921 3852 iit
942 3786 1023 3852 haee
1044 3786 1142 3852 vehe·
1195 3786 1290 3869 gatis.
1334 3786 1424 3853 Deua
1445 3793 1559 3852 uoco.
1602 3786 1742 3854 Duobus
1769 3790 1877 3859 modis
1899 3792 1959 3860 hoc
1980 3805 2088 3878 potest
2109 3821 2166 3864 ex·

170 3874 295 3931 mentia
316 3866 403 3950 apud
424 3866 816 3950 hypocritasnecessaria
836 3872 907 3951 fuit,
938 3882 976 3937 ut
998 3873 1144 3939 excussis
1195 3872 1287 3955 poni,
1322 3872 1373 3936 vel
1402 3872 1489 3955 quod
1518 3871 1738 3954 prophetase
1765 3872 1945 3945 veris'Dei
1977 3881 2166 3966 cultoribus,

170 3950 336 4017 blanditiis
358 3951 443 4018 serio
465 3953 507 4018 ad
528 3953 593 4019 Dei
614 3954 770 4021 iudicium
793 3959 1009 4024 attenderent.
1042 3959 1143 4025 Prae·
1195 3957 1250 4041 qui
1272 3957 1459 4041 paucissimi
1483 3965 1579 4023 erant
1599 3979 1747 4041 numero,
1767 3983 1967 4050 aggregans,
1989 3988 2024 4034 se
2046 3989 2088 4034 ex
2110 3970 2167 4038 ad·

172 4037 285 4135 sertim
309 4058 386 4102 vero
407 4039 441 4102 in
462 4039 524 4104 hae
539 4059 637 4106 eausa
656 4062 787 4108 necesse
804 4043 866 4108 fuit
883 4047 1018 4129 gravius
1031 4065 1144 4129 exper·
1196 4064 1292 4108 verso
1324 4051 1461 4121 statuat,
1496 4053 1533 4108 ut
1566 4041 1766 4113 demonstret
1798 4049 1988 4134 hypocritas
2020 4055 2103 4123 falso
2135 4067 2168 4124 et

171 4123 285 4207 gaheri
306 4122 455 4190 Iudaeos.
495 4125 581 4189 Nam
604 4148 704 4209 quum
726 4130 879 4212 propensi
905 4131 971 4196 sint
996 4132 1145 4197 homines
1196 4130 1339 4194 inaniter
1367 4130 1497 4208 iactare,
1525 4127 1635 4194 Deum
1664 4131 1726 4197 sibi
1755 4155 1827 4201 esse
1853 4158 2061 4207 communem
2091 4162 2167 4210 oum

173 4206 214 4274 ad
244 4213 397 4273 externas
425 4209 544 4291 laria,
574 4212 682 4278 Deum
713 4235 753 4278 ex
783 4235 841 4278 suo
865 4236 991 4298 quoque
1011 4217 1145 4301 ingenio
1197 4215 1318 4280 sanctis
1345 4214 1503 4299 patribus.
1547 4214 1673 4281 Verum
1702 4220 1787 4285 alter
1816 4243 1932 4290 sensus
1959 4226 2040 4292 mihi
2062 4231 2167 4314 magis

40 4372 52 4400 ·
172 4293 363 4371 metiuntur,
390 4301 488 4376 atque
516 4297 561 4360 ita
582 4298 703 4379 optime
724 4320 759 4364 se
781 4320 859 4383 erga
880 4322 955 4366 eum
978 4302 1145 4369 defunctos
1197 4299 1329 4382 arridet,
1357 4301 1441 4383 quod
1471 4301 1640 4386 propbeta,
1670 4305 1762 4388 quasi
1785 4329 1871 4374 unus
1893 4331 1911 4375 e
1933 4312 2063 4396 populo,
2093 4337 2167 4400 pro·

172 4389 298 4479 putarit,
316 4378 371 4443 ubi
386 4381 601 4478 eaeremoniis
619 4404 749 4466 operam
766 4384 923 4452 dederint.
950 4388 1001 4453 Ita
1015 4388 1146 4454 Iudaeis
1197 4388 1328 4452 nuntiet
1349 4386 1458 4453 Deum
1480 4384 1575 4451 illum
1596 4390 1688 4456 cuius
1710 4412 1831 4459 nomen
1854 4396 2077 4466 obtendebant
2099 4424 2167 4468 om·

173 4464 318 4549 proclive
347 4463 412 4529 i'uit
444 4464 526 4564 legis
555 4467 676 4551 figuras
706 4479 827 4536 temere
857 4473 1014 4556 arripere,
1049 4496 1087 4541 ao
1117 4476 1146 4541 si
1198 4493 1256 4536 nes
1284 4473 1344 4537 filii
1368 4471 1529 4552 Abrahae,
1558 4474 1670 4540 violati
1698 4479 1751 4543 sui
1773 4480 1882 4548 cultus
1903 4483 1972 4550 fore
1993 4486 2165 4554 vindicem.

173 4572 285 4617 earum
309 4549 533 4650 observatione
555 4550 665 4618 Deum
686 4556 749 4620 rite
771 4556 948 4639 placarent,
970 4568 1005 4624 et
1026 4560 1145 4627 scimus
1198 4559 1319 4624 Veniet
1341 4579 1418 4642 ergo
1440 4559 1532 4624 Deus
1553 4572 1674 4641 noster,
1696 4584 1760 4647 quo
1782 4588 1842 4633 nos
1865 4569 2054 4654 gloriamur,
2076 4574 2166 4639 Deus

175 4635 214 4701 de
236 4637 297 4702 heo
319 4644 552 4736 superstitione
575 4642 790 4704 accerrimum
811 4663 939 4727 semper
955 4645 1058 4712 luisse
1076 4665 1144 4711 eer-
1197 4645 1252 4710 ille
1275 4646 1328 4729 qni
1354 4644 1463 4711 foedus
1485 4646 1610 4730 pepigit
1630 4669 1704 4715 cum
1723 4650 1902 4739 Abraham,
1925 4655 2012 4722 idem
2033 4658 2090 4724 ille
2112 4661 2165 4744 qui

175 4732 284 4821 tamen
302 4722 479 4805 prophetis,
500 4744 575 4806 quia
594 4725 727 4805 pessimi
743 4727 862 4810 quiquo
880 4740 913 4795 ct
931 4731 1145 4814 impurissimi
1196 4752 1255 4815 per
1283 4751 1417 4795 manum
1451 4730 1553 4796 Mosis
1586 4733 1691 4818 legem
1725 4738 1818 4804 nobis
1847 4739 1945 4807 dedit.
1998 4743 2093 4824 Quod
2128 4746 2166 4811 de

174 4807 324 4906 homines
351 4831 387 4909 se
408 4829 468 4891 pro
491 4811 577 4875 veris
601 4809 665 4875 Dei
688 4812 869 4880 cultoribus
889 4816 1043 4883 audacter
1067 4839 1145 4882 ven·
1196 4818 1267 4898 que
1288 4821 1317 4881 et
1331 4815 1454 4882 turbiue
1470 4816 1625 4900 sequitur,
1648 4826 1779 4889 tametsi
1803 4815 2165 4914 ade‘xpergefaciendos

174 4891 331 4978 ditabant,
360 4915 388 4960 si
416 4893 512 4959 modo
541 4917 636 4962 snam
658 4896 860 4980 impietatem
882 4910 992 4985 tegere
1014 4910 1146 4985 possent
1196 4902 1336 4968 Iudaeos
1360 4904 1501 4986 positum
1519 4914 1578 4984 est,
1600 4916 1637 4970 ut
1654 4909 1786 4983 tandem
1804 4934 2023 4996 expavescere
2040 4915 2166 4987 discant

174 4978 282 5077 fallaci
314 4980 422 5063 aliqua
451 4981 581 5081 pietatis
603 4983 719 5067 specie.
765 4983 876 5065 Quare
896 5008 962 5053 non
984 4989 1065 5054 satie
1086 4988 1145 5054 ha·
1197 4989 1238 5053 ad
1261 4988 1324 5052 Dei
1347 4988 1512 5073 iudicium,
1535 4990 1618 5074 quod
1641 4992 1797 5063 hactenus
1819 5001 1919 5066 nimis
1941 5025 2055 5070 secure
2076 5026 2165 5090 spre-

174 5063 244 5162 buit
267 5066 427 5148 propheta
449 5067 639 5166 simpliciter
658 5068 773 5136 docere
795 5073 960 5158 corrumpi
978 5083 1012 5141 et
1029 5073 1146 5140 violari
1196 5083 1332 5140 verunt:
1352 5074 1545 5141 allusionem
1567 5083 1676 5144 tamen
1693 5085 1838 5149 continet
1854 5086 1894 5151 ad
1912 5088 2069 5156 horribile
2086 5089 2164 5157 illud

174 5146 239 5213 Dei
259 5149 393 5232 cultum,
413 5152 467 5217 ubi
486 5153 634 5253 neglecta
652 5154 715 5221 fide
733 5165 767 5222 et
783 5157 924 5240 puritate
939 5158 1054 5238 cordis,
1073 5168 1147 5225 tari·
1197 5158 1416 5241 spectaculum
1447 5162 1531 5246 quod
1563 5164 1654 5230 Deus
1682 5167 1717 5231 in
1746 5182 1856 5237 monte
1886 5172 1978 5241 Sinai
2007 5176 2164 5259 exhibuit,

175 5241 247 5298 tuni
270 5236 310 5300 ad
333 5246 486 5304 externos
507 5248 592 5306 ritus
613 5243 732 5306 intenti
750 5251 829 5309 sunt
846 5242 1011 5313 homines:
1034 5245 1093 5313 sed
1110 5254 1147 5312 ut
1197 5243 1302 5311 Exod.
1327 5245 1452 5327 19,16.
1497 5246 1628 5316 Scimus
1657 5252 1743 5318 enini
1771 5257 1917 5325 tonitrua
1944 5263 1980 5327 in
2002 5271 2071 5332 toto
2092 5279 2164 5333 aere
