4658 5856
127 350 191 416 373
902 347 1118 416 Paruulus
1139 348 1324 415 XXXVII.
2039 353 2104 417 374

115 539 179 604 tiae
201 538 406 604 saerifioium.
450 537 589 603 Interim
613 538 777 623 rogandus
807 546 855 604 est
884 548 921 602 ut
944 558 1003 602 nos
1026 557 1084 601 suo
1137 536 1296 605 Hebraeis
1330 559 1419 604 nune
1453 559 1605 622 magnam
1639 539 1809 604 hominum
1840 540 1986 620 turbam,
2018 562 2104 608 nuno

115 623 238 691 lumine
259 623 419 689 illustret:
448 626 524 706 quia
551 626 597 689 ιιι
619 626 675 689 ιιι
697 634 735 689 ιι
763 626 838 689 fidei
868 636 997 688 nostrae
1028 621 1085 686 ad·
1136 643 1244 687 rerum
1289 624 1522 691 abundantiam
1568 625 1749 708 signifieat:
1794 625 1957 690 interdum
2005 626 2105 691 etiam

115 722 243 794 speotus
265 707 410 775 eiusdem
429 711 515 775 risus
537 731 596 775 ιιι
613 711 710 776 faeiat
731 710 905 792 participes
927 711 961 773 in
981 707 1086 773 media
1136 709 1303 791 epitheton
1323 711 1452 775 numeri
1467 709 1604 794 pluralis
1621 729 1696 775 oum
1713 709 1917 776 substantivo
1929 711 2105 795 singularis

115 796 258 861 tristitia.
310 795 454 875 Quidam
483 797 545 861 alio
575 797 722 861 referunt
749 796 830 861 duos
859 798 940 861 istos
961 814 1087 872 versus,
1137 797 1265 860 numeri
1287 795 1445 880 iungitur.
1482 794 1548 862 Sed
1571 795 1679 878 quiin
1702 796 1791 862 ιιιι
1813 817 1946 861 ιιιιιιι
1968 797 2106 862 ιιιιιιι

115 882 204 948 aesi
237 880 358 946 dieeret
381 881 507 960 David,
538 881 608 966 pios
633 882 713 948 adeo
743 881 879 948 ielieiter
907 901 1020 965 agere,
1051 886 1087 943 ut
1138 880 1236 945 verba
1257 880 1412 958 Davidis,
1443 902 1561 965 paueos
1584 883 1685 947 iustas
1708 881 1880 965 impiorum
1903 882 2104 948 multitudini

115 968 195 1051 ipsis
227 967 395 1034 invideant
427 966 515 1031 mali.
576 966 641 1034 Sed
662 966 774 1033 ·iaeile
811 969 877 1032 iam
910 973 1087 1050 agnoseeut
1137 976 1310 1046 praestare,
1333 977 1445 1050 aperte
1467 987 1505 1031 ea
1523 967 1710 1050 depravant,
1733 988 1771 1033 ιι
1789 977 1889 1032 totam
1911 969 2106 1033 sententiam

115 1054 253 1118 lautores
274 1052 307 1116 id
330 1053 466 1116 minime
494 1053 645 1119 aeoedere
670 1065 704 1117 at
732 1054 909 1136 prophetae
932 1060 1085 1117 mentem.
1137 1065 1362 1137 eorrumpunt.
1406 1052 1480 1139 Non
1509 1052 1629 1136 reeipio
1658 1053 1756 1117 etiam
1787 1052 1872 1136 quod
1903 1052 2018 1119 doeent
2040 1054 2104 1131 alii,

201 1138 252 1202 14.
271 1136 437 1222 (Gladium
453 1138 584 1204 adstruat
600 1137 716 1224 impii.)
750 1139 847 1205 Nune
864 1140 994 1224 longius
1011 1154 1087 1220 pro·
1138 1137 1294 1220 exiguum
1324 1136 1411 1222 quod
1433 1137 1577 1221 possidet
1598 1139 1720 1218 iustus,
1748 1139 1864 1204 melius
1893 1159 1963 1203 esse
1985 1160 2107 1223 magna

115 1223 263 1310 graditur
284 1223 412 1305 David,
438 1224 523 1306 quod
546 1224 669 1290 scilieet
689 1225 783 1309 impii
811 1224 919 1309 gladio
949 1235 982 1289 et
1009 1241 1085 1287 arou
1137 1222 1310 1304 impiorum
1345 1224 1529 1304 affluentia,
1570 1223 1659 1288 nulla
1692 1224 1778 1289 enim
1812 1226 1987 1289 necessitas
2020 1225 2107 1310 eogit

114 1311 233 1375 armati
267 1318 403 1374 mortem
425 1308 502 1375 filiis
523 1309 588 1375 Dei
609 1311 818 1377 minitentur:
836 1311 932 1394 idque
954 1309 1033 1375 feeit
1049 1315 1088 1371 nt
1137 1316 1250 1374 eontra
1279 1311 1511 1392 grammatieae
1540 1310 1700 1374 rationem
1729 1330 1846 1375 nomen
1875 1323 1987 1394 gun,
2021 1310 2107 1393 qnod

116 1397 313 1461 tentationes
345 1397 555 1479 praeveniat,
590 1397 707 1477 quibus
742 1397 863 1480 alioqui
898 1416 956 1461 nos
992 1392 1087 1459 deiioi
1138 1394 1257 1460 multos
1285 1396 1337 1460 vel
1369 1414 1504 1478 magnos
1532 1394 1708 1479 signifieat,
1738 1406 1890 1480 torquere
1920 1395 1960 1459 ad
1988 1416 2107 1461 nomen

115 1501 248 1547 neeesse
280 1482 372 1546 foret.
428 1481 541 1564 Neque
574 1483 662 1546 enim
695 1483 758 1548 Dei
791 1482 1019 1565 promissiones
1051 1480 1086 1542 in
1138 1490 1231 1631 Lm,
1268 1480 1383 1564 Itaque
1406 1502 1472 1545 non
1495 1480 1604 1546 dubito
1633 1482 1711 1563 quin
1741 1482 1847 1546 David
1878 1490 2010 1546 tenuem
2033 1483 2107 1546 uni·

116 1567 231 1632 umbra
253 1574 287 1631 et
305 1568 413 1648 quiete
435 1567 542 1633 locum
565 1566 703 1646 habent,
732 1568 788 1634 sed
818 1568 853 1633 in
884 1563 1087 1652 gravissimis
1162 1588 1177 1630 s
1206 1568 1284 1631 iusti
1321 1567 1460 1632 hominis
1490 1567 1654 1631 fortunam
1687 1587 1761 1632 eum
1795 1567 1910 1649 opibus
1943 1578 1976 1632 et
2007 1568 2107 1651 copiis

115 1653 246 1737 pugnis.
291 1652 380 1736 Ergo
410 1673 498 1718 nune
520 1652 628 1732 doeet,
660 1674 737 1736 paee
766 1653 823 1719 illa
847 1653 886 1719 de
905 1674 969 1737 qua
990 1651 1087 1735 paulo
1139 1651 1316 1717 multorum
1347 1651 1519 1735 impiorum
1538 1661 1709 1734 eomparet.
1754 1651 1960 1735 Quamquam
1983 1652 2108 1736 epithe-

116 1751 192 1804 ante
214 1737 377 1814 disseruit,
401 1739 535 1804 minime
552 1739 677 1823 privari
692 1739 803 1820 iustos,
826 1739 976 1822 quamvis
994 1757 1086 1820 prae·
1139 1746 1193 1801 ton
1218 1750 1315 1821 0³35
1338 1758 1403 1802 non
1425 1738 1536 1820 inepte
1558 1746 1705 1803 sumetur
1727 1758 1784 1819 pro
1806 1736 2031 1821 magnatibus,
2052 1738 2106 1821 qni

116 1838 240 1890 sentem
262 1823 329 1887 illis
350 1835 490 1888 mortem
511 1825 602 1909 impii
625 1826 805 1905 intentent,
834 1846 872 1891 ae
901 1825 947 1890 sie
970 1822 1087 1889 resolvi
1139 1825 1334 1889 auctoritate
1357 1834 1390 1888 et
1410 1825 1557 1906 potentia
1580 1823 1701 1888 valent.
1748 1824 1886 1888 Davidis
1915 1833 2002 1888 eerte
2031 1845 2106 1889 ιιι·

116 1909 211 1975 (ιιιιι
231 1910 351 1973 oratio:
376 1908 536 1989 Quamvis
553 1909 698 1994 gladium
717 1921 872 1977 exserant
894 1917 1088 1993 peeoatores,
1139 1909 1250 1974 silium
1268 1909 1403 1974 minime
1425 1910 1598 1975 obscurum
1622 1920 1684 1974 est:
1708 1911 1858 1991 quamvis
1888 1910 1980 1992 impii
2002 1910 2108 1975 exeel·

115 2004 146 2059 et
167 2015 281 2060 areum
310 1994 448 2059 tendant
475 1996 510 2059 iu
532 1997 708 2079 pernioIem
730 1997 905 2075 iustorum,
935 1991 1089 2079 quidquid
1139 1994 1209 2059 lant
1231 1994 1266 2059 in
1293 1995 1434 2073 mundo,
1457 1994 1569 2061 referti
1597 1995 1664 2060 sint
1692 2015 1811 2078 magna
1833 1993 2049 2074 abnndantia,
2077 2005 2110 2060 et

116 2091 226 2146 tamen
249 2089 424 2161 oenantnr,
450 2081 583 2147 exitiale
612 2082 692 2164 ipsis
715 2082 793 2149 iore.
837 2081 1008 2147 Notandae
1032 2100 1088 2144 au·
1139 2080 1207 2145 suis
1229 2079 1344 2162 opibus
1367 2080 1549 2147 oonfidant:
1572 2078 1751 2162 pauxillum
1776 2091 1886 2145 tamen
1906 2079 1990 2162 quod
2009 2083 2109 2162 poesi·

116 2178 180 2232 ιιι]
222 2179 300 2230 ιιιι
335 2164 541 2248 loquutiones
580 2167 697 2249 quibus
736 2169 933 2252 exprimitur
971 2167 1089 2231 misera
1140 2153 1322 2230 detinetus
1345 2167 1446 2248 pluris
1469 2186 1657 2249 essequam
1680 2165 2108 2232 omuesillorumaeervos.
2187 2182 2191 2191 '

116 2254 278 2319 iustorum
312 2250 469 2328 conditio,
510 2251 611 2319 donee
650 2253 730 2335 ipsis
760 2251 893 2318 tandem
921 2262 1090 2318 suoeurrat
1140 2252 1249 2334 Atque
1267 2251 1344 2317 hine
1361 2251 1553 2337 colligimus,
1572 2250 1735 2316 Davidem
1755 2261 1899 2316 nontam
1917 2251 1957 2315 de
1975 2261 2110 2317 externo

118 2336 217 2403 Deus.
263 2336 433 2402 Vooautur
460 2339 548 2403 enim
578 2340 674 2423 egeni
702 2349 736 2402 et
765 2359 940 2421 pauperes:
972 2337 1089 2403 deinde
1140 2347 1229 2401 statu
1251 2335 1425 2414 disserere,
1456 2359 1552 2420 quam
1587 2337 1626 2402 de
1655 2357 1776 2403 areana
1797 2337 2022 2402 benedietione
2045 2336 2109 2402 Dei

116 2434 347 2504 eomparantur
370 2423 525 2500 vietimis,
555 2426 632 2506 quia
662 2424 752 2489 nulla
780 2424 820 2489 ad
850 2425 917 2490 vim
946 2424 1088 2488 hostium
1140 2443 1222 2505 quae
1246 2443 1321 2487 vere
1343 2423 1445 2488 instas
1467 2422 1657 2506 locupletat:
1680 2422 1756 2504 quia
1773 2423 1834 2488 etsi
1856 2422 1890 2486 in
1909 2422 1994 2487 diem
2017 2424 2110 2487 vieti-

117 2506 335 2591 repellendam
355 2510 499 2592 suppetit
519 2509 668 2584 faeultas,
690 2511 746 2575 sed
770 2511 875 2593 potius
893 2510 952 2576 sub
975 2529 1088 2574 eorum
1141 2517 1223 2583 tent,
1246 2530 1264 2573 ι
1286 2509 1375 2574 eoelo
1397 2517 1508 2574 tamen
1526 2530 1591 2574 non
1610 2528 1703 2573 seeus
1721 2530 1758 2574 aa
1777 2528 1898 2572 manna
1914 2517 2109 2592 pascuntur:

118 2592 254 2677 pedibus
283 2595 428 2677 oppressi
460 2595 576 2661 iaoent.
628 2596 724 2663 Unde
756 2597 920 2679 sequitur,
954 2595 1089 2660 minime
1141 2614 1242 2675 quum
1265 2594 1359 2677 impii
1377 2615 1505 2678 semper
1523 2593 1679 2674 esuriant,
1702 2595 1753 2659 vel
1776 2594 1811 2656 in
1834 2614 1895 2658 ιιι
1911 2593 2111 2659 abnndantia

117 2679 303 2746 ielioitatem
327 2681 373 2744 ιιι
396 2681 430 2743 ιι
452 2680 513 2746 ιιι
534 2679 668 2746 Psalmo
689 2682 836 2764 promitti
858 2683 951 2746 euius
972 2698 1089 2764 aequa·
1142 2680 1259 2762 sepulti
1278 2691 1478 2762 putrescant.
1513 2679 1586 2760 Quo
1604 2680 1701 2743 etiam
1721 2687 1846 2762 speetat
1864 2699 1944 2761 quae
1962 2681 2110 2763 proximo

119 2765 193 2831 bilis
221 2775 317 2830 tenor
338 2785 466 2848 semper
498 2778 668 2850 appareat,
691 2768 747 2832 sed
769 2768 804 2832 in
827 2768 967 2833 miseriis
989 2777 1022 2830 et
1043 2766 1089 2829 al·
1141 2786 1239 2830 versu
1258 2765 1388 2830 additur
1406 2766 1499 2845 ratio,
1518 2764 1602 2848 quod
1623 2763 1745 2829 soilioet
1764 2764 1856 2829 nulla
1872 2765 1914 2829 sit
1934 2764 1969 2828 in
1988 2765 2110 2830 mundo

118 2851 314 2916 fliotionibus
343 2871 433 2933 spem
466 2851 532 2917 illis
566 2853 643 2917 laeti
671 2853 778 2918 exitus
799 2853 936 2938 proponi
964 2873 1026 2935 quo
1055 2871 1090 2915 se
1142 2850 1302 2915 stabilitas
1335 2852 1398 2916 nisi
1420 2851 1552 2916 suffulta
1575 2851 1638 2915 Dei
1661 2871 1778 2926 manu,
1809 2853 1897 2933 atqui
1919 2851 2113 2934 pronuntiat

119 2937 310 3003 sustineant.
336 2936 950 3023 Caeterumquiamalosquoquesaepe
965 2938 1089 3003 eontin-
1142 2936 1227 3002 solos
1257 2937 1361 3001 iustos
1391 2959 1410 3002 a
1438 2937 1510 3001 Deo
1539 2934 1665 3014 fuloiri,
1701 2936 1875 3018 impiorum
1904 2957 1983 3001 vero
2012 2937 2113 3002 robur
2208 2941 2212 2948 '

119 3023 167 3106 git
190 3042 252 3086 sua
271 3023 368 3106 eulpa
389 3043 504 3088 exosos
526 3044 612 3101 esse,
635 3035 667 3088 ot
689 3023 814 3089 duriter
835 3025 967 3104 vexari,
989 3023 1089 3099 addit,
1142 3021 1356 3105 frangendum
1391 3043 1473 3087 esse.
1528 3025 1636 3103 Atque
1667 3021 1719 3086 ιιι
1749 3025 1867 3086 iterum
1895 3021 2043 3086 videmus
2075 3035 2113 3087 ut

117 3113 217 3173 reatae
237 3109 299 3185 uia,
321 3120 450 3190 praeter
468 3110 618 3173 meritum
638 3109 740 3192 affligi
758 3111 955 3193 significans.
992 3109 1090 3173 Prius
1142 3109 1205 3171 rite
1227 3116 1260 3171 et
1278 3107 1457 3187 prudenter
1475 3107 1664 3171 aestimetur
1681 3127 1759 3169 vera
1776 3106 1924 3183 felicitas,
1947 3107 2058 3171 oeulos
2078 3109 2113 3171 in

119 3192 246 3257 dixerat
267 3204 372 3258 reatos
393 3193 505 3259 eorde:
524 3215 587 3275 quo
606 3195 704 3260 verbo
722 3195 856 3259 laudata
873 3195 937 3258 fnit
953 3194 1091 3258 interior
1144 3194 1289 3257 futurum
1312 3200 1441 3274 tempus
1465 3191 1626 3256 tollendos
1653 3211 1739 3270 esse,
1769 3192 1835 3255 imo
1864 3190 2050 3274 dirigendos
2071 3191 2113 3256 ad

118 3278 227 3345 eordis
249 3279 438 3362 integritas:
462 3301 548 3345 nuno
572 3301 647 3357 vero
669 3280 864 3362 probitatem
887 3282 921 3343 in
944 3279 1091 3344 externis
1142 3277 1302 3343 oeoultam
1326 3278 1389 3343 Dei
1412 3278 1567 3362 gratiam,
1593 3285 1628 3342 ιι
1657 3275 1845 3341 absoondita
1871 3275 2007 3342 iudieia:
2036 3278 2113 3359 qnia

119 3365 207 3431 vitae
239 3365 354 3431 officiis
386 3364 607 3429 eommendat:
642 3376 739 3447 atque
772 3365 818 3429 ita
851 3364 992 3430 ostendit
1025 3384 1090 3427 nou
1143 3363 1207 3427 nisi
1241 3363 1305 3427 tide
1338 3365 1484 3446 persuasi
1518 3365 1621 3428 aimus
1651 3361 1759 3426 Deum
1790 3382 1851 3424 ιοι
1884 3362 1918 3425 ιι
1953 3363 2026 3427 ιιιι
2056 3382 2111 3445 pa·

120 3447 216 3514 modo
244 3451 364 3514 iniuste
391 3451 509 3532 affligi,
546 3453 622 3533 quin
658 3450 758 3515 nullis
787 3451 955 3516 maleficiis
981 3450 1092 3514 hostes
1144 3457 1236 3512 terno
1267 3450 1395 3525 fovere,
1438 3470 1567 3532 semper
1607 3447 1698 3512 nobis
1733 3448 1870 3512 molesta
1904 3448 1966 3512 erit
2002 3461 2114 3513 nostra

121 3554 197 3600 enos
226 3536 496 3617 provooaverint:
531 3536 588 3601 sed
618 3536 696 3601 dum
723 3536 926 3601 lacessuntur
955 3534 1093 3613 iniuriis,
1144 3534 1305 3599 tenuitas:
1340 3557 1454 3601 rursus
1483 3537 1545 3601 nisi
1575 3543 1724 3599 oeeurrat
1751 3533 1844 3598 nobis
1876 3534 1940 3598 ista
1967 3533 2114 3599 braohio·

120 3641 188 3685 uon
209 3617 379 3686 defleetere
402 3630 510 3686 tamen
532 3621 773 3687 areetitudine.
818 3623 922 3687 Porro
940 3643 1005 3686 non
1028 3621 1092 3684 iam
1145 3640 1216 3683 rum
1258 3619 1391 3700 fractio,
1436 3621 1611 3703 impiorum
1647 3619 1776 3685 fortuna
1816 3619 1909 3684 nobis
1941 3620 1976 3683 in
2009 3619 2114 3701 pretio

122 3705 163 3770 de
189 3706 259 3771 risu
277 3706 341 3771 Dei
369 3707 513 3788 loquitur
535 3707 660 3783 David,
690 3707 746 3772 sed
776 3706 955 3773 vindictam
985 3707 1094 3791 impiis
1145 3705 1216 3770 erit.
1272 3704 1368 3786 Quod
1401 3706 1427 3770 si
1461 3707 1592 3788 penitus
1624 3705 1726 3769 infixa
1758 3705 1820 3769 erit
1850 3703 2001 3770 eordibus
2034 3705 2113 3770 haee

123 3791 303 3871 denuntiat,
321 3792 418 3858 aienti
436 3801 469 3855 et
490 3792 621 3857 Psalmo
644 3793 718 3870 at
750 3792 901 3869 vidimus,
924 3806 1093 3875 postquam
1145 3790 1307 3867 doctrina,
1342 3793 1396 3857 ubi
1429 3791 1602 3855 didioerint
1633 3790 1744 3854 fideles
1774 3790 1809 3853 in
1835 3790 1989 3854 fulturam
2021 3788 2114 3853 bene-

124 3875 359 3942 dissimulando
377 3876 565 3960 aliquandiu
584 3900 698 3960 passus
716 3880 868 3944 estDeus
886 3880 1002 3961 impios
1022 3900 1093 3961 pro·
1147 3877 1296 3941 diationis
1330 3877 1394 3941 Dei
1427 3877 1630 3954 reeumbere,
1663 3895 1728 3938 ιιι
1763 3875 1871 3938 ιιιιιι
1904 3875 2049 3939 suaviter
2083 3883 2115 3940 ιι

124 3963 261 4039 tervire,
291 3961 407 4027 deinde
429 3964 463 4026 ιι
486 3964 536 4027 ira
553 3984 614 4028 sua
636 3964 722 4048 loqui
746 3964 786 4028 ad
810 3984 864 4029 eos
886 3972 1094 4046 prosternen·
1146 3962 1287 4028 iueunde
1306 3961 1450 4042 pauxillo
1470 3981 1505 4026 se
1523 3960 1739 4043 obleetabnnt,
1763 3979 1860 4041 quam
1881 3959 2010 4025 fortiter
2032 3961 2115 4026 altos

126 4047 191 4114 dos.
236 4046 376 4113 Summa
399 4057 509 4112 autem
532 4059 590 4127 est,
618 4049 697 4115 adeo
719 4049 802 4114 nihil
826 4050 1034 4132 profeotnros,
1059 4062 1096 4112 ut
1147 4068 1244 4129 opum
1267 4047 1428 4125 oumnlos,
1463 4044 1579 4129 quibus
1609 4047 1789 4130 gloriantur
1810 4045 1918 4128 impii,
1949 4049 2043 4128 quasi
2074 4068 2116 4112 ex

126 4133 254 4218 gladius
283 4154 382 4216 quem
410 4134 627 4212 strinxerant,
661 4134 827 4201 rediturus
853 4137 895 4201 ιιι
920 4137 953 4199 ιι
983 4156 1095 4200 eorum
1147 4135 1213 4197 alto
1242 4133 1429 4214 despieient.
1480 4131 1612 4196 Interea
1641 4152 1826 4210 monemur,
1855 4131 2009 4215 quamdiu
2038 4153 2115 4216 pro·

126 4220 262 4297 viscera,
285 4228 319 4283 et
340 4239 434 4284 araus
456 4220 680 4286 eonterondus.
1147 4219 1227 4303 priis
1249 4217 1375 4282 viribus
1398 4219 1565 4297 nituntur,
1595 4228 1626 4281 et
1656 4238 1713 4282 suo
1742 4217 1857 4281 robore
1879 4217 2060 4283 insolenter
2081 4239 2115 4283 ιι

376 4375 382 4386 ,
539 4374 545 4387 ,
1047 4375 1053 4387 ‚
1148 4307 1271 4369 iactant
1288 4304 1389 4386 impii,
1409 4303 1662 4386 exspeetandum
1683 4323 1753 4367 esse
1771 4301 1848 4366 dum
1866 4303 2115 4369 conteratDeus

213 4374 263 4438 16·
301 4372 422 4438 Mami
438 4373 622 4454 liminum
643 4375 725 4439 *ΜΟ
746 4395 841 4456 duam
862 4375 1019 4455 Opimia
1040 4392 1097 4438 m
1147 4391 1292 4471 ipsorum
1321 4389 1461 4455 braehia.
1513 4388 1651 4454 Nostrae
1681 4397 1791 4452 autern
1823 4388 2025 4453 infirmitatis
2055 4391 2115 4454 hoe

123 4461 251 4541 Imm
282 4457 519 4544 WMWWI
575 4459 624 4524 17·
646 4459 739 4558 ,Quia
768 4459 895 4525 Μία
927 4461 1097 4558 militm
1148 4475 1308 4557 optimum
1330 4495 1401 4541 esse
1423 4474 1591 4551 solatium,
1621 4472 1706 4557 quod
1735 4493 1795 4538 ιιι
1826 4472 1917 4538 Deus
1946 4476 2014 4556 ipse
2043 4495 2115 4540 ιιι·

126 4545 323 4629 frangeretur,
343 4549 493 4610 ιιιιιιιιι
514 4549 619 4610 autem
638 4550 736 4609 testea
758 4544 881 4612 Iebova.
933 4546 982 4611 18.
1004 4544 1098 4610 Norat
1149 4563 1240 4625 tinet,

128 4630 244 4730 Ῑθῇθυθ
266 4632 334 4696 ἅιθθ
354 4632 558 4714 imiimi,
580 4636 608 4695 θι
628 4629 802 4696 medii&
822 4652 927 4697 emm
941 4636 1098 4731 Melita
1234 4647 1283 4712 18.
1303 4645 1415 4732 (Novit
1436 4644 1552 4711 Ietoea
1569 4646 1637 4710 diae
1656 4645 1870 4728 immotam.)
1913 4644 1987 4710 Non
2005 4644 2061 4709 abs
2081 4664 2116 4710 re

129 4722 208 4815 mig
243 4716 292 4782 19·
313 4715 385 4781 ΝΜ
408 4717 564 4798 wilellmi
580 4720 712 4799 imm
729 4716 868 4801 “dWSOa
891 4722 970 4783 W
988 4717 1098 4783 ΜΝ
1149 4734 1244 4798 ιοιιιι
1264 4733 1408 4797 ιιιιιιιι
1428 4730 1552 4809 David,
1582 4730 1653 4796 ideo
1682 4731 1791 4795 beatos
1818 4751 1888 4795 esse
1910 4731 2011 4795 iustos
2040 4730 2117 4813 quia

127 4802 226 4883 famis
246 4802 479 4868 mmmmm·
1148 4839 1261 4883 eorum
1280 4817 1526 4883 necessitatibus
1545 4817 1636 4883 Deus
1651 4816 1814 4899 prospieit.
1846 4813 2008 4880 Videmus
2018 4836 2116 4897 quam

1149 4925 1309 4987 propensa
1331 4905 1396 4970 sint
1418 4900 1460 4967 ad
1478 4901 1714 4967 dubitationem
1734 4901 1902 4964 hominum
1925 4901 2067 4982 ingenia,
2085 4912 2118 4966 et

1150 5010 1249 5072 quam
1271 5012 1325 5054 eos
1348 4995 1520 5072 torqueant
1541 4989 1723 5071 superfluae
1748 5006 1854 5062 aurae,
1879 4985 1994 5068 quibus
2015 4987 2116 5051 finem

1149 5086 1182 5141 et
1200 5074 1331 5140 modum
1348 5095 1467 5158 ponere
1485 5082 1660 5156 nequeunt
1689 5071 1821 5136 Interea
1834 5071 1960 5154 obrepit
1977 5072 2118 5138 alterurn

216 4956 267 5020 16.
287 4954 419 5040 (Melitta
442 4957 623 5039 pauxillam
639 4953 743 5039 iusto.)
792 4955 918 5021 Versus
946 4956 999 5021 hie
1029 4956 1098 5021 sine

131 5041 197 5107 ulla
218 5041 375 5124 probabili
398 5061 496 5107 eausa
517 5045 609 5108 varie
626 5043 811 5125 exponitur.
856 5053 941 5152 pm
969 5041 1098 5125 quidem

134 5158 333 5165 -—·.—-—

217 5196 246 5266 *)
263 5214 316 5265 que
333 5195 504 5249 l’abondanea
522 5197 556 5248 de
574 5195 707 5265 plusieurs
725 5194 872 5261 merehem,
889 5210 922 5248 en
940 5209 1047 5265 ΜΘ,
1065 5211 1100 5250 0„
1150 5162 1276 5240 vitium,
1299 5161 1377 5225 dum
1400 5160 1514 5258 volunt
1535 5159 1627 5257 ultra·
1643 5156 1857 5256 quamolioeat
1878 5178 1949 5223 esse
1971 5158 2116 5259 providi:

130 5282 183 5320 anx
201 5282 283 5335 grana
299 5266 346 5334 qni
363 5269 427 5318 sont
442 5264 591 5319 maratana.
1151 5257 1184 5313 et
1205 5256 1315 5313 tamen
1337 5257 1373 5312 ut
1394 5265 1543 5311 aeumrne
1564 5253 1598 5310 et
1618 5243 1781 5308 industria
1799 5241 1960 5326 polleant,
1983 5243 2118 5312 subinde

1862 5345 1913 5398 24*
