4658 5856
171 334 234 400 aas
959 335 1175 405 estuans
1197 336 1370 403 xxxm.
1840 437 1841 441 Ν
2096 344 2160 410 aaa

169 524 265 591 ouius
292 523 415 589 mentio
446 524 634 609 frequenter
656 527 688 590 in
713 525 855 591 Psalmis
878 534 1033 608 reeurrot,
1063 546 1138 607 pars
1276 526 1306 591 5.
1328 525 1448 609 Diligit
1465 528 1621 592 iustitiam
1639 533 1667 593 et
1684 528 1855 594 iudicium:
1877 530 2008 596 baritate
2027 530 2161 598 Ieboaae

169 611 269 676 fuerit
289 607 403 693 legalis
425 612 659 695 paedagogiae:
682 611 796 694 loquor
818 610 858 676 de
881 611 1006 677 solenni
1026 611 1137 693 templi
1184 611 1281 694 plena
1309 618 1356 677 est
1380 618 1473 677 terra.
1519 613 1549 678 6.
1580 613 1675 679 Verba
1696 613 1829 679 Iebovae
1850 616 1925 682 noeti
1944 617 2066 696 firmati
2085 623 2161 684 aaut

170 697 268 763 aaltn.
315 695 398 760 Nam
433 706 467 760 et
498 697 597 761 hodie
630 698 657 762 si
690 697 822 763 musiais
855 696 1081 762 instrumentis
1103 718 1137 763 se
1189 703 1218 762 et
1238 699 1357 780 spirita
1365 696 1397 783 l)
1419 698 1487 763 oris
1504 699 1572 764 aias
1589 701 1692 765 omnis
1708 702 1862 766 exereitus
1879 722 1993 767 eoram
2024 704 2053 769 7.
2079 702 2160 769 oon·

170 782 355 849 exhilarent
385 781 505 858 fideles,
537 783 641 847 fateor
659 782 723 849 hoo
744 782 810 847 illis
833 783 951 847 debere
973 802 1044 848 esse
1066 803 1138 865 pro·
1186 785 1328 869 gregavit
1348 784 1428 850 stae
1449 783 1606 849 camalam
1635 806 1737 868 aquae
1765 788 1875 867 maris,
1900 789 2012 867 posuit
2039 791 2074 854 in
2095 790 2160 854 tae·

171 869 323 952 positum,
340 888 383 932 ne
401 886 420 930 a
436 866 501 932 Dei
522 868 670 935 laudibus
689 889 782 933 suam
799 869 955 933 laetitiam
968 878 1137 950 separent:
1188 871 1297 935 saurae
1317 869 1453 954 amasos
1499 871 1528 935 8.
1553 870 1676 935 Timent
1696 892 1718 937 a
1741 870 1855 937 letata
1879 876 1982 938 omnis
2003 880 2099 955 terra,
2120 875 2160 940 ab

170 954 227 1020 aed
259 952 335 1017 dum
371 973 479 1019 saoros
511 975 586 1019 suos
617 965 800 1019 eonveutus
829 963 1000 1038 peragunt,
1034 952 1137 1018 nihilo
1188 954 1257 1035 ipsa
1273 960 1410 1038 paveant
1426 975 1530 1021 manes
1548 957 1666 1022 incolae
1683 957 1776 1023 ortis.
1821 959 1852 1023 9.
1880 958 1964 1039 Quia
1982 960 2050 1040 ipse
2066 961 2159 1041 dixit,

171 1039 277 1123 magis
305 1037 345 1104 ad
375 1037 537 1104 aeneadas
567 1040 629 1104 Dei
660 1039 773 1104 laudes
795 1061 974 1123 oongruere
997 1039 1138 1105 arbitror
1188 1041 1316 1124 etfait:
1340 1042 1408 1124 ipse
1429 1041 1599 1121 mandavit,
1620 1047 1648 1108 et
1668 1044 1758 1109 stetit.

171 1125 294 1192 musioa
311 1126 539 1201 instrumenta,
562 1145 660 1208 qaam
679 1125 706 1189 si
725 1127 799 1208 quis
816 1127 955 1208 suffitus,
979 1125 1137 1203 lucernas,

171 1221 204 1279 et
232 1209 356 1277 similes
385 1210 466 1295 legis
495 1209 626 1275 umbras
654 1211 688 1275 in
718 1232 813 1277 nsum
843 1217 984 1277 revnoet.
1028 1209 1137 1276 Stulte
1274 1211 1304 1277 5.
1329 1211 1460 1297 (Diligit
1480 1212 1638 1277 iustitiam
1666 1219 1695 1278 et
1722 1214 1902 1302 iuditium.)
1947 1216 2160 1282 Confirmatio

171 1300 284 1381 itaque
305 1295 377 1375 hoo,
406 1307 444 1360 nt·
473 1296 537 1361 alia
566 1296 680 1376 multe,
707 1295 878 1361 aIndaeis
900 1297 1039 1361 mutuati
1062 1303 1140 1361 sunt
1189 1306 1239 1363 est
1261 1300 1431 1382 proximae
1453 1299 1644 1378 sententiae,
1672 1301 1746 1381 quia
1768 1300 1860 1365 Deus
1888 1302 2012 1368 soilioet
2043 1311 2160 1368 natura

171 1384 329 1468 papistne.
368 1381 531 1448 Homines
548 1381 694 1448 externis
711 1381 838 1466 pompis
857 1381 981 1447 deditos
999 1381 1139 1448 obleetat
1189 1384 1349 1449 iustitiam
1373 1394 1405 1449 et
1427 1383 1625 1466 aequitatem
1649 1397 1745 1450 amet.
1790 1386 1887 1451 Unde
1909 1389 2065 1470 sequitur,
2087 1388 2160 1453 fieri

171 1470 227 1535 ille
249 1468 420 1552 strepitus:
455 1466 512 1533 sed
545 1468 618 1533 Deo
650 1469 756 1552 magis
788 1468 894 1550 planet
925 1488 1021 1551 quarn
1047 1468 1139 1534 nobis
1190 1491 1254 1534 non
1278 1489 1372 1554 posse
1389 1478 1427 1535 ut
1448 1490 1522 1534 eum
1545 1471 1747 1552 praeposteri
1769 1472 1916 1551 effeetus,
1945 1492 2035 1537 more
2057 1472 2162 1537 homi-

171 1575 230 1639 per
251 1553 433 1636 apostolum
456 1574 550 1618 suum
581 1552 788 1618 oommendat
809 1553 1009 1637 simplieitas.
1053 1553 1137 1618 Nam
1190 1576 1280 1634 num,
1314 1555 1354 1620 ad
1385 1575 1489 1638 prava
1516 1554 1651 1620 oonsilia
1678 1554 1816 1637 rapiant.
1861 1557 2002 1622 Videtur
2027 1557 2158 1641 quidem

172 1640 306 1717 Paulus,
338 1640 367 1704 1.
390 1638 466 1704 (lor.
490 1638 540 1716 14,
565 1640 615 1719 16,
639 1638 748 1703 Deum
777 1639 813 1702 in
836 1639 965 1724 publico
994 1637 1138 1704 fidelium
1190 1642 1295 1724 primo
1328 1641 1450 1705 intueri
1484 1640 1545 1705 hoa
1578 1640 1713 1723 vulgare
1744 1652 1777 1704 et
1806 1642 1959 1707 involem
1993 1664 2064 1709 esse
2094 1643 2158 1708 Dei

171 1734 264 1792 eoetu
293 1724 482 1790 benedicere
511 1725 642 1790 nonnisi
677 1725 790 1808 lingua
817 1746 854 1791 eo
879 1726 946 1790 nita
968 1724 1138 1809 permittit.
1190 1727 1342 1811 elogium,
1365 1726 1443 1808 quia
1464 1726 1607 1790 fatentur
1625 1746 1738 1792 omnes
1752 1728 1855 1792 Deum
1873 1730 1907 1792 in
1927 1729 1994 1795 suis
2007 1729 2159 1812 operibus

171 1812 270 1878 Oerts
292 1832 358 1876 vox
380 1809 531 1887 hominis,
555 1810 706 1895 quamvis
728 1831 792 1876 non
810 1746 910 1894 vulgo
927 1809 1138 1894 intelligatur,
1174 1814 1349 1895 ¹optimam
1371 1811 1543 1894 aequitatis
1564 1811 1711 1896 regulam
1734 1820 1855 1878 tenere.
1897 1814 2063 1895 Quorsum
2081 1834 2160 1898 ergo

172 1896 310 1962 mortuis
338 1895 489 1961 omnibus
518 1897 650 1980 organis
679 1906 831 1980 praestat.
883 1894 970 1976 Quid
1000 1916 1077 1979 ergo
1099 1893 1140 1960 de
1190 1895 1289 1983 (diost
1311 1895 1486 1982 quispiam)
1508 1897 1585 1962 novi
1608 1897 1736 1977 eantioi,
1765 1900 1857 1982 quasi
1878 1901 1912 1964 in
1936 1921 1971 1965 re
1993 1899 2158 1977 inusitata,

170 1982 393 2050 cantillatione
423 1980 608 2062 dioendum,
637 2002 719 2065 quae
752 1989 881 2047 tantum
909 1981 1001 2046 inani
1030 1981 1138 2046 sonitu
1191 2003 1297 2066 nuper
1318 1983 1405 2048 faeta
1427 1994 1478 2048 est
1498 1983 1643 2047 mentio?
1674 1982 1740 2049 Sed
1764 1986 1867 2066 primo
1892 1985 1965 2066 plus
1984 1986 2062 2050 setis
2084 2005 2159 2051 oon·

171 2090 268 2135 aures
290 2067 462 2132 verberat?
508 2065 546 2134 Si
565 2068 637 2149 quis
656 2066 794 2147 obiiciat,
816 2067 973 2133 musioam
993 2066 1032 2130 ad
1052 2067 1138 2132 exoi·
1190 2077 1257 2134 stat
1278 2089 1375 2152 quam
1404 2069 1545 2151 turpiter
1573 2069 1733 2134 assentiat
1760 2068 1843 2134 bona
1873 2091 1949 2152 pars
1978 2069 2092 2134 mundi
2115 2070 2155 2134 ad

170 2154 287 2221 tandos
317 2153 485 2217 hominnm
516 2154 642 2217 animos
671 2152 848 2236 plurimum
878 2152 1002 2218 valere:
1037 2151 1140 2217 fateor
1193 2155 1253 2219 Dei
1269 2155 1441 2234 iustitiam,
1458 2154 1534 2219 dnm
1554 2154 1608 2219 vel
1622 2154 1795 2238 negleetim
1811 2156 1968 2238 praeterit
1985 2157 2159 2220 innumera

170 2241 203 2307 id
226 2239 368 2324 quidem,
396 2237 452 2303 sed
482 2239 663 2303 timendum
694 2258 822 2320 semper
851 2250 900 2302 est
922 2260 963 2302 ne
985 2258 1049 2320 que
1069 2256 1139 2303 aar·
1190 2239 1414 2323 providentiae
1447 2240 1517 2304 eius
1551 2239 1762 2320 documenta,
1800 2241 1852 2305 rel
1893 2243 1990 2305 etiam
2025 2242 2158 2307 fortuito

171 2325 300 2410 ruptela
321 2324 466 2408 obrepat,
495 2344 578 2406 quae
607 2334 640 2388 et
663 2344 782 2406 purum
807 2324 897 2388 vitiet
918 2323 980 2389 Dei
1004 2323 1137 2401 uultum,
1191 2326 1337 2392 aaaiders
1354 2325 1565 2407 imaginatur.
1587 2324 1723 2391 Aooedit
1740 2334 1848 2389 autern
1868 2327 2013 2391 deterius
2031 2328 2157 2405 vitium,

171 2422 205 2477 et
234 2411 382 2476 homines
412 2411 643 2491 superstitione
670 2409 784 2492 illiget.
836 2412 940 2475 Porro
970 2430 1069 2492 quum
1100 2407 1139 2472 de
1191 2411 1274 2494 quod
1297 2411 1361 2476 nisi
1380 2411 1471 2475 Dens
1494 2412 1578 2476 votis
1601 2412 1723 2474 nostris
1745 2411 1945 2494 obsequitur,
1969 2415 2078 2476 statim
2102 2413 2158 2477 ob·

171 2495 313 2582 perieulo
342 2517 401 2560 nos
434 2495 555 2561 diserte
576 2496 710 2577 spiritus
732 2505 863 2561 sanetus
885 2494 1060 2559 admoneat
1081 2515 1139 2576 per
1191 2497 1366 2579 strepimus
1398 2497 1469 2561 eius
1501 2496 1662 2561 institiae:
1694 2497 1741 2561 ita
1774 2508 1945 2580 postquam
1979 2497 2040 2561 hoo
2069 2499 2159 2579 prin·

171 2604 208 2651 os
228 2581 335 2657 Pauli,
363 2581 451 2645 ultra
477 2601 574 2664 quam
604 2581 671 2646 illio
699 2581 853 2646 doeemur
882 2581 1044 2665 progredi,
1071 2598 1138 2643 non
1191 2583 1311 2665 alpium
1335 2583 1369 2646 in
1392 2601 1448 2647 ore
1463 2582 1608 2646 omnium
1626 2602 1685 2664 pro
1702 2581 1849 2647 confesso
1869 2583 2026 2660 volitavit,
2049 2583 2157 2647 Deum

171 2669 267 2735 modo
297 2665 572 2733 inconsideratum
606 2666 721 2745 zelum,
755 2668 811 2731 sed
840 2669 973 2750 impiam
994 2666 1139 2749 pervios·
1191 2667 1275 2733 iuste
1304 2668 1415 2732 omnia
1444 2687 1551 2751 agere,
1585 2668 1643 2732 vix
1672 2668 1868 2733 aentesimus
1897 2669 2032 2751 quisque
2054 2669 2156 2733 fixum

171 2756 254 2822 eiam
276 2774 347 2819 esse
369 2752 447 2819 dieo.
1192 2755 1226 2818 in
1249 2754 1357 2819 animo
1382 2773 1441 2818 sno
1463 2754 1601 2818 retinet:
1624 2753 1745 2836 alioqui
1768 2753 1866 2817 simul
1888 2774 1925 2818 aa
1947 2750 2057 2837 prodit
2078 2754 2158 2818 haee

257 2840 288 2906 3.
307 2838 451 2989 &aetate
467 2840 497 2903 ei
513 2839 668 2903 cottiarum
684 2844 822 2917 aarum.)
858 2836 970 2918 Quum
989 2837 1029 2902 de
1047 2858 1138 2921 mag·
1193 2838 1338 2904 doctrina
1360 2840 1394 2902 in
1415 2837 1569 2919 medium,
1602 2838 1673 2903 Deo
1702 2842 1749 2903 ita
1781 2839 1908 2921 plaeere
1951 2839 2089 2923 quisque
2122 2859 2158 2904 se

171 2927 277 2992 nifiais
343 2924 374 2990 ei
406 2924 582 3007 operibus,
608 2946 646 2990 aa
679 2922 720 2987 de
757 2923 912 2990 eoelesiae
945 2923 1138 3007 praesertim
1192 2926 1262 2990 eins
1291 2923 1426 2989 arbitrio
1459 2924 1648 2989 obedienter
1681 2924 1863 2990 subiiceret.
1908 2887 2005 2990 llum
2037 2923 2093 2989 ubi
2122 2926 2156 2989 in

170 3010 418 3078 oonservatione
453 3020 566 3093 postea
594 3009 741 3093 disserat,
774 3029 841 3074 non
872 3011 991 3074 mirum
1021 3018 1071 3073 est
1099 3008 1139 3072 de
1192 3011 1287 3075 rebus
1317 3009 1463 3074 adversis
1484 3010 1664 3092 aegerrime
1686 3018 1846 3092 eoguntur
1875 3010 2023 3075 homines
2050 3011 2086 3074 in
2108 3030 2158 3075 or-

171 3116 260 3163 novn
281 3095 417 3174 nautico,
448 3095 509 3160 hoo
531 3104 581 3159 est
603 3115 678 3160 raro
699 3107 733 3159 et
755 3095 926 3177 exquisito,
948 3116 1022 3159 eum
1046 3114 1138 3176 prae·
1192 3095 1309 3171 diuam,
1340 3103 1378 3159 ut
1400 3093 1507 3158 Deum
1531 3105 1712 3178 agnoscant
1739 3116 1777 3160 ao
1799 3097 2014 3177 profiteantur
2034 3095 2157 3160 iustum

171 3185 288 3265 aipero.
332 3181 415 3246 Nam
439 3201 501 3262 quo
523 3181 657 3262 propius
682 3191 714 3244 et
739 3179 926 3263 diligentius
949 3178 1139 3262 expendunt
1191 3202 1272 3260 esse,
1304 3181 1338 3244 in
1377 3180 1540 3262 prosperis
1574 3200 1650 3244 vero
1686 3178 1843 3244 diffluunt
1875 3190 1909 3244 et
1940 3190 2157 3246 evanesaunt:

169 3268 283 3335 fideles
293 3266 357 3332 Dei
368 3286 475 3350 opera,
494 3267 592 3330 altius
603 3266 701 3331 etiam
714 3266 749 3329 in
761 3267 829 3330 eius
841 3265 956 3331 landes
967 3265 1075 3329 efferri
1087 3286 1139 3329 ae·
1190 3286 1256 3330 non
1279 3266 1398 3329 mirum
1420 3278 1470 3329 ost
1491 3267 1518 3329 si
1542 3266 1682 3329 affirmet
1704 3265 1874 3347 propheta,
1903 3264 1974 3329 Deo
1998 3266 2157 3330 iustitiam

172 3374 272 3439 quum
296 3362 354 3418 est.
399 3352 495 3416 lubet
516 3372 593 3433 ergo
616 3351 765 3414 meditari
789 3372 855 3414 non
877 3352 1014 3433 vulgara
1037 3351 1139 3415 nanti·
1189 3372 1260 3416 esse
1283 3350 1382 3428 eordi,
1406 3361 1444 3414 ut
1464 3359 1589 3416 reatum
1607 3350 1846 3416 moderatorem
1865 3371 1935 3416 esse
1953 3351 2156 3433 persuadeat.

169 3460 254 3516 oum,
273 3438 358 3522 qaod
371 3448 438 3501 tum
457 3435 646 3519 splendidae
663 3438 820 3501 materiae
838 3435 1038 3518 respondeat.
1072 3436 1138 3500 Elo-
1189 3436 1305 3518 Itaque
1327 3437 1474 3518 quisquis
1504 3437 1589 3501 hano
1612 3435 1792 3502 deotmuam
1822 3437 1953 3519 penitus
1982 3436 2156 3514 imbiberit,

171 3525 247 3591 dem
267 3523 408 3608 pertinet
425 3522 603 3587 seeundum
626 3523 818 3598 membrum,
842 3529 880 3585 ut
901 3531 1033 3586 strenue
1055 3522 1139 3603 psal·
1188 3523 1272 3587 sciat
1293 3543 1328 3587 se
1349 3522 1485 3587 multum
1510 3523 1695 3605 profecisse.
1739 3521 1808 3586 Alii
1837 3531 2018 3605 exponunt,
2049 3521 2156 3587 Deum

171 3610 269 3676 lende
296 3609 497 3675 incumbant.
542 3606 598 3674 Sia
627 3609 712 3671 enim
744 3606 877 3672 verbum
901 3618 1015 3690 jum
1037 3607 1137 3672 iuter·
1189 3627 1298 3673 amare
1318 3609 1352 3672 in
1376 3609 1564 3674 hominibus
1580 3607 1822 3674 rectitudinem:
1845 3608 1932 3690 quod
1949 3629 2063 3672 verum
2086 3609 2157 3690 qui·

170 3705 291 3779 pretor,
326 3694 409 3776 quod
434 3705 542 3758 tamen
566 3693 621 3757 alii
644 3692 684 3757 ad
707 3693 820 3758 modos
841 3695 999 3759 oonainne
1021 3700 1137 3777 aptan-
1189 3694 1261 3758 dem
1284 3703 1343 3773 est,
1365 3693 1421 3759 sed
1439 3714 1459 3758 a
1480 3702 1635 3758 oontextn
1653 3703 1832 3758 remotum:
1856 3695 1933 3776 quia
1951 3694 2004 3758 hia
2022 3694 2157 3775 spiritus

170 3781 229 3847 dns
252 3781 373 3845 referre
394 3780 531 3843 malunt.
1188 3780 1291 3845 sanati
1324 3779 1496 3845 eonsilium
1530 3791 1596 3856 est,
1627 3789 1742 3843 eontra
1774 3779 1951 3861 impietatis
1984 3799 2156 3858 venenum,

256 3865 286 3931 4
316 3864 415 3950 (Quia
451 3870 567 3929 ratam
594 3864 721 3929 verbam
751 3861 888 3949 Ielaoaa.)
940 3862 1136 3928 Generalem
1188 3865 1272 3948 quod
1306 3866 1341 3928 in
1372 3866 1550 3929 multorum
1576 3864 1728 3929 eordibus
1761 3863 1891 3940 residet,
1923 3863 1987 3928 Dei
2019 3864 2156 3948 gloriam

169 3949 221 4037 (ut
241 3972 346 4034 nuper
365 3949 447 4036 dixi)
468 3950 532 4014 Dei
555 3951 792 4035 providentiam
816 3969 879 4031 qua
901 3949 1027 4030 regitur
1049 3957 1137 4014 totus
1188 3970 1343 4016 asserere.
1387 3950 1427 4015 In
1452 3947 1594 4014 seeundo
1616 3959 1709 4030 parte
1727 3970 1841 4014 versus
1864 3949 2000 4013 alteram
2024 3949 2158 4015 virtutis

168 4037 321 4116 mundns,
350 4036 444 4100 initio
474 4037 635 4118 proponit,
664 4056 701 4100 ao
728 4035 813 4110 dioit,
844 4036 877 4097 in
907 4043 974 4099 toto
1002 4053 1136 4116 operum
1188 4036 1328 4120 speeiem
1358 4036 1391 4100 in
1423 4034 1494 4098 Deo
1522 4033 1729 4099 oommendat
1758 4034 1927 4116 propheta,
1959 4035 2045 4116 quod
2062 4036 2158 4117 plena

169 4143 302 4188 snorum
331 4141 430 4188 eursu
461 4119 568 4185 Deum
592 4122 639 4186 sio
661 4121 834 4205 imperium
857 4139 951 4184 suum
975 4139 1135 4199 exeruere,
1187 4123 1230 4186 sit
1250 4127 1337 4185 terra
1359 4122 1427 4185 aaa
1449 4120 1591 4184 tortae.
1635 4121 1708 4184 Etsi
1738 4129 1847 4184 autem
1867 4120 1931 4184 Dei
1959 4119 2087 4185 iustitia
2116 4121 2156 4186 ad

169 4217 208 4272 nt
228 4207 389 4292 refulgeat
410 4206 531 4288 ubique
552 4228 680 4273 summa
702 4206 846 4290 aequitas
869 4215 902 4270 et
919 4204 1012 4270 fides.
1051 4206 1137 4270 Ver·
1187 4204 1416 4272 eelebrandum
1432 4208 1504 4271 eius
1523 4223 1640 4270 nomen
1659 4206 1777 4269 mento
1794 4206 1964 4271 stimulare
1979 4226 2039 4271 nos
2052 4206 2157 4281 debet,

170 4293 248 4359 bum
270 4307 305 4359 et
336 4313 417 4375 opus
449 4292 581 4374 qnidam
617 4292 730 4356 volunt
753 4312 823 4356 esse
846 4310 1045 4374 synonyma:
1078 4291 1135 4357 sed
1187 4293 1292 4356 aorior
1324 4303 1434 4355 tomen
1468 4291 1622 4356 stimulus
1653 4302 1703 4357 est
1735 4292 1804 4357 eius
1836 4291 1979 4356 bonitas:
2014 4293 2091 4376 quia
2119 4303 2157 4356 ut

168 4399 231 4463 ego
251 4379 300 4444 ita
321 4379 495 4463 distinguo,
526 4390 562 4443 nt
592 4378 730 4442 verbum
753 4376 944 4440 tantundem
968 4377 1078 4440 valeat
1099 4397 1136 4442 aa
1188 4379 1326 4461 quisque
1355 4377 1535 4443 bonefiaum
1572 4386 1606 4441 et
1637 4375 1879 4442 miserieordem
1910 4377 2017 4460 ipsum
2047 4378 2157 4457 sentit,

168 4466 340 4531 eonsilium
370 4464 444 4540 Dei,
474 4465 526 4528 vel
555 4462 761 4527 mandatum:
793 4483 873 4544 opus
903 4481 979 4526 vero
1002 4461 1045 4525 sit
1066 4463 1136 4528 eius
1188 4465 1293 4548 magis
1323 4462 1362 4527 ad
1393 4482 1467 4526 enm
1498 4462 1670 4527 nolendum
1704 4463 1856 4527 affinitur.
1908 4464 2020 4541 Porro,
2051 4463 2157 4527 adhue

168 4551 304 4616 effeetus
337 4561 371 4614 et
408 4549 608 4630 exsequutio.
660 4547 781 4612 Fateor
809 4546 969 4630 geminari
998 4549 1134 4614 eandem
1188 4547 1227 4613 de
1259 4549 1409 4613 omnibus
1446 4547 1510 4612 Dei
1547 4547 1711 4613 benefieiis
1745 4569 1853 4612 sermo
1889 4547 2035 4625 habetur,
2074 4567 2156 4629 quae

168 4636 364 4700 sententiam
399 4635 537 4699 diversis
570 4633 687 4706 verbis,
723 4644 758 4696 ut
790 4632 867 4696 alibi
900 4633 1037 4716 passim:
1079 4635 1134 4699 sed
1187 4635 1314 4718 spargit
1344 4635 1377 4697 in
1411 4642 1515 4698 totum
1546 4634 1727 4699 humanum
1756 4654 1875 4715 genus:
1904 4655 1944 4697 ea
1973 4634 2052 4698 dioit
2081 4654 2156 4711 pro-

169 4740 245 4785 rara
268 4741 332 4785 non
362 4731 410 4786 est
439 4721 471 4783 in
505 4719 753 4801 repetitionibus
774 4719 900 4783 modica
923 4717 1068 4795 deflexio,
1099 4730 1136 4784 nt
1187 4722 1297 4804 pheta,
1320 4739 1514 4802 quoeunque
1529 4729 1697 4784 vertamus
1712 4720 1821 4784 oeulos
1839 4719 1960 4801 passim
1977 4738 2155 4785 noourrere.

98 4856 106 4879 ,
169 4805 256 4871 idem
280 4806 370 4871 varie
393 4817 424 4870 et
446 4805 595 4887 pluribus
617 4806 720 4870 modis
743 4804 879 4870 dicatur.
925 4803 1062 4870 Summa
1084 4816 1136 4871 est
1272 4806 1302 4870 6.
1325 4802 1446 4889 (Verbo
1469 4805 1601 4870 Ieboane
1621 4805 1695 4870 coeli
1721 4805 1840 4886 firmati
1861 4801 1957 4889 sart.)
2001 4803 2075 4884 Quo
2096 4825 2157 4869 nos

168 4890 325 4975 quidquid
344 4891 459 4957 statuit
476 4890 568 4956 Deus
587 4911 625 4953 aa
642 4890 784 4966 mandat,
808 4901 933 4956 reatum
954 4900 1019 4955 est:
1042 4891 1134 4972 qnid·
1187 4891 1227 4957 ad
1251 4889 1433 4973 reputanda
1455 4890 1518 4954 Dei
1548 4910 1647 4972 opera
1677 4891 1795 4953 melius
1825 4888 2077 4972 expergefaciat,
2106 4890 2156 4974 ip-

168 4977 246 5060 qnid
268 4998 364 5060 opere
392 4978 462 5059 ipso
493 4977 634 5058 perfluit,
668 4976 766 5040 fidele
794 4985 828 5038 et
852 4996 959 5041 verax.
1005 4976 1135 5042 Interea
1186 4997 1256 5040 sam
1279 4975 1395 5039 mnndi
1417 4977 1615 5041 creationem
1634 4976 1728 5040 nobis
1743 4976 1905 5056 proponit.
1940 4976 2155 5041 Doneeenim

168 5063 349 5128 notandum
373 5073 431 5135 ast,
465 5064 600 5129 verbum
620 5083 682 5127 nnn
702 5062 802 5144 aaaipi
821 5081 879 5143 pro
898 5060 1055 5142 doetrina,
1078 5063 1134 5129 sed
1187 5062 1319 5143 agnitus
1349 5061 1447 5125 fuerit
1469 5061 1562 5126 Deus
1584 5059 1699 5125 mundi
1727 5071 1853 5125 areator
1875 5072 1908 5125 et
1937 5060 2054 5142 opifex,
2083 5065 2161 5144 quis

168 5169 229 5231 pro
250 5148 363 5214 mundi
384 5148 589 5233 gubernandi
610 5149 745 5214 ratione.

1256 5248 1286 5318 ⁸)
1304 5249 1417 5318 l'esprit,
1436 5264 1470 5303 ea
1487 5264 1596 5319 merge:
1612 5264 1647 5301 ou
1664 5249 1690 5301 le
1707 5247 1809 5316 sonflle,
1828 5249 1853 5302 le
1871 5255 1945 5302 vent.

1901 5334 1954 5388 21·
