4658 5856
159 335 221 401 281
952 329 1168 404 PSALMUS
1191 336 1358 404 XXVIII.
2089 342 2153 407 282

134 524 266 591 vadhue
293 526 415 591 fovere.
470 523 592 591 Postea
626 527 776 612 adiungit
804 541 927 610 quanta
956 525 1131 591 necessitas
1269 530 1299 592 3.
1322 527 1373 592 Ne
1401 527 1511 593 trabem
1537 549 1585 593 me
1613 549 1682 594 com
1711 530 1821 611 impiis
1847 535 1874 595 ct
1905 549 1976 594 cem
1997 530 2154 609 operariis

159 620 287 696 urgeat,
335 609 474 676 mortuis
514 631 549 676 se
589 632 799 697 comparans:
840 632 1024 697 quanquam
1065 631 1131 675 nen
1181 613 1368 695 miquitatis
1399 614 1455 696 qai
1476 634 1587 695 pacem
1615 615 1783 696 loquemur
1804 635 1873 680 cum
1889 614 2050 696 proximis
2070 615 2152 696 sois,

159 696 256 762 modo
278 699 463 782 exprimere
484 698 590 764 voluit
617 699 754 783 periculi
774 698 1045 784 magnitudinem,
1074 695 1130 761 sed
1182 719 1278 782 quum
1316 701 1351 762 im
1378 697 1524 765 cordibus
1552 718 1658 764 eorum
1688 701 1730 766 sit
1757 700 1892 765 malitia.
1942 699 1972 763 4.
2001 697 2058 764 Do
2085 700 2153 766 illie

160 783 259 848 etiam
289 783 386 849 simul
418 780 583 865 professus
614 794 673 861 est,
710 806 809 868 quum
844 785 948 852 salute
976 783 1130 866 indigeat,
1182 786 1350 850 secundum
1371 805 1464 866 opero
1486 786 1635 867 ipsorum,
1657 790 1683 848 et
1704 787 1873 852 secumdum
1894 785 2050 850 molitiem
2069 786 2152 867 foci·

160 891 195 935 ss
217 889 283 933 nou
307 870 372 935 huo
394 867 525 934 stillae
548 871 813 955 circumspicere:
842 870 899 938 sed
922 872 969 935 ita
989 868 1131 954 pendere
1182 891 1295 936 morum
1324 890 1469 935 scoram:
1499 872 1667 936 comodum
1689 892 1767 953 opos
1789 891 1941 937 mammam
1961 890 2094 935 sacram
2111 872 2153 936 olo

160 956 201 1021 ab
234 976 299 1020 uno
328 955 411 1033 Deo,
447 961 485 1018 ut
517 965 613 1020 extra
641 957 711 1022 eius
744 959 882 1042 gratiam
916 955 1024 1020 nullas
1057 974 1131 1036 spes
1156 954 1159 1073 Ι
1182 956 1260 1035 illis,
1287 957 1420 1038 repende
1448 956 1613 1021 mercedem
1640 956 1715 1022 allis.
1761 958 1792 1024 5.
1819 957 1903 1039 Quia
1923 975 1985 1021 ooo
2007 957 2151 1021 animod-

158 1040 221 1107 sibi
250 1041 398 1107 residuas
419 1039 527 1105 faciat.
570 1042 713 1107 Perinde
734 1044 821 1108 enim
850 1047 900 1109 est
920 1063 957 1107 ac
980 1042 1007 1106 si
1031 1039 1130 1104 dixis·
1156 1076 1158 1087 =
1182 1046 1303 1106 certem
1332 1042 1375 1106 od
1395 1061 1489 1123 opero
1512 1041 1652 1121 lebocce,
1682 1049 1710 1108 et
1732 1045 1775 1110 od
1803 1063 1881 1125 opas
1902 1061 2052 1107 mammem
2074 1042 2152 1124 eius,

161 1134 226 1192 set:
254 1126 376 1192 Nullus
407 1147 478 1191 sum
502 1128 529 1191 si
553 1149 572 1192 a
594 1149 647 1193 me
669 1128 872 1195 discesseris:
901 1127 964 1193 nisi
987 1136 1022 1191 tu
1045 1146 1131 1190 unus
1182 1127 1321 1192 destruct
1340 1147 1399 1208 eoa,
1422 1147 1476 1192 mcc
1497 1127 1635 1209 aedificet
1656 1147 1714 1194 eos.

159 1233 339 1289 succurras,
369 1212 462 1296 perii.
506 1212 621 1296 Neque
650 1216 737 1279 enim
768 1215 940 1287 sufficeret.
971 1233 1045 1278 eum
1075 1211 1131 1294 qui

163 1299 283 1364 misere
305 1298 472 1382 affligitur,
495 1319 572 1364 suas
593 1300 742 1366 miserim
763 1301 895 1381 sentire,
918 1300 981 1364 nisi
1003 1298 1131 1381 inopiae
1268 1298 1297 1363 3.
1321 1298 1386 1384 (Ne
1412 1298 1521 1364 tratas
1549 1298 1620 1383 me.)
1665 1297 1803 1365 Summa
1833 1308 1890 1378 est,
1922 1321 1963 1366 ne
1993 1301 2027 1363 in
2056 1319 2153 1365 causa

159 1404 238 1450 suae
269 1383 448 1461 convictus,
488 1403 527 1448 ao
560 1385 686 1451 diffisus
725 1386 838 1451 mundi
871 1384 1049 1470 praesidiis,
1090 1381 1130 1448 ad
1183 1382 1332 1449 dissimili
1371 1384 1464 1450 Deus
1499 1385 1621 1449 iustum
1659 1406 1731 1451 cum
1769 1384 1934 1451 sceleratis
1970 1385 2153 1467 promiscue

159 1468 268 1534 Deum
299 1490 402 1534 unum
433 1490 469 1535 se
497 1470 675 1554 colligeret.
721 1470 813 1538 Siout
835 1481 945 1538 autem
968 1472 1132 1553 scriptura
1183 1470 1297 1534 eodem
1325 1471 1425 1536 exitio
1453 1471 1656 1555 permisceat.
1699 1471 1813 1549 Porro,
1847 1492 1912 1536 non
1947 1470 2080 1537 dubium
2103 1479 2153 1535 est

158 1554 267 1620 Deum
289 1555 486 1638 respondere
505 1555 583 1623 dicit
602 1555 760 1634 fidelibus,
784 1557 861 1623 dum
880 1558 1004 1640 reipsa
1022 1563 1131 1622 osten·
1184 1556 1263 1638 quin
1286 1556 1397 1622 hostes
1415 1577 1493 1622 sues
1511 1556 1696 1640 designans,
1718 1577 1810 1623 suam
1829 1556 2054 1641 integritatem
2071 1555 2153 1621 obli·

160 1641 206 1705 dit
235 1660 349 1705 eorum
379 1648 455 1706 vota
483 1639 544 1706 sibi
574 1663 672 1708 curae
700 1643 819 1708 fuisse:
850 1643 897 1708 ita
927 1641 1072 1709 sensibili
1094 1662 1132 1706 ao
1184 1662 1247 1724 qne
1270 1650 1404 1708 asserat.
1449 1642 1563 1724 Neque
1584 1652 1693 1708 tamen
1716 1645 1749 1707 in
1773 1642 1861 1708 huno
1889 1638 2023 1707 modum
2043 1660 2154 1722 preca·

159 1728 323 1810 praesenti
342 1726 413 1792 eius
431 1726 555 1792 auxilio
572 1729 747 1812 opponitur
766 1727 889 1796 smodi
909 1730 1054 1806 verbum,
1077 1725 1131 1793 ubi
1185 1739 1239 1793 tus
1262 1735 1319 1806 est,
1349 1729 1441 1811 quasi
1464 1727 1573 1793 Deum
1603 1736 1734 1812 putaret
1755 1727 1846 1793 nullo
1876 1727 2002 1793 delectu
2030 1725 2153 1806 habito,
2192 1749 2196 1755 ·

160 1831 194 1878 se
216 1831 330 1896 preces
352 1811 466 1877 andire
487 1812 680 1879 dissimulat.
1185 1824 1307 1878 temere
1339 1814 1374 1876 in
1408 1812 1557 1878 homines
1590 1815 1722 1894 saevire,
1755 1811 1811 1878 sed
1844 1814 1953 1896 petius
1982 1833 2002 1876 a
2034 1817 2153 1876 natura

244 1898 275 1963 2.
309 1896 413 1983 (Audi
441 1917 541 1963 oocem
564 1899 809 2000 precationum.)
859 1900 1023 1984 Repetitio
1052 1897 1133 1964 haec
1185 1898 1248 1962 Dei
1281 1899 1494 1964 ratiocinatur
1527 1897 1588 1964 sibi
1621 1920 1691 1965 esse
1720 1900 1802 1965 bene
1831 1897 2039 1982 sperandum,
2076 1897 2154 1980 quia

161 1984 337 2048 anxietatis
370 1984 499 2066 signum
534 1996 592 2050 est.
644 1983 806 2050 Precand1
839 1989 937 2052 etiem
971 1984 1070 2051 ardor
1101 1992 1133 2049 et
1185 1985 1353 2068 proprium
1381 1985 1450 2050 eius
1481 1984 1525 2049 sit
1557 1986 1628 2069 pios
1661 2007 1681 2050 a
1708 1984 1854 2070 reprobis
1887 1983 2082 2061 discernere,
2115 2002 2153 2047 ac

159 2068 368 2135 vehementia
389 2089 430 2133 ex
452 2071 537 2136 cocis
558 2071 691 2135 nomine
713 2077 742 2136 et
762 2070 919 2138 clamorem
946 2070 1044 2136 verbo
1066 2069 1132 2137 col·
1185 2069 1322 2154 singulis
1351 2069 1529 2153 rependere
1558 2073 1676 2135 iustam
1704 2071 1896 2138 mercedem.
1945 2071 2012 2134 Per
2044 2086 2153 2147 opero·

160 2153 285 2239 ligitur.
308 2151 484 2237 Significat
505 2157 592 2221 enim
616 2177 650 2221 se
672 2176 751 2221 eura
773 2165 806 2221 et
827 2168 915 2223 metu
939 2156 1132 2240 perculsum,
1184 2156 1253 2219 rios
1273 2156 1453 2239 miquitatis
1473 2155 1630 2241 intelligit
1659 2157 1807 2222 homines
1835 2155 1871 2219 in
1894 2161 2001 2220 totum
2024 2153 2153 2218 sceleri·

163 2260 228 2304 nou
257 2239 376 2324 frigide
414 2249 582 2324 precatum
615 2262 695 2321 esse,
732 2243 788 2307 sed
822 2246 978 2329 flagrasse
1006 2243 1132 2324 ingenti
1186 2239 1246 2305 bus
1264 2239 1400 2321 deditos,
1429 2262 1505 2306 nam
1535 2244 1595 2307 etsi
1617 2242 1783 2308 interdum
1815 2241 1969 2305 labantur
1998 2239 2057 2303 lilii
2079 2238 2153 2318 Dei,

127 2338 133 2351 “
161 2324 338 2390 desiderio:
377 2334 414 2391 ut
442 2327 499 2409 qui
527 2325 648 2391 doloris
677 2329 720 2392 im
746 2336 800 2397 etu
830 2329 988 2413 compulsi
1014 2327 1133 2393 clamo·
1186 2326 1238 2390 vel
1272 2326 1433 2404 aberrent,
1473 2326 1526 2391 vel
1560 2329 1675 2410 quovis
1708 2326 1803 2392 modo
1837 2325 2046 2410 delinquant:
2087 2344 2154 2388 non

163 2431 229 2476 rem
253 2410 420 2477 attollunt.
465 2410 618 2478 Secundo
640 2348 785 2479 membro
813 2436 872 2497 per
907 2411 1133 2498 synecdochen
1186 2418 1294 2476 tamen
1318 2433 1371 2477 eos
1393 2412 1556 2477 oblectant
1578 2432 1639 2478 sua
1660 2413 1756 2478 vitiat
1779 2413 1858 2496 quin
1880 2412 1988 2495 potius
2011 2407 2050 2474 ad
2073 2409 2153 2474 resi-
2242 2412 2246 2423 '

161 2498 471 2582 siguoresnotatur.
499 2498 592 2564 Trita
614 2498 766 2565 omnibus
788 2501 925 2566 saeculis
939 2500 1003 2564 fnit
1024 2518 1132 2565 caere·
1184 2496 1375 2581 piscencium
1399 2518 1452 2563 eos
1475 2496 1628 2563 sollicitat
1649 2497 1712 2563 Dei
1742 2499 1848 2563 timer.
1891 2498 2013 2561 Postea
2039 2515 2152 2560 eorum

163 2583 282 2665 monia,
313 2591 349 2648 nt
377 2581 528 2649 homiues
559 2582 714 2667 precandi
744 2604 841 2651 causa
864 2606 980 2651 manus
1001 2605 1132 2650 sursum
1184 2583 1347 2648 malitiam
1366 2583 1480 2649 definit
1498 2593 1533 2648 et
1554 2585 1738 2667 amplificat,
1762 2583 1846 2667 quod
1870 2581 2031 2648 amicitiae
2050 2580 2152 2645 simu·

161 2667 318 2733 levarent.
362 2668 501 2735 Gestum
529 2669 618 2735 hunc
647 2669 793 2754 profanis
822 2693 949 2756 quoque
975 2678 1008 2736 et
1029 2668 1132 2734 idolo·
1184 2667 1305 2735 latione
1322 2669 1444 2753 perfide
1463 2668 1564 2734 bonos
1582 2669 1850 2749 circumveniant,
1867 2666 2021 2750 aliudque
2039 2665 2153 2749 lingua

162 2753 253 2819 latris
281 2755 422 2819 extorsit
448 2763 576 2835 natura,
609 2764 648 2820 ut
676 2755 798 2821 visibili
827 2758 922 2843 siguo
952 2756 993 2823 ad
1023 2755 1132 2821 Deum
1183 2755 1363 2836 proterant,
1399 2752 1488 2819 aliud
1524 2754 1687 2822 occultum
1724 2764 1841 2840 gerant
1869 2755 1904 2818 in
1934 2750 2039 2819 eorde.
2090 2750 2152 2815 Ilst

161 2860 261 2903 unum
285 2861 402 2905 seusus
424 2860 500 2905 suos
528 2839 717 2926 dirigerent.
761 2841 898 2909 (lartum
920 2842 1051 2927 quidem
1073 2848 1133 2922 ast,
1184 2846 1293 2905 autem
1317 2838 1516 2925 tolerabilior
1537 2849 1650 2923 aperta
1671 2841 1827 2925 pravitas,
1855 2859 1954 2923 quam
1977 2838 2057 2902 haec
2079 2835 2152 2901 vul·

160 2924 316 2989 maiorem
338 2932 473 3009 partem,
497 2924 552 2991 ubi
574 2927 776 2994 caeremonia
798 2928 860 2996 hac
874 2928 1073 3013 defungitur,
1095 2927 1131 2991 in
1206 2926 1263 2992 ina
1284 2926 1414 3004 astutia,
1437 2947 1520 3009 quae
1541 2947 1579 2991 se
1596 2927 1637 2990 ad
1659 2926 1842 2993 nocendum
1859 2921 1978 2991 blande
1996 2922 2152 2988 insinuat.

160 3011 326 3093 figmemh
347 3012 416 3077 suis
437 3032 647 3088 evanescere:
669 3011 726 3078 sed
749 3023 859 3080 tamen
880 3017 953 3098 ipsa
972 3033 1130 3079 manuum
1222 3031 1359 3077 onemur
1387 3020 1499 3077 autem
1520 3011 1581 3078 hac
1611 3015 1781 3092 sententia,
1809 3011 1881 3076 Deo
1910 3009 2053 3073 maxime
2082 3026 2152 3072 esse

160 3095 289 3173 levatio,
324 3097 381 3162 nbi
416 3098 507 3163 abest
540 3097 720 3181 hypocrisis
752 3108 785 3164 at
817 3100 954 3175 fallacia,
991 3099 1065 3184 piae
1098 3108 1131 3163 et
1184 3096 1391 3162 detestabiles
1419 3099 1605 3181 quicunqne
1630 3096 1806 3181 blanditiis,
1834 3105 1991 3179 tanquam
2013 3112 2152 3174 veneno,

160 3200 256 3246 verae
277 3182 474 3264 precationis
496 3193 546 3247 est
566 3183 739 3265 appendix.
783 3184 858 3251 Non
888 3196 998 3250 tamen
1021 3185 1130 3250 David
1184 3179 1378 3248 adoriuntur
1399 3182 1563 3266 simplices
1584 3191 1619 3248 et
1639 3180 1797 3248 incautos.

159 3265 211 3334 hie
233 3286 268 3331 ee
290 3268 326 3331 in
347 3268 473 3334 eoelum
496 3267 575 3333 dicit
602 3289 718 3333 manus
741 3269 864 3347 tollere,
895 3270 951 3335 sed
974 3269 1015 3336 ad
1037 3290 1132 3336 sano·
1269 3267 1300 3331 4.
1323 3266 1392 3353 (Do
1419 3266 1517 3417 wsb
1554 3270 1733 3352 Postquam
1760 3265 1965 3332 innocentiae
1992 3281 2070 3327 suae
2099 3280 2150 3325 ra·

159 3351 315 3431 tuarinm,
350 3361 388 3418 ut
409 3353 532 3419 scilicet
552 3353 610 3418 illo
631 3353 775 3420 subsidio
797 3356 928 3421 adiutus
949 3355 984 3420 in
1008 3355 1132 3421 coelum
1185 3353 1305 3419 tionem
1339 3373 1359 3417 a
1391 3352 1462 3419 Deo
1519 3355 1607 3420 aberi
1641 3353 1745 3438 petiit,
1785 3360 1899 3417 contra
1931 3349 2043 3414 hostes
2074 3367 2151 3412 suos

160 3458 265 3520 nsque
286 3438 415 3505 facilins
437 3437 677 3505 conscenderet.
706 3439 820 3524 Neque
843 3442 932 3506 enim
954 3451 1020 3506 tam
1043 3463 1132 3508 oras·
1184 3438 1414 3521 imprecatione
1436 3439 1598 3505 fulminat.
1643 3437 1822 3523 Congeries
1847 3442 1956 3501 autem
1978 3431 2152 3500 verborum

161 3543 216 3588 sus
233 3522 307 3600 luit,
330 3525 383 3590 vel
405 3524 630 3609 superstitiose
647 3525 766 3591 affixus
784 3537 920 3594 externo
938 3528 1133 3607 sanctuario,
1184 3523 1334 3601 ostendit,
1364 3523 1419 3589 diu
1441 3525 1645 3610 multumque
1666 3524 1728 3591 sub
1748 3542 1846 3590 onere
1865 3520 2037 3607 gemuisse,
2060 3523 2150 3584 ante·

162 3609 240 3691 quin
272 3609 372 3675 sciret
397 3609 507 3675 Deum
538 3610 753 3694 spiritualiter
788 3611 1012 3695 quaerendum
1045 3634 1132 3680 esse:
1183 3630 1281 3692 quam
1303 3609 1345 3674 ad
1366 3609 1583 3694 expetendam
1604 3611 1689 3678 hano
1711 3609 1889 3677 vindictam
1911 3613 2151 3691 prorumperet.

161 3714 199 3759 ae
229 3706 308 3762 tuno
338 3694 469 3760 demum
492 3695 533 3761 ad
556 3698 663 3778 ipsum
692 3696 845 3765 accedere
867 3698 1026 3780 homines,
1054 3699 1132 3765 dum
1183 3696 1269 3761 Nam
1290 3715 1344 3762 eos
1366 3716 1433 3761 nen
1455 3697 1565 3776 semel,
1587 3719 1649 3765 uso
1670 3697 1790 3782 exiguo
1811 3705 1966 3776 tempore,
1990 3692 2150 3773 usquein

161 3779 276 3845 relicto
305 3779 428 3846 mundo
450 3780 513 3846 lide
536 3781 569 3846 in
593 3782 766 3849 coelestem
787 3785 924 3868 gloriam
947 3794 1131 3868 penetrant.
1184 3802 1248 3848 uno
1277 3801 1397 3866 genere
1426 3802 1575 3866 peccasse
1603 3783 1774 3867 significat,
1807 3779 1864 3845 sed
1895 3799 1933 3843 eo
1961 3794 2151 3874 progressos

160 3863 228 3930 Sed
258 3865 335 3949 quia
363 3866 529 3932 hominem
554 3888 590 3932 se
612 3889 683 3934 esse
705 3869 910 3949 meminerat,
938 3870 1043 3935 noluit
1071 3871 1132 3938 hoo
1183 3888 1254 3934 esse
1289 3867 1453 3935 coutinuis
1483 3867 1659 3945 maleficiis,
1698 3876 1735 3931 ut
1767 3884 1900 3949 prorsus
1937 3859 2150 3927 intolerabilis

158 3951 360 4017 infirmitatis
383 3973 462 4017 suae
484 3952 717 4019 adminiculum
740 3956 915 4038 negligere.
946 3955 1031 4020 Nam
1055 3957 1132 4040 qnia
1183 3961 1269 4019 esset
1290 3972 1402 4018 eorum
1424 3953 1568 4019 audacia.
1613 3952 1742 4019 Scimus
1764 3962 1873 4016 autem
1895 3968 1992 4032 quam
2014 3944 2151 4013 molesta

157 4035 299 4102 foederis
327 4038 391 4103 Dei
424 4046 547 4102 tessera
579 4047 650 4104 erat
678 4042 910 4119 sanctuarium,
953 4043 1131 4125 promissae
1183 4049 1216 4105 et
1244 4038 1354 4121 gravis
1376 4041 1512 4103 tentatie
1534 4038 1585 4116 sit,
1615 4058 1748 4104 cernere
1775 4036 1891 4118 impios
1914 4035 2034 4116 absque
2056 4030 2150 4097 modo

159 4123 287 4205 gratiae
323 4123 544 4205 praesentiam
574 4123 685 4189 David
718 4125 786 4191 illic
815 4148 878 4191 non
909 4147 1003 4193 secus
1032 4148 1070 4192 ac
1097 4128 1130 4192 in
1183 4136 1215 4190 at
1235 4125 1301 4189 fine
1319 4132 1519 4205 grassantes:
1542 4123 1677 4206 perinde
1699 4144 1736 4189 ac
1758 4123 1786 4187 si
1803 4121 1978 4186 conniveat
1996 4118 2088 4182 Deus
2109 4119 2149 4182 ad

158 4206 291 4289 speculo
322 4207 520 4274 intuebatur.
566 4207 673 4276 Sicuti
701 4232 790 4278 nunc
818 4213 929 4277 fideles
958 4222 994 4277 ut
1023 4212 1130 4278 Deum
1182 4229 1296 4274 eorum
1319 4209 1495 4275 audaciam.
1540 4209 1647 4276 David
1676 4230 1753 4293 ergo
1777 4207 1870 4290 quasi
1891 4206 2049 4271 diuturna
2070 4204 2151 4268 tole·

159 4290 222 4357 sihi
244 4295 466 4377 propinquum
499 4313 570 4359 esse
592 4303 751 4374 statuant,
780 4298 819 4363 ad
841 4298 1012 4364 (lhristum
1041 4307 1132 4365 recta
1181 4295 1290 4361 rantia
1318 4294 1432 4371 sessus,
1466 4303 1499 4360 et
1532 4296 1592 4361 sub
1626 4295 1710 4360 mole
1743 4294 1905 4373 fatiscens,
1938 4288 2081 4374 postulat
2113 4297 2151 4354 ut

158 4377 329 4445 intendere
357 4379 520 4455 convenit,
554 4381 612 4462 qui
643 4381 704 4445 sub
733 4381 850 4447 humili
879 4383 987 4449 carnis
1015 4384 1130 4451 habitu
1182 4380 1314 4446 tandem
1353 4389 1537 4464 compescat
1568 4380 1660 4446 Deus
1700 4380 1842 4444 hostium
1876 4378 2052 4453 lasciviam,
2093 4375 2148 4456 qui

158 4461 201 4527 ad
224 4484 284 4528 nos
312 4463 487 4543 descendit,
518 4472 556 4528 ut
583 4464 624 4530 ad
646 4465 780 4531 Patrem
808 4469 936 4534 evehat.
980 4467 1130 4536 Sciamus
1181 4465 1307 4550 pridem
1330 4466 1452 4532 seelera
1473 4466 1649 4532 sceleribus
1670 4465 1789 4530 addere
1810 4485 1875 4529 non
1893 4461 2071 4530 cessabant.
2094 4460 2148 4523 Ita

159 4568 241 4634 ergo
271 4548 433 4615 Davidem
468 4571 533 4615 non
570 4551 665 4616 aliter
697 4551 732 4615 in
761 4555 944 4620 sanctuario
976 4554 1130 4636 haesisse,
1182 4551 1331 4619 videmus
1360 4552 1395 4616 in
1414 4552 1475 4617 hoe
1498 4572 1595 4618 versu
1618 4551 1700 4617 nihil
1723 4572 1794 4618 esse
1816 4567 2063 4634 supervacuum,
2093 4543 2148 4609 ubi

160 4653 261 4716 quam
279 4646 316 4699 ut
334 4635 549 4719 promissione
566 4635 630 4701 Dei
648 4636 817 4717 subnixus,
836 4639 951 4705 mundi
970 4639 1132 4707 elementa
1182 4636 1326 4721 mertem
1354 4637 1503 4722 adiungit
1522 4638 1700 4719 facinorum
1726 4637 1890 4715 molitam,
1919 4639 2059 4715 etopere
2082 4650 2149 4697 mo·
2191 4692 2196 4705 ,

158 4717 413 4798 transcenderet,
446 4721 481 4785 in
515 4721 632 4803 quibus
663 4729 772 4787 tamen
802 4746 838 4790 se
870 4724 1014 4808 exlegis
1037 4747 1130 4811 prae·
1181 4744 1294 4790 noum:
1316 4731 1350 4786 et
1371 4722 1455 4805 quod
1478 4725 1587 4789 meriti
1609 4734 1694 4803 sunt,
1722 4721 1854 4806 rependi
1878 4719 1972 4785 tertio
1993 4715 2148 4799 postulat.

160 4806 282 4889 scripto
304 4807 462 4871 exercuit.
507 4819 607 4889 Ἶιῃ
638 4808 772 4873 interior
794 4811 885 4876 locus
913 4820 964 4876 est
981 4812 1131 4877 taberna·
1183 4809 1287 4893 Adde,
1317 4807 1401 4890 quod
1428 4808 1540 4874 eadem
1565 4831 1664 4896 opera
1692 4809 1845 4874 fiduciam
1874 4825 1964 4871 suam
1988 4809 2146 4866 testatur:

159 4888 237 4970 auli,
266 4891 318 4956 vel
349 4892 485 4974 adytum
516 4894 550 4956 in
581 4913 644 4974 quo
666 4893 773 4959 locata
794 4906 864 4961 erat
886 4917 961 4962 arca
983 4896 1130 4963 foederis.
1183 4916 1279 4978 quam
1308 4895 1496 4960 iactantiam
1524 4895 1600 4960 liliis
1622 4895 1684 4960 Dei
1713 4913 1809 4976 saepe
1838 4891 2025 4974 exprimunt
2046 4887 2146 4972 hypo-

160 4973 218 5041 Sic
248 4987 357 5042 autem
390 4989 527 5042 vocatur
556 4978 762 5062 arespousis
791 4981 844 5046 vel
871 4981 1020 5062 oraculis,
1049 5004 1131 5067 quae
1182 4981 1292 5060 critas,
1332 4979 1411 5044 dum
1446 4981 1515 5045 suis
1547 4981 1673 5046 cavillis
1706 4978 1818 5043 mundi
1849 4974 1970 5039 iudicia
2001 4972 2146 5038 eludunt.

161 5059 255 5127 Dens
277 5062 354 5126 inde
376 5061 417 5125 ad
441 5063 624 5129 testandam
648 5063 765 5147 populo
792 5067 917 5151 gratiae
939 5089 1016 5134 suae
1037 5090 1131 5153 prae·
1182 5066 1342 5130 Videmus
1364 5065 1451 5131 onim
1473 5075 1512 5130 ut
1533 5065 1790 5149 improbissimus
1812 5061 1948 5144 quisque
1967 5080 2024 5123 sua
2041 5060 2146 5143 impu·

158 5148 297 5213 sentiam
318 5148 443 5213 edebat.
797 5195 802 5207 .
1183 5152 1286 5217 nitate
1304 5170 1371 5216 non
1389 5159 1571 5231 contentus,
1590 5151 1678 5215 ultro
1695 5149 1729 5212 in
1742 5148 1864 5212 crimen
1876 5151 1969 5212 vocet
1980 5145 2145 5211 innoxios:

1156 5234 1159 5302 l
1183 5246 1215 5302 et
1237 5237 1333 5321 lupus
1355 5235 1406 5321 (ut
1435 5247 1484 5302 est
1511 5238 1545 5301 in
1573 5232 1759 5320 proverbio)
1779 5253 1881 5318 agnos
1908 5231 1949 5296 de
1971 5251 2054 5313 aqua
2076 5241 2145 5296 tur·
