4658 5856
226 338 290 403 255
801 404 803 409 .
1047 333 1264 404 PSALMUS
1286 333 1400 399 XXV.
2157 343 2221 408 256

229 537 266 590 ut
298 546 352 590 eos
385 527 420 590 in
455 525 542 591 viam
577 525 718 592 redueat.
773 525 858 588 Nam
892 523 965 589 Deo
998 524 1195 607 aequitatem
1220 554 1224 573 ·
1248 521 1442 588 cultoribus:
1481 544 1519 590 ao
1558 524 1587 589 si
1619 540 1814 610 congrueret
1848 528 1900 594 hie
1933 528 2023 594 locus
2056 551 2129 596 eum
2164 531 2219 596 illo

229 611 372 676 tribuere
401 631 465 694 qua
494 619 622 676 tantum
651 633 731 696 erga
754 609 870 694 dignos
899 618 932 675 et
959 609 1197 676 benemeritos
1220 576 1223 695 l
1248 607 1373 674 Christi
1391 608 1491 673 dicto:
1510 608 1630 693 Iugum
1643 632 1751 676 meum
1763 634 1865 680 suave
1883 622 1943 695 est,
1960 623 1993 679 et
2007 635 2092 681 onus
2109 636 2218 682 meum

228 706 349 774 utatur,
379 696 498 782 frigida
526 707 558 761 et
584 696 694 761 ieiuna
722 704 773 761 est
793 695 1001 780 imaginatio:
1032 694 1328 797 ettamen11eve.
1362 695 1483 760 Matth.
1509 695 1558 775 11,
1580 695 1633 761 30.
1666 698 1779 782 Neque
1801 701 1887 764 enim
1909 700 2015 766 solnm
2037 711 2149 767 coacta
2168 718 2219 769 est

229 805 293 849 non
325 784 420 849 aliter
449 782 548 868 vulgo
578 784 685 847 Deum
713 781 856 846 mundus
884 782 1004 847 bonnm
1022 781 1196 866 cognoscit.
1248 779 1405 845 eiusmodi
1435 780 1664 863 interpretatio
1693 783 1750 849 sed
1780 784 1874 850 facile
1902 785 2007 851 refelli
2040 797 2147 871 potest
2175 811 2215 854 ex

228 869 324 939 Unde
354 871 440 936 enim
470 871 508 934 fit
536 879 572 934 ut
593 868 657 932 Dei
685 867 943 933 misericordiam
972 867 1031 932 vix
1058 865 1197 932 centesi·
1247 864 1361 931 multis
1389 865 1550 931 similibus
1579 866 1666 945 loeis,
1697 869 1754 934 ubi
1785 870 1857 936 viae
1879 869 2016 936 Domini
2044 884 2220 938 sumuntur

228 979 301 1024 mus
323 956 458 1039 quisque
480 954 520 1021 ad
543 974 578 1019 se
601 954 752 1037 applicet,
783 955 847 1020 nisi
869 954 945 1036 quia
967 974 1038 1018 eam
1061 952 1102 1018 ad
1125 952 1196 1036 dig·
1247 952 1376 1035 passivo
1398 971 1505 1026 sensu,
1527 972 1588 1036 pro
1609 960 1748 1035 paterna
1768 976 1865 1039 quam
1888 957 1922 1021 in
1945 957 2012 1024 suis
2031 958 2163 1023 tuendis
2186 970 2220 1024 et

230 1064 289 1110 nos
325 1039 551 1125 restringunt?
602 1041 704 1122 Atqui
750 1039 803 1105 hio
837 1037 954 1104 dieitur
989 1037 1196 1105 rectitudinis
1246 1035 1397 1101 fovendis
1426 1044 1516 1102 tenet
1544 1037 1686 1104 ratione:
1721 1041 1787 1106 imo
1831 1065 1868 1107 ro
1892 1051 1962 1108 tots
1983 1044 2220 1129 gubernatione

228 1149 307 1197 suae
336 1128 501 1211 specimen
533 1125 640 1206 edere,
669 1126 747 1191 dum
775 1133 1034 1208 transgressores
1069 1125 1104 1189 in
1140 1124 1197 1190 via
1247 1142 1312 1206 qua
1333 1143 1387 1187 res
1407 1121 1566 1188 humanas
1588 1133 1758 1208 temperat.
1803 1064 1942 1194 damma
1963 1129 2067 1213 igitur
2088 1139 2147 1208 est,
2171 1131 2219 1197 sie

230 1217 331 1297 docet,
360 1214 445 1297 qnod
475 1211 668 1277 tantundem
697 1210 786 1275 valet
808 1226 905 1293 atque
922 1229 1038 1275 vocare
1059 1209 1100 1274 ad
1122 1229 1196 1292 poe·
1247 1207 1428 1273 Dominum
1461 1228 1665 1291 agarenum
1698 1212 1767 1278 suis
1799 1213 1958 1291 fidelibus,
1991 1222 2028 1280 nt
2061 1217 2150 1280 omni
2178 1237 2218 1280 01

229 1301 411 1379 nitentiam,
444 1307 479 1362 st
510 1298 680 1363 instituere
713 1296 754 1360 ad
787 1306 876 1362 reete
908 1294 1096 1361 vivendum.
1153 1295 1197 1359 Et
1247 1305 1341 1376 parte
1364 1293 1543 1376 propitium
1574 1305 1606 1358 et
1634 1317 1785 1363 veracem
1807 1321 1882 1365 enm
1905 1301 2058 1367 sentiant.
2103 1301 2218 1384 Neque

229 1395 316 1454 certe
344 1385 409 1452 nisi
438 1382 480 1449 ad
507 1384 628 1449 inferos
656 1391 806 1466 penetret
827 1381 890 1447 Dei
920 1382 1056 1463 bonitas,
1092 1381 1195 1446 nemi·
1247 1380 1335 1444 enim
1365 1379 1419 1445 hic
1441 1391 1556 1444 namet
1579 1379 1687 1446 David
1710 1383 1839 1466 qualem
1863 1388 2048 1469 premissus
2069 1407 2105 1452 ιο
2126 1387 2218 1452 Deus

228 1494 303 1540 nem
325 1490 470 1555 unquam
493 1470 640 1553 attinget.
664 1468 815 1534 dictitiae
836 1488 912 1533 snas
933 1466 1196 1551 praeparationes
1247 1485 1327 1549 erga
1347 1462 1529 1530 humanum
1552 1486 1657 1548 genus
1679 1480 1831 1550 praestet,
1860 1472 1919 1537 sed
1950 1472 2081 1554 qualem
2111 1474 2220 1554 ipsum

226 1561 349 1625 iactent
369 1557 531 1642 papistae:
562 1575 623 1620 nos
651 1575 729 1621 vero
751 1562 929 1634 teneamus,
959 1553 1023 1619 nisi
1043 1562 1193 1619 antever-
1247 1550 1459 1634 experiantur
1480 1549 1549 1616 eius
1570 1550 1639 1618 filii.
1663 1553 1817 1621 Vidimus
1838 1558 1927 1622 enim
1949 1557 2083 1623 Psalmo
2104 1559 2155 1639 18,
2178 1559 2221 1624 26

228 1653 276 1709 tat
298 1645 390 1710 Deus
407 1641 555 1708 homines
576 1662 637 1707 sna
658 1640 774 1724 gratia,
803 1648 911 1704 amum
934 1661 1005 1704 esse
1029 1638 1068 1703 de
1090 1639 1196 1703 omni·
1246 1636 1438 1719 praefractis
1467 1635 1587 1700 durum
1615 1658 1686 1704 esse
1715 1648 1748 1704 et
1775 1642 1928 1725 rigidum,
1960 1652 2057 1727 atque
2088 1656 2126 1709 ut
2154 1646 2220 1710 ole-

228 1733 300 1797 bua.
345 1729 441 1794 Hanc
469 1726 735 1811 praevenientem
765 1724 814 1811 (nt
842 1724 1032 1811 loquuntur)
1054 1723 1195 1808 gratiam
1246 1731 1374 1787 menter
1403 1721 1562 1807 ignoscat,
1598 1722 1746 1789 videmus
1777 1737 1887 1794 tamen
1915 1728 2007 1794 nullo
2037 1728 2219 1796 dulcedinis

119 1812 123 1819 ’
228 1811 316 1882 nnnc
334 1814 539 1881 commendat
561 1811 689 1877 David:
711 1812 783 1877 sive
804 1831 906 1893 quum
924 1810 1019 1876 Deus
1040 1810 1082 1875 ab
1103 1810 1195 1875 initio
1247 1809 1318 1874 eius
1340 1829 1438 1873 sensu
1451 1806 1563 1873 efflei:
1584 1815 1712 1875 tantum
1734 1811 1826 1879 abest
1847 1822 1884 1878 ut
1908 1816 1978 1880 eius
1995 1816 2220 1897 promissioni·

228 1923 287 1969 nos
305 1920 437 1976 vocans,
471 1897 728 1983 regenerationis
753 1896 871 1980 spiritu
894 1904 1078 1979 corruptam
1101 1903 1196 1962 natu·
1247 1895 1308 1961 bus
1342 1893 1448 1958 innixi
1491 1893 1621 1976 plenam
1653 1897 1694 1962 ab
1727 1918 1765 1962 eo
1796 1897 1985 1966 felicitatem
2017 1911 2219 1986 exspectent.

229 2008 300 2052 ram
322 1987 469 2069 refingit:
493 1986 562 2050 sive
584 2003 685 2067 quum
707 1983 847 2066 peccatis
870 1982 1029 2048 alienatos
1050 2002 1068 2046 a
1091 1981 1196 2047 deleo·
1246 1980 1319 2046 Imo
1348 1979 1447 2045 simul
1473 1988 1570 2063 atque
1598 1979 1721 2064 aliquid
1745 1982 1875 2051 adversi
1897 1987 2043 2070 contigit,
2072 1989 2221 2053 fremunt

229 2076 317 2138 tione
338 2071 473 2136 reducit.
503 2071 588 2135 Nam
610 2089 712 2152 quum
734 2077 920 2152 peccatores
942 2067 1094 2133 dicantur
1114 2086 1196 2150 quos
1247 2075 1283 2132 et
1308 2064 1533 2149 indignantur,
1563 2063 1672 2131 Deum
1701 2068 1903 2136 crudelitatis
1930 2072 2137 2152 insimulant,
2168 2073 2219 2139 vel

231 2160 320 2223 Deus
352 2157 467 2240 recipit
499 2157 533 2220 in
568 2153 752 2237 discipulos,
785 2155 940 2236 sequitur,
974 2153 1045 2218 eius
1078 2153 1196 2236 spiritu
1247 2150 1387 2218 surdum
1415 2170 1486 2216 esse
1515 2149 1583 2216 suis
1612 2153 1762 2234 precibus
1791 2167 1992 2238 queruntur:
2025 2159 2062 2223 in
2095 2159 2220 2229 laetitia

229 2243 380 2309 renovari
403 2252 440 2307 nt
462 2241 580 2308 dociles
602 2249 635 2306 et
657 2240 810 2324 morigeri
833 2260 905 2306 esse
926 2239 1092 2322 incipient.
1247 2257 1324 2303 vero
1345 2237 1418 2302 eius
1440 2247 1648 2320 conspectum
1670 2239 1824 2325 fugitant.
1869 2241 1983 2323 Quare
2005 2265 2072 2308 non
2105 2245 2222 2310 imme·

316 2329 347 2394 9.
369 2326 509 2414 (Diripet
531 2323 712 2412 pauperes.)
762 2325 828 2392 Hic
858 2326 898 2391 de
925 2324 1068 2391 secunda
1089 2323 1196 2409 gratia
1248 2325 1310 2390 rito
1343 2322 1407 2387 Dei
1447 2320 1654 2388 clementiam
1695 2336 1731 2391 et
1759 2325 1858 2393 fidem
1891 2331 1987 2411 qnasi
2019 2331 2220 2414 peculiarem

228 2416 383 2498 loquitur,
406 2435 503 2496 quam
526 2411 617 2478 Deus
638 2433 717 2496 erga
734 2410 847 2479 fideles
864 2432 939 2478 suos
956 2411 1086 2490 exserit,
1108 2418 1195 2493 post·
1248 2410 1438 2476 thesaurum
1460 2407 1611 2474 fidelihus
1634 2409 1800 2496 desig-nat:
1822 2432 1860 2479 ao
1877 2415 1904 2480 gi
1924 2414 2045 2482 dioeret
2063 2438 2126 2482 no„
2147 2437 2219 2483 0330

229 2521 326 2584 quam
355 2499 479 2565 subacti
508 2498 549 2564 ad
571 2499 686 2582 iugum
708 2497 890 2580 ferendum,
916 2495 1105 2562 obedienter
1126 2496 1196 2560 eius
1247 2494 1427 2562 timendum
1456 2515 1499 2559 ne
1521 2495 1613 2560 Deus
1635 2516 1696 2563 nos
1724 2499 1909 2580 frustretur,
1938 2502 1967 2566 si
1987 2522 2159 2569 manemus
2182 2505 2218 2569 in

228 2587 365 2671 imperio
395 2608 430 2650 se
460 2586 667 2650 submittunt.
711 2582 803 2648 Haec
833 2605 910 2648 vero
940 2580 1087 2646 docilitas
1118 2602 1195 2645 nus·
1246 2604 1305 2647 suo
1337 2579 1475 2644 foedere.
1526 2580 1652 2646 Foedus
1683 2588 1711 2648 et
1745 2585 1956 2651 testimouium
1990 2586 2074 2653 idem
2117 2589 2217 2667 valet,

228 2692 327 2756 quam
368 2671 559 2754 reperietur,
600 2666 699 2732 donec
738 2668 844 2734 elatus
882 2666 1034 2751 snperbia
1066 2668 1195 2731 animus
1247 2667 1310 2733 nisi
1340 2663 1426 2748 quod
1448 2665 1626 2730 seeundum
1654 2671 1819 2752 exegetica
1843 2671 1989 2737 additum
2012 2683 2072 2740 est.
2118 2675 2219 2742 Oom.
2279 2677 2286 2691 ·

227 2757 407 2824 indomitus
443 2757 550 2820 fuerit.
602 2753 690 2834 Quia
722 2765 828 2850 paup
860 2753 1002 2819 Hebraei
1037 2772 1195 2834 pauperes
1247 2749 1422 2837 prehendit
1454 2759 1563 2816 autem
1598 2760 1699 2817 totam
1736 2756 1819 2840 legis
1852 2755 2043 2838 doctrinam,
2086 2761 2121 2826 in
2155 2781 2220 2844 qua
2305 2832 2310 2840 ί

229 2851 347 2909 vocant
380 2840 432 2906 vel
468 2840 613 2917 afflictos,
653 2846 687 2904 et
725 2839 947 2923 metaphorice
982 2857 1101 2902 nomen
1134 2836 1195 2902 hoe
1246 2860 1320 2905 eum
1351 2836 1453 2900 electo
1483 2838 1602 2919 populo
1623 2839 1808 2921 pacigoitur·

228 2929 433 2994 transierunt
461 2925 502 2990 ad
526 2933 712 2990 mansuetos
734 2932 767 2988 et
788 2925 944 2990 humiles:
976 2923 1057 2987 mihi
1080 2923 1194 3007 proba·
1335 2922 1384 2987 11.
1408 2921 1561 3005 (Propter
1581 2944 1690 2989 nomae
1710 2930 1798 2992 tetum
1820 2926 1937 2994 Ichnae
1953 2930 2121 3012 propitius,
2152 2932 2220 3018 Μ)

228 3015 293 3081 bile
310 3024 369 3089 est,
392 3011 553 3077 Davidem
572 3019 640 3075 tam
657 3010 848 3077 afflictiones
867 3010 985 3095 quibus
1008 3008 1195 3075 retunditur
1247 3009 1334 3090 Quia
1354 3006 1471 3090 copula
1492 3009 1717 3093 interponitur,
1741 3021 1860 3095 putant
1881 3014 2012 3096 qnidam
2034 3016 2095 3084 hoc
2118 3039 2221 3083 mem·

228 3101 336 3166 carnis
375 3099 502 3175 ferocia,
544 3117 641 3182 quam
678 3096 784 3180 ipsam
823 3097 1000 3163 modestiae
1040 3095 1196 3160 virtutem
1246 3095 1342 3161 brnm
1376 3093 1523 3176 ecliptica
1555 3099 1696 3178 positum
1730 3119 1810 3178 esse,
1844 3110 1881 3163 ut
1915 3101 2050 3167 verbum
2086 3103 2220 3186 aliquod

227 3185 435 3269 complexum
461 3203 547 3249 essa:
577 3203 614 3250 ae
642 3183 670 3246 si
700 3181 854 3249 dixisset:
884 3184 1064 3264 Postquam
1087 3179 1194 3246 humi·
1247 3178 1505 3247 subandiendum
1526 3180 1578 3260 sit,
1602 3181 1718 3249 deinde
1741 3186 1939 3251 sententiam
1956 3188 2050 3253 issam
2068 3210 2218 3255 seorsum

227 3274 321 3338 liavit
352 3271 455 3349 Deus,
495 3289 594 3333 manu
626 3267 765 3352 benigne
802 3278 961 3352 porrecta,
1000 3277 1068 3332 toto
1109 3266 1195 3331 vitae
1244 3264 1378 3351 legunt:
1400 3263 1566 3346 Propitius
1585 3270 1634 3337 sis
1654 3270 1816 3351 inquitate?
1837 3292 1932 3336 meae.
1962 3274 2079 3356 Itaque
2100 3295 2219 3341 seeun-

227 3381 323 3426 oursu
357 3378 412 3421 eos
442 3354 580 3420 deducit.
625 3355 798 3420 Caeterum
831 3354 962 3438 qnidam
993 3353 1146 3420 iudicium
1167 3357 1195 3417 et
1219 3374 1222 3419 ι
1247 3353 1324 3418 dum
1354 3372 1409 3416 eos
1437 3370 1552 3419 sensns
1580 3366 1681 3422 esset:
1715 3355 1853 3422 Domirm
1883 3357 1961 3423 licet
1987 3358 2100 3425 foedus
2123 3375 2219 3426 tunm

227 3447 312 3509 ciam
333 3441 467 3506 Domini
500 3460 557 3522 pro
579 3441 666 3504 iusta
694 3453 726 3503 et
748 3441 830 3504 bene
859 3440 1037 3522 composita
1060 3436 1194 3503 vivendi
1219 3426 1223 3493 l
1246 3461 1311 3504 nen
1334 3444 1448 3502 exacte
1466 3438 1683 3520 custodierim,
1708 3461 1749 3504 ne
1771 3455 1881 3508 tamen
1900 3454 2070 3527 propterea
2086 3444 2217 3512 desinas

229 3529 354 3593 ratione
379 3526 549 3607 accipiunt.
594 3525 662 3589 Alii
692 3545 771 3590 vero
801 3524 949 3589 referunt
971 3526 1011 3589 ad
1034 3522 1098 3588 Dei
1120 3544 1194 3605 pro·
1247 3525 1426 3590 beneficum
1449 3532 1481 3587 te
1503 3545 1580 3608 erga
1602 3548 1655 3592 me
1677 3526 1856 3608 ostendere,
1880 3549 1918 3594 ac
1940 3551 1983 3595 ne
2006 3544 2096 3596 tuam
2117 3531 2216 3598 bene·

229 3612 424 3680 videntiam:
454 3611 540 3693 quod
568 3611 688 3677 rectius
718 3610 855 3690 videtur,
886 3619 920 3675 et
948 3611 988 3674 ad
1007 3618 1195 3675 contextum
1247 3610 1411 3675 licentiam
1439 3620 1547 3674 arceat
1569 3631 1642 3677 mea
1664 3613 1832 3694 iniquitas,
1861 3635 1934 3681 eam
1956 3615 2037 3682 mihi
2059 3616 2218 3683 eondom,

229 3702 346 3785 aptius,
376 3697 453 3780 quia
475 3716 551 3761 mox
574 3694 664 3760 addit
692 3716 795 3761 menes
814 3697 885 3762 eice
907 3695 1037 3761 Ietovae
1069 3695 1196 3759 cumea
1248 3695 1315 3761 Sed
1345 3715 1405 3778 ego
1436 3692 1508 3759 aliis
1539 3697 1647 3777 potius
1677 3700 1836 3764 assentior
1866 3702 1922 3784 qui
1946 3701 2097 3785 copulam
2121 3703 2220 3789 (siout

228 3791 275 3853 tic
296 3792 324 3851 et
344 3785 466 3850 wius.
498 3782 623 3848 Sensus
644 3801 722 3866 ergo
745 3794 803 3859 est,
825 3782 881 3866 qui
903 3802 981 3846 vere
1003 3782 1037 3845 in
1061 3801 1096 3844 se
1118 3781 1197 3863 ipsis
1248 3782 1321 3846 aliis
1349 3777 1498 3863 pluribus
1529 3781 1621 3867 locis)
1650 3803 1883 3866 supervacuam
1918 3809 1988 3853 esse
2021 3802 2148 3870 putant,
2183 3800 2220 3855 ut

231 3873 345 3937 deiecti
367 3891 402 3934 ee
424 3869 459 3934 in
481 3868 544 3933 Dei
569 3868 666 3933 fidem
688 3868 894 3944 contulerint,
926 3887 1077 3933 sensuros
1098 3886 1196 3950 quam
1248 3887 1314 3932 uno
1353 3873 1509 3932 contextu
1541 3867 1714 3934 cohaereat
1746 3878 1834 3936 totus
1868 3893 1991 3938 versus.
2048 3874 2088 3937 In
2128 3876 2218 3939 verbi

232 3962 312 4024 bene
335 3956 411 4020 filiis
432 3956 500 4020 suis
522 3954 680 4021 consulat.
709 3956 799 4038 Ergo
821 3954 978 4019 iudicium
1000 3962 1033 4019 et
1054 3954 1106 4017 via
1128 3952 1198 4017 eins
1248 3955 1347 4019 etiam
1367 3961 1512 4032 tempore
1531 3950 1727 4021 dissentiunt
1745 3957 1955 4040 interpretes,
1977 3958 2110 4042 qnidam
2128 3962 2217 4025 enim

232 4041 314 4107 nihil
345 4040 432 4105 aliud
461 4051 511 4108 est
533 4061 632 4123 quam
653 4041 857 4123 gubernatio,
891 4061 955 4123 qua
988 4039 1131 4104 declarat
1153 4057 1197 4119 se,
1249 4038 1461 4122 praeteritum
1479 4038 1624 4103 retinent
1641 4061 1678 4107 ae
1696 4043 1724 4107 si
1742 4043 1864 4124 gratias
1884 4045 1956 4109 Deo
1979 4056 2092 4128 ageret
2111 4045 2221 4113 David

231 4138 268 4193 ut
290 4127 447 4209 optimum
478 4139 603 4209 patrem
628 4124 728 4206 decet,
756 4147 869 4192 curare
891 4146 1025 4191 suorum
1047 4124 1197 4205 salntem,
1249 4125 1289 4190 ob
1312 4124 1484 4189 remissum
1506 4123 1570 4189 sibi
1590 4139 1769 4208 peecatum.
1816 4127 1880 4194 Sed
1912 4131 2022 4195 verior
2043 4142 2094 4196 est
2115 4131 2221 4196 altera

231 4225 268 4280 ut
289 4231 458 4295 oppressos
476 4212 630 4288 sublevet,
654 4211 794 4279 deiectos
812 4212 923 4295 erigat,
947 4220 1089 4277 moestos
1105 4209 1197 4275 exhi·
1248 4209 1416 4293 expositio,
1440 4227 1522 4288 quae
1544 4209 1643 4276 etiam
1671 4213 1775 4296 magis
1807 4225 1937 4298 mepta
1958 4224 2024 4282 est:
2053 4216 2218 4284 Dsmdem

232 4302 314 4365 laret
335 4319 372 4362 ae
395 4297 527 4373 soletur,
552 4298 679 4362 miseris
699 4306 878 4364 succurrat.
923 4296 1020 4362 Nunc
1049 4305 1198 4361 tenemus
1250 4298 1371 4362 scilieet
1398 4296 1515 4357 iterum
1546 4294 1587 4358 ad
1610 4298 1849 4364 misericordiae
1871 4301 1935 4366 Dei
1957 4302 2087 4386 asylum
2108 4303 2220 4368 sonfu.

193 4384 195 4388 ⁴
231 4384 344 4468 quales
365 4383 433 4447 sint
449 4383 574 4465 gratiae
591 4381 655 4447 Dei
672 4405 751 4467 erga
768 4405 828 4446 nos
850 4402 1057 4466 progressus:
1081 4401 1197 4464 nempe
1249 4403 1326 4466 gere
1347 4389 1383 4445 ut
1405 4378 1537 4443 veniam
1559 4382 1714 4450 obtineat.
1745 4385 1830 4448 Nam
1852 4400 1865 4467 7
1888 4396 1938 4452 est
1959 4389 2115 4470 temporis
2138 4410 2219 4454 con·

231 4469 317 4554 quod
340 4468 483 4553 primum
505 4477 651 4534 errantes
681 4483 713 4533 et
735 4468 869 4552 palatos,
900 4468 966 4531 imo
987 4469 1141 4552 profugos
1162 4468 1197 4532 in
1252 4469 1434 4532 versivum:
1477 4464 1624 4532 futurum
1664 4493 1740 4536 vero
1778 4473 1915 4552 optativi
1956 4473 2026 4538 1000
2065 4475 2218 4540 sumitur,

231 4558 319 4622 viam
343 4553 477 4631 reducit,
508 4555 684 4637 compescit
713 4563 856 4620 nostram
889 4555 1135 4629 contumaciam,
1165 4563 1198 4617 et
1249 4553 1352 4618 Porro
1382 4552 1470 4616 hunc
1501 4571 1632 4618 versum
1662 4557 1707 4621 ita
1740 4577 1813 4622 eum
1845 4558 2112 4640 praecedentibus
2141 4580 2221 4627 eon·

232 4643 324 4728 prius
354 4639 527 4704 indomitos
546 4640 581 4703 in
603 4639 792 4723 obsequium
813 4639 958 4704 iustitiae
987 4660 1065 4705 suae
1087 4639 1197 4717 flectit,
1249 4638 1365 4722 iunge:
1405 4634 1516 4715 Quum
1556 4660 1666 4704 seeum
1706 4641 1883 4707 meditatus
1922 4655 2008 4711 esset
2046 4646 2220 4729 propheta,

232 4726 349 4793 deinde
371 4724 455 4808 quod
479 4725 615 4790 afflictos
637 4743 671 4790 et
693 4726 877 4792 laborantes
899 4745 964 4790 non
987 4725 1118 4805 deserit,
1141 4725 1197 4790 sed
1249 4726 1357 4789 Deum
1387 4723 1566 4788 beneficum
1599 4738 1632 4789 et
1664 4728 1792 4792 fidelem
1826 4750 1896 4794 esse
1930 4733 1998 4796 suis
2030 4732 2220 4810 cultoribus,

231 4825 404 4897 postquam
443 4832 497 4876 eos
531 4832 626 4877 erues
659 4811 813 4875 formavit
849 4810 889 4874 ad
917 4810 1135 4876 humilitatem
1164 4820 1198 4876 et
1248 4809 1314 4874 iam
1337 4811 1369 4872 in
1393 4829 1429 4872 se
1447 4808 1654 4891 descendeus,
1677 4813 1824 4896 agnoscit
1843 4817 1975 4881 nonnisi
1993 4819 2221 4883 intemodento

233 4899 433 4974 modestiam,
467 4896 640 4981 providum
673 4919 708 4963 se
738 4898 773 4960 in
804 4896 948 4979 regenda
982 4918 1094 4962 eorum
1127 4899 1198 4963 vita
1249 4895 1347 4960 venia
1373 4894 1524 4976 possein
1547 4896 1760 4964 hocnumero
1790 4903 1983 4979 accenseri,
2012 4902 2152 4986 ideoque
2175 4902 2216 4967 sd

234 4996 359 5068 patrem
382 4983 532 5049 dedam
1249 4979 1508 5063 deprecationem
1541 5003 1576 5046 se
1615 4985 1759 5050 confert:
1799 4987 1895 5052 sicuti
1927 4987 2060 5053 Psalmo
2096 4990 2148 5070 19,
2180 4989 2220 5054 13

321 5074 370 5135 10.
393 5069 523 5155 (Omnes
549 5070 618 5135 uiae
648 5066 801 5153 Ieltocac.)
844 5067 1018 5132 Pelluntur
1039 5069 1197 5151 interpre-
1249 5065 1303 5130 ubi
1330 5065 1539 5132 concionatus
1568 5079 1618 5134 est
1646 5071 1685 5134 de
1713 5071 1860 5137 mercede
1890 5094 1975 5156 quae
2004 5076 2149 5158 reposita
2171 5091 2220 5140 est

234 5169 283 5220 tes
312 5156 366 5239 qui
396 5177 504 5220 veram
535 5168 568 5221 et
597 5175 728 5220 suavem
758 5153 839 5238 legis
869 5152 1049 5219 doctrinam
1079 5155 1114 5218 in
1138 5156 1197 5223 hoo
1249 5149 1407 5231 fidelibus,
1435 5150 1489 5216 ubi
1517 5152 1589 5237 lege
1616 5159 1836 5221 servaverint:
1873 5167 2007 5241 repente
2037 5160 2218 5227 exulemus:

234 5262 329 5306 versu
352 5240 414 5304 dici
436 5249 559 5323 putant,
589 5242 752 5322 talemque
773 5261 809 5305 re
836 5240 907 5324 ipsa
929 5240 1044 5305 sentiri
1066 5240 1106 5305 ab
1128 5242 1197 5307 eius
1248 5236 1378 5303 Delicta
1399 5238 1472 5320 quia
1500 5239 1682 5325 intelliget?
1718 5241 1880 5322 Quamvis
1902 5264 1979 5328 ergo
2002 5266 2067 5311 non
2089 5247 2221 5331 ignoret
