4658 5856
163 310 225 379 ree
937 280 1152 376 pascuas
1176 306 1375 373 cxxvur.
2087 301 2144 367 ree

162 501 307 567 Cessatio
329 501 399 566 eius
420 499 557 584 perinde
577 501 732 583 accipitur
754 520 773 564 a
794 498 933 585 stupidis
951 520 989 564 ac
1004 498 1032 562 si
1047 506 1128 563 atto·
1152 499 1157 541 ¹
1179 493 1391 573 Philistinae,
1424 503 1461 560 ut
1487 515 1522 561 se
1550 494 1660 578 aliqua
1687 494 1826 560 foederis
1853 494 1903 560 sui
1933 493 2093 559 memoria
2117 505 2148 559 et

163 593 250 653 nitus
272 597 358 653 esset
379 587 458 669 ipse.
496 588 584 652 Dicit
605 598 714 651 autem
736 587 877 652 subitam
899 584 1129 651 excitationem
1180 580 1274 646 electi
1297 580 1406 664 populi
1430 602 1508 647 cara
1529 580 1637 646 adhuc
1659 581 1750 664 tangi
1773 580 1932 662 probaret,
1954 601 2022 644 non
2040 591 2147 644 tamen

164 674 225 738 Dei
247 674 352 757 magis
379 671 600 737 turbulentam
631 673 715 750 fore,
745 692 841 754 qaam
871 673 898 738 si
928 671 1032 753 primo
1061 690 1130 733 mo·
1180 666 1226 732 sie
1256 667 1435 733 restituisse
1464 668 1621 752 populum
1649 665 1770 742 Israel,
1801 667 1879 750 quin
1908 665 2052 732 desertio
2083 664 2148 731 Silo

161 770 272 824 mento
294 779 429 823 manum
456 777 548 822 suam
578 757 764 823 extulisset:
798 755 1071 841 quemadmodum
1101 754 1130 819 si
1181 765 1373 835 perpetuum
1390 752 1458 819 irae
1476 773 1554 819 suae
1570 753 1806 818 monimentum
1822 752 1914 817 foret.
1948 751 2149 835 Reprobavit

162 845 253 928 gigas
275 844 484 921 temulentus,
507 841 644 908 necdum
663 841 815 908 exhalata
832 842 973 926 crapula,
996 849 1130 923 repente
1181 839 1283 922 igitur
1305 839 1425 903 tribum
1452 839 1629 921 Ephraim,
1660 858 1726 902 non
1755 837 1840 921 quod
1870 858 1925 903 eos
1951 837 2150 903 abdicaverit

162 952 181 995 a
202 950 315 995 somno
343 938 464 1013 surgat.
509 927 604 1008 Quod
635 926 714 994 dicit
736 934 819 994 retro
842 948 1010 1011 percussos
1029 927 1131 1009 fuisse
1181 924 1215 987 in
1238 933 1353 1001 totam,
1377 924 1428 989 vel
1452 924 1625 991 absciderit
1647 945 1667 989 a
1690 924 1816 1007 reliquo
1835 923 1990 991 ecclesiae
2009 944 2149 1007 corpore,

162 1013 272 1094 hostes,
291 1016 386 1079 multi
403 1014 443 1078 ad
458 1013 587 1098 plagam
603 1013 792 1079 Philistinis
806 1016 974 1090 inflictam,
994 1015 1022 1077 1.
1040 1011 1130 1078 Sam.
1181 1009 1238 1072 sed
1261 1012 1338 1091 quia
1360 1011 1500 1093 amplius
1523 1011 1629 1074 noluit
1651 1010 1793 1075 residere
1815 1009 1881 1076 illic
1908 1029 2019 1074 arcam
2049 1029 2150 1075 snam.

161 1102 197 1177 5,
232 1102 274 1165 12
307 1102 517 1182 restringunt.
573 1101 617 1164 Et
650 1101 805 1165 convenit
838 1121 955 1164 nomen
989 1102 1132 1165 cateruae
1182 1095 1266 1159 Nam
1286 1097 1384 1160 tribui
1407 1096 1565 1179 Ephraim
1596 1097 1771 1180 opponitur
1800 1095 1904 1161 tribue
1926 1095 2069 1173 lebadea,
2099 1094 2151 1161 nbi

161 1187 361 1270 ipuominiac,
384 1186 461 1267 qaia
483 1184 575 1248 dolor
596 1184 650 1249 ille
673 1187 709 1249 in
731 1185 803 1250 anis
821 1186 978 1250 ulcerosis
996 1181 1130 1269 probro·
1181 1181 1242 1245 sibi
1266 1179 1462 1246 domicilium
1487 1193 1598 1265 postea
1619 1181 1719 1265 elegit
1741 1183 1841 1247 Deus.
1884 1182 1957 1247 Hoc
1979 1182 2076 1246 modo
2106 1180 2152 1244 in-

161 1293 219 1338 sus
240 1273 316 1347 fuit,
346 1270 402 1335 sed
425 1291 528 1352 quum
550 1291 681 1335 sensum
703 1271 931 1354 simpliciorem
956 1270 1132 1335 admittant
1182 1267 1258 1349 cipit
1281 1267 1452 1335 ostendere
1474 1268 1647 1351 propheta,
1676 1289 1774 1350 qaum
1798 1267 1895 1332 statio
1917 1266 1994 1332 data
2016 1268 2080 1332 tuit
2102 1287 2152 1331 ar·

162 1358 277 1432 verba,
305 1358 403 1421 fuisse
426 1376 445 1419 a
468 1367 560 1440 tergo
583 1377 767 1439 percussos,
799 1358 859 1423 hoc
881 1377 941 1441 ego
963 1358 998 1421 in
1025 1354 1131 1419 medio
1182 1373 1239 1416 cae
1259 1352 1395 1420 foederis
1413 1355 1446 1418 in
1464 1363 1574 1418 monte
1592 1353 1683 1431 Sion,
1702 1352 1939 1436 quodammodo
1957 1362 2152 1419 renovatam

161 1443 322 1526 relinquo.
1182 1437 1283 1503 fuisse
1317 1439 1488 1522 populum:
1527 1452 1559 1503 et
1587 1439 1662 1503 dato
1695 1438 1967 1508 reconciliationis
2004 1438 2153 1524 symbolo

1182 1522 1217 1586 in
1250 1524 1389 1606 gratiam
1424 1525 1509 1590 unde
1546 1525 1727 1602 exciderat,
1768 1523 1966 1606 postliminio
2007 1523 2153 1591 rediisse.

246 1613 296 1678 67.
320 1611 363 1678 Et
379 1613 555 1695 reprobavit
572 1613 809 1680 taberaocalum
827 1613 951 1697 Ioseph,
974 1618 1002 1678 et
1018 1611 1132 1676 tribum
1183 1609 1351 1675 Israeliten
1373 1610 1477 1689 enim,
1508 1632 1608 1694 quam
1631 1612 1722 1676 Deus
1744 1631 1855 1676 eorum
1878 1610 1975 1693 culpa
1996 1609 2153 1693 quodam·

160 1698 318 1781 Ephraim
347 1718 409 1763 noa
436 1699 531 1782 clepit.
576 1699 627 1764 68.
653 1698 714 1765 Sed
740 1701 828 1783 clepit
856 1700 971 1764 tribum
999 1697 1131 1777 Iehuda,
1184 1695 1279 1759 modo
1309 1696 1505 1773 exsulasset,
1539 1718 1577 1762 ac
1606 1698 1772 1781 captivam
1801 1696 1914 1761 suisset
1942 1696 2016 1761 eius
2046 1694 2154 1773 robur,

159 1791 290 1849 moutam
322 1783 399 1848 Sica
428 1804 517 1864 quem
545 1784 669 1849 dilexit:
713 1786 764 1850 69.
788 1785 832 1848 Et
860 1786 1012 1851 eostruait
1037 1785 1132 1866 quasi
1183 1778 1242 1846 hoc
1264 1783 1446 1846 memoriali
1469 1783 1576 1847 doceri
1599 1782 1778 1858 utilescit,
1808 1783 1853 1848 sic
1875 1781 2082 1864 displicuisse
2102 1802 2154 1846 eo-

160 1870 277 1936 eacelsa
298 1871 514 1935 sanctuarium
535 1872 614 1949 eius,
646 1872 740 1952 quasi
762 1876 876 1936 terrum
897 1891 993 1953 quam
1012 1869 1129 1952 faudo·
1184 1886 1256 1930 rum
1279 1867 1416 1944 scelera,
1446 1881 1483 1932 at
1504 1888 1581 1952 prae
1607 1869 1737 1935 fastidio
1767 1868 1885 1951 prioris
1914 1867 2073 1933 domicilii
2099 1866 2153 1932 ad·

159 1957 204 2020 vit
224 1956 260 2019 ia
281 1957 449 2021 saeculum.
497 1956 546 2020 tc.
571 1949 617 2019 Et
644 1957 731 2040 elegit
753 1956 863 2022 Dauid
883 1976 1008 2020 servum
1029 1975 1131 2031 suum,
1183 1962 1330 2035 spectum
1363 1976 1429 2018 non
1462 1955 1573 2020 ferret.
1617 1955 1690 2019 Etsi
1724 1969 1832 2019 autem
1866 1962 1941 2038 post
1975 1952 2153 2019 divortium

160 2047 189 2105 et
209 2042 381 2124 assumpsit
402 2061 472 2106 cum
491 2063 506 2107 e
524 2041 625 2107 caulis
646 2043 759 2107 ouium.
791 2042 842 2106 71.
866 2043 898 2105 A
917 2047 1000 2125 terpo
1018 2041 1132 2107 iactan-
1183 2037 1264 2102 illud
1285 2037 1361 2124 (qao
1383 2041 1488 2123 magis
1512 2040 1647 2105 sollicite
1674 2040 1737 2105 sibi
1766 2041 1799 2104 in
1830 2051 1995 2123 posterum
2026 2048 2155 2105 careret

160 2128 239 2192 tium
260 2128 432 2209 assumpsit
454 2146 531 2205 eum,
553 2132 586 2190 ut
602 2134 745 2208 pasceret
766 2128 803 2192 ire
821 2128 915 2193 Iacob
932 2127 1049 2209 populo
1065 2146 1132 2206 suo,
1184 2123 1336 2210 populns)
1369 2147 1436 2190 non
1470 2125 1532 2190 fuit
1564 2126 1693 2210 integra
1733 2125 1900 2208 solidaque
1939 2126 2153 2191 instauratio:

161 2216 188 2277 et
209 2213 245 2276 ia
267 2211 386 2277 Israt'le
407 2211 604 2277 haeredidate
636 2233 714 2278 sua:
758 2214 807 2279 72.
832 2214 876 2278 Et
899 2215 992 2296 pauit
1020 2232 1070 2277 ece
1098 2214 1134 2276 iu
1184 2231 1251 2273 non
1273 2211 1419 2294 vulgaris
1441 2218 1552 2278 tamen
1581 2210 1775 2276 clementiae
1803 2213 1881 2286 luit,
1913 2211 2024 2276 Deum
2055 2213 2153 2276 fixam

160 2298 335 2381 integritate
357 2298 462 2362 cordis
481 2299 550 2375 sai,
578 2299 663 2362 etia
678 2300 851 2380 prudentia
881 2318 1034 2364 martum
1059 2319 1132 2364 sua-
1184 2315 1277 2360 arcae
1299 2317 1378 2361 suae
1400 2297 1510 2362 sedem
1532 2319 1645 2363 rursus
1668 2296 1820 2381 deligere.
1865 2296 1961 2377 Quod
1984 2306 2098 2361 autem
2120 2297 2153 2360 in

160 2402 233 2447 rum
254 2383 382 2448 deducit
404 2403 463 2448 eos.
1184 2379 1292 2459 Geth,
1326 2395 1359 2447 et
1390 2388 1553 2461 Acoaron,
1587 2384 1723 2466 aliisque
1751 2383 1831 2449 locis
1859 2383 2070 2467 peregrinata
2106 2394 2153 2447 est

1184 2487 1258 2531 arca
1280 2479 1353 2549 post
1375 2469 1527 2545 reditum,
1550 2491 1653 2552 usque
1675 2467 1755 2533 dum
1777 2467 1932 2534 miraculo
1954 2488 2053 2532 mons
2075 2466 2153 2533 Sion

245 2553 297 2620 67.
321 2552 378 2639 (Et
393 2553 593 2636 reprobavit.)
624 2552 692 2634 Qui
707 2563 825 2638 patant
842 2555 1008 2622 Israelitas
1027 2576 1132 2639 nuper
1183 2559 1334 2617 ostensus
1368 2555 1440 2634 fuit,
1474 2555 1571 2620 medii
1605 2555 1694 2620 illius
1712 2555 1881 2638 temporis
1914 2574 1981 2617 non
2015 2552 2154 2619 habetur

160 2649 292 2706 vocatos
313 2641 414 2704 fuisse
436 2639 545 2704 hostes
566 2638 648 2715 Dei,
671 2650 851 2705 contexunt
872 2641 932 2705 hos
954 2661 1070 2707 versus
1093 2662 1129 2706 ac
1182 2639 1286 2701 ratio:
1322 2640 1399 2722 quia
1428 2640 1608 2723 prophetae
1637 2640 1810 2705 consilium
1839 2639 1903 2704 suit
1932 2649 1999 2704 tam
2030 2659 2152 2722 poenae

161 2726 189 2790 si
212 2725 334 2790 diceret
355 2724 513 2807 propheta
534 2724 714 2789 incurabile
735 2726 834 2791 fuisse
856 2727 940 2808 qaod
971 2725 1035 2792 illis
1057 2726 1131 2791 vul·
1183 2724 1379 2807 exemplum,
1402 2746 1500 2808 quam
1523 2727 1724 2809 insperatam
1741 2727 1802 2791 Dei
1817 2726 1957 2809 gratiam
1976 2726 2153 2790 memoriae

162 2831 223 2875 nas
245 2809 337 2875 Deus
359 2810 486 2874 inflixit.
532 2809 604 2892 Ego
626 2830 713 2885 vero,
737 2811 848 2894 quiin
870 2812 1032 2878 diversam
1056 2832 1130 2877 sen·
1182 2808 1346 2875 mandare.
1391 2810 1584 2877 Tenendum
1608 2813 1707 2876 etiam
1730 2812 1885 2895 estquod
1907 2811 2039 2893 saepius
2063 2831 2153 2894 repe·

161 2895 298 2961 tentiam
332 2896 436 2978 magis
469 2893 607 2974 inclino,
644 2916 761 2979 nempe
792 2896 849 2962 ubi
881 2897 975 2963 Deus
1006 2898 1132 2964 duriter
1183 2894 1264 2959 titur
1291 2895 1378 2978 apud
1401 2897 1533 2975 Mosen,
1563 2896 1628 2965 Ubi
1656 2897 1764 2962 locam
1795 2897 1931 2981 elegerit
1955 2896 2050 2961 Deae
2076 2904 2152 2961 tuus

161 2979 331 3046 mulctavit
349 2980 552 3062 Philistinae,
571 2979 677 3063 palam
696 2983 809 3049 fecisse
827 3002 890 3048 non
910 3003 982 3049 esse
1000 2983 1130 3048 irritum
1182 2978 1217 3043 in
1240 3001 1303 3063 quo
1330 2983 1462 3047 invoces
1492 2985 1561 3048 eius
1591 3004 1718 3049 nomen.
1763 2982 1849 3063 Quia
1879 2992 1989 3047 autem
2019 2996 2153 3064 propter

160 3066 274 3132 foedae
296 3087 392 3131 suum
414 3087 488 3132 cam
510 3067 647 3149 populo,
678 3069 771 3135 cuius
801 3078 867 3133 tam
896 3089 1030 3135 severas
1060 3077 1132 3134 erat
1183 3066 1374 3149 diuturnum
1396 3068 1575 3150 hospitium
1600 3068 1670 3136 Silo
1699 3069 1818 3134 samam
1849 3068 1938 3132 illam
1968 3067 2070 3152 vulgo
2098 3069 2152 3133 ob·

161 3151 297 3218 vindex:
336 3154 443 3234 potius
476 3153 676 3234 interpretor
708 3156 919 3220 correctionis
957 3155 1030 3220 viee
1067 3155 1129 3219 hoc
1183 3151 1335 3231 tinuerat,
1358 3153 1413 3218 ubi
1436 3154 1477 3219 ad
1500 3153 1611 3221 hostes
1635 3154 1783 3220 traducta
1805 3155 1866 3219 luit
1887 3174 1972 3233 arca,
1997 3154 2031 3218 in
2055 3153 2151 3218 aliam

160 3236 261 3304 faisse
283 3235 449 3319 additum,
480 3258 518 3303 ac
539 3239 567 3302 si
590 3236 725 3304 dixisset
746 3239 905 3322 propheta
933 3262 999 3305 non
1030 3241 1129 3307 fuisse
1183 3259 1272 3322 spem
1296 3250 1422 3305 erectae
1445 3239 1579 3307 fuerant
1601 3241 1770 3306 hominum
1800 3250 1943 3316 mentes,
1973 3239 2079 3307 donec
2100 3259 2151 3304 co·

160 3323 325 3407 placatum
341 3323 449 3405 impiis
462 3322 766 3408 desectorihnsquin
786 3345 962 3408 poenarum
976 3325 1131 3410 reliquiae
1182 3324 1275 3407 gnita
1307 3338 1393 3390 esset
1429 3326 1491 3392 looi
1523 3327 1647 3393 electio.
1703 3324 1899 3408 Quanquam
1937 3337 2048 3390 autem
2089 3346 2150 3390 non

161 3418 338 3474 exstarent.
372 3407 464 3474 Haeo
486 3408 596 3491 igitar,
618 3409 836 3489 meoiudicio,
860 3421 1032 3478 contextus
1049 3416 1131 3477 ratio
1182 3409 1321 3478 reiectae
1344 3421 1422 3477 tunc
1444 3412 1576 3477 fuerunt
1598 3412 1709 3478 decem
1740 3411 1861 3490 tribus,
1892 3411 2010 3495 quibus
2039 3420 2075 3476 et
2104 3431 2149 3475 re·

161 3503 220 3572 est,
244 3493 353 3574 Quum
377 3492 595 3558 aPhilistinis
617 3505 711 3577 capta
733 3497 796 3561 fuit
816 3517 899 3576 arca,
924 3495 1030 3562 Deam
1054 3519 1130 3580 qao·
1182 3515 1284 3578 gnum
1322 3505 1355 3560 et
1388 3499 1602 3563 sacerdotium
1635 3518 1808 3565 commune
1840 3508 1911 3563 erat
1947 3517 2023 3563 cum
2064 3497 2151 3561 triba

162 3579 334 3645 dammodo
355 3579 457 3645 faisse
478 3581 636 3662 sopitum,
667 3581 744 3663 qaia
765 3581 876 3664 populi
897 3583 1037 3666 peccatis
1064 3583 1131 3647 ine
1182 3579 1317 3658 Iehuda,
1341 3592 1453 3664 postea
1475 3591 1586 3650 tamen
1608 3604 1760 3651 successa
1776 3584 1930 3666 temporis
1945 3603 2000 3648 eos
2015 3581 2152 3648 abscidit

162 3663 285 3731 hristus
307 3666 432 3743 fuerat,
455 3685 496 3730 ne
518 3663 558 3729 ad
581 3665 674 3730 illam
698 3666 856 3731 tuendam
879 3688 939 3732 suo
961 3688 1052 3734 more
1073 3689 1131 3733 ex·
1183 3688 1243 3732 sua
1265 3665 1408 3734 delectio.
1444 3669 1554 3753 Atque
1574 3671 1654 3736 haec
1676 3671 1759 3735 ratio
1780 3680 1830 3734 est
1851 3691 1910 3735 cnr
1932 3667 2043 3734 odiose
2066 3668 2152 3734 dicat

163 3752 274 3817 eubias
305 3760 431 3834 ageret:
473 3771 577 3834 neque
610 3761 721 3817 tamen
762 3752 818 3817 din
854 3751 1058 3837 obtorpuisse
1095 3756 1129 3818 in
1183 3750 1341 3836 propheta
1369 3754 1575 3838 reprobatam
1603 3756 1702 3822 t’uisse
1731 3756 1853 3821 tribum
1882 3753 2061 3838 Ephraim,
2095 3771 2153 3818 nec

161 3856 290 3914 somno,
321 3836 377 3902 sed
400 3857 500 3920 quum
524 3857 605 3920 gens
627 3838 762 3922 prolana
784 3839 855 3904 eins
877 3839 1000 3923 gloriae
1028 3839 1131 3904 insul·
1182 3838 1318 3904 electam
1352 3839 1451 3906 luisse
1485 3841 1606 3906 tribum
1639 3840 1758 3925 Ioseph
1790 3841 1878 3906 unde
1910 3840 1968 3904 illa
2001 3840 2153 3905 trahebat

163 3933 257 4000 taret,
281 3933 347 3987 tam
368 3923 467 3989 atroci
489 3923 611 3987 iniuria
632 3924 734 3988 faisse
757 3935 973 4005 commotum,
996 3925 1131 4008 perinde
1182 3924 1351 4008 originem.

163 4029 200 4073 ac
221 4008 250 4072 si
270 4010 363 4092 gigas
384 4010 420 4072 in
449 4007 556 4073 media
584 4008 719 4091 crapula
748 4012 998 4094 expergefieret:
1029 4032 1131 4094 neque
1268 4010 1319 4076 68.
1343 4008 1419 4095 (Sed
1440 4009 1530 4093 clepit
1557 4011 1697 4099 tribum.)
1739 4011 1867 4095 Nempe
1895 4012 1970 4094 quia
1996 4008 2152 4093 praetulit

162 4102 272 4156 tamen
295 4094 341 4157 sic
362 4093 461 4159 faisse
484 4104 681 4160 commotum
704 4096 738 4159 in
761 4105 891 4178 gentem
915 4097 1083 4178 profanam
1099 4106 1133 4161 et
1183 4094 1307 4176 reliquo
1333 4095 1467 4178 populo,
1497 4117 1607 4180 regem
1637 4099 1699 4162 sibi
1725 4118 1766 4163 ex
1796 4120 1834 4163 ea
1864 4096 2026 4180 deligens,
2055 4116 2152 4178 quem

162 4177 434 4259 incircumcisam,
467 4181 544 4262 quin
578 4182 670 4265 signa
702 4180 812 4264 aliqua
844 4182 1065 4262 castigationis
1097 4182 1131 4246 in
1183 4180 1342 4247 Israelitis
1364 4180 1514 4245 omuibus
1537 4202 1600 4246 non
1625 4184 1732 4248 minus
1760 4204 1857 4267 quam
1880 4182 2014 4247 Iudaeis
2036 4183 2153 4264 praefi·

164 4263 300 4330 scelesto
329 4274 362 4327 et
389 4265 518 4346 ingrato
547 4266 664 4348 populo
693 4264 798 4332 Israel
828 4287 932 4348 usque
968 4268 1002 4332 in
1032 4269 1130 4332 finem
1183 4278 1279 4332 caret.
1324 4266 1461 4332 Mamers
1484 4288 1560 4330 vero
1584 4267 1661 4333 Sicu
1684 4269 1798 4353 elegit,
1822 4268 1932 4334 sedem
1954 4269 1990 4332 in
2012 4287 2051 4332 ca
2073 4268 2154 4332 assi·

164 4358 341 4415 exstarent.
386 4347 461 4414 Huc
484 4352 589 4414 tendit
611 4349 794 4434 reprobatio
818 4351 858 4416 dc
880 4372 944 4435 qaa
973 4373 1062 4417 nunc
1083 4352 1131 4418 lo·
1182 4371 1288 4434 gnane
1310 4373 1369 4417 suo
1392 4352 1586 4417 sanctuario.
1621 4355 1725 4419 Porro
1748 4376 1788 4419 ne
1810 4376 1908 4420 causa
1929 4365 2025 4419 extra
2042 4352 2153 4417 Deum

165 4436 293 4518 quitur,
323 4435 467 4518 privatos
489 4435 590 4499 faisse
612 4435 778 4502 Israelitas
801 4435 933 4502 honoris
962 4438 1133 4522 privilegio
1184 4447 1368 4520 quaeratur,
1391 4437 1538 4521 gratuita
1559 4439 1628 4504 eius
1651 4439 1824 4506 dilectione
1846 4442 1968 4507 scottum
1987 4459 2059 4505 esse
2077 4458 2155 4521 pro·

165 4540 227 4603 quo
251 4529 326 4585 ante
349 4521 439 4585 Deus
460 4521 547 4602 ipsos
577 4531 767 4600 ornaverat,
797 4521 872 4586 dam
903 4544 1011 4589 arcam
1040 4544 1132 4589 snam
1184 4521 1284 4604 pheta
1312 4521 1420 4600 docet,
1456 4532 1495 4586 ιιι
1522 4543 1615 4589 mons
1648 4524 1745 4601 Sion,
1779 4526 1976 4610 posthabitis
2002 4525 2154 4590 omnibus

165 4605 229 4671 alio
259 4606 426 4671 transferri
456 4605 570 4671 voluit.
620 4605 695 4671 Duo
723 4609 825 4692 igitur
852 4609 958 4691 capita
990 4609 1045 4674 hic
1074 4629 1132 4673 no·
1183 4609 1277 4689 loris,
1307 4616 1399 4672 tanta
1422 4611 1621 4689 praestantia
1643 4623 1779 4677 ornatus
1808 4612 1916 4677 faerit.
1961 4610 2154 4676 Relativam

165 4691 265 4756 tanda
287 4702 379 4771 sunt,
401 4712 501 4774 quum
523 4693 611 4775 turpi
633 4690 741 4757 ulcere
763 4695 905 4777 percussi
928 4703 1005 4758 sunt
1027 4694 1132 4759 Phili·
1183 4694 1281 4774 enim,
1301 4694 1441 4760 causalis
1464 4693 1609 4758 adverbii
1628 4696 1697 4762 loco
1720 4697 1774 4762 hio
1802 4699 1948 4781 ponitur:
1983 4717 2020 4762 ac
2048 4697 2078 4760 εἰ
2109 4695 2156 4759 di·

166 4778 255 4856 atini,
277 4777 364 4842 claro
387 4777 578 4842 documento
601 4779 806 4861 apparuisse,
830 4779 960 4844 nonnisi
983 4779 1053 4844 Deo
1076 4801 1132 4845 vo·
1184 4781 1297 4859 xisset,
1319 4800 1384 4843 non
1408 4780 1441 4842 in
1464 4778 1525 4843 loci
1548 4780 1717 4863 dignitate,
1739 4783 1848 4848 sedin
1868 4805 1957 4848 mero
1977 4782 2041 4848 Dei
2059 4781 2156 4846 bene-

166 4860 262 4941 lente,
285 4861 449 4929 Israelitae
472 4865 570 4930 fuisse
588 4863 628 4927 ab
646 4862 711 4928 illis
729 4860 880 4931 devictos.
914 4864 1028 4948 Neque
1046 4867 1133 4930 enim
1184 4865 1302 4948 placito
1332 4864 1505 4928 fundatum
1528 4865 1593 4930 illic
1612 4867 1709 4933 faisse
1728 4868 1791 4932 Dei
1811 4868 2045 4935 sanctuarium.
2091 4866 2157 4932 Ne·

167 4968 268 5012 novas
291 4949 378 5014 vires
400 4950 604 5032 recuperavit
623 4949 722 5027 Deus,
742 4949 794 5014 vel
814 4952 993 5016 exercitum
1012 4971 1133 5016 novum
1185 4970 1248 5033 que
1269 4951 1356 5015 enim
1378 4951 1486 5015 minus
1508 4952 1652 5033 gratuita
1674 4975 1744 5018 esse
1766 4953 1878 5020 debuit
1895 4955 2057 5038 posterior
2075 4953 2166 5018 haec

167 5033 305 5117 collegit,
329 5048 365 5099 at
387 5034 485 5119 paulo
508 5048 579 5118 post
600 5035 772 5100 invaderet
793 5036 942 5111 victores,
966 5057 1071 5120 neque
1093 5036 1134 5102 ad
1186 5037 1365 5116 restitutio,
1395 5056 1492 5117 quam
1521 5037 1626 5118 prima
1655 5038 1785 5122 adoptio
1814 5040 1943 5125 populi,
1974 5039 2031 5105 abi
2059 5038 2156 5104 Dens

168 5138 238 5182 eam
262 5140 331 5183 rem
353 5120 483 5186 adiutus
505 5122 566 5185 suit
596 5122 709 5186 alienis
739 5120 862 5204 opibus.
905 5122 1051 5186 Alterum
1081 5142 1133 5186 ca·
1186 5142 1258 5187 cum
1282 5119 1449 5186 Abraham
1478 5121 1589 5186 foedus
1617 5144 1712 5187 suum
1742 5127 1881 5211 pepigit,
1915 5127 1967 5192 vel
1996 5125 2157 5209 populum

166 5216 226 5285 put
256 5213 321 5285 est,
358 5206 506 5287 quamvis
532 5206 623 5272 Deus
650 5227 785 5271 manum
813 5209 993 5273 exseruerit
1022 5217 1134 5273 contra
1186 5205 1322 5272 redemit
1344 5227 1385 5270 ex
1410 5209 1569 5290 Aegypto.
1603 5207 1736 5274 Dilectio
1758 5222 1865 5276 autem
1890 5214 1948 5279 loci
1968 5228 2155 5300 respectum
