4658 5856
163 319 204 382 21

164 519 261 588 teque
283 504 454 586 adspirans
472 503 626 568 contariis
641 501 729 566 vitiis
748 499 854 566 adhuc
878 498 1038 565 laborem:

163 617 291 701 siquid
321 623 429 681 tamen
462 615 543 678 mihi
574 635 648 679 cum
679 615 749 696 ipso
778 635 951 681 commuue
980 625 1038 690 est,

162 731 312 796 conferre
342 729 440 811 piget.
486 726 575 809 Ergo
603 727 752 807 quamvis
782 727 868 790 iuter
900 725 1040 810 legenda

162 843 249 918 fidei,
273 840 458 925 patientiae,
482 837 616 915 ardoris,
640 836 711 915 neli,
733 837 931 920 integritatis
942 837 1040 905 docu-

162 966 276 1021 menta
304 953 421 1016 merito
452 950 642 1013 innumeros
669 948 752 1013 mihi
780 949 921 1032 gemitus
945 949 1038 1014 dissi·

163 1064 313 1130 militudo
331 1062 547 1144 expresserit:
569 1081 767 1144 magnopere
780 1071 889 1125 tamen
908 1062 1039 1142 proluit,

161 1178 254 1262 quasi
278 1178 311 1239 in
334 1173 464 1256 speculo
487 1192 620 1236 cernere
649 1181 718 1237 tum
741 1174 924 1238 vocationis
947 1193 1038 1239 meae

161 1287 308 1365 exordia,
331 1297 403 1349 tum
422 1286 616 1350 continuum
638 1283 816 1350 functionis
828 1307 977 1351 cursum:
1002 1297 1039 1351 ut

163 1399 320 1484 quidquid
344 1396 645 1479 praestantissimus
667 1395 724 1460 ille
746 1417 804 1460 rox
824 1419 861 1462 ac
878 1397 1038 1482 propheta

161 1512 308 1597 pertulit,
331 1510 413 1574 mihi
428 1509 468 1574 ad
487 1507 703 1573 imitationem
720 1508 821 1574 luisse
832 1514 1038 1593 propositum

161 1624 284 1690 certius
307 1642 527 1706 agnoscerem.

248 1744 401 1810 Conditio
430 1739 562 1823 quidem
592 1759 663 1803 mea
685 1752 806 1821 quanto
828 1741 872 1805 sit
894 1743 1037 1821 inferior,

162 1859 272 1925 dicere
294 1853 380 1920 nihil
397 1854 525 1918 attinet.
549 1849 686 1928 Verum,
709 1852 803 1916 aienti
822 1852 878 1917 illo
896 1875 916 1918 a
933 1857 1037 1922 caulis

162 1972 275 2036 ovium
298 1966 338 2031 ad
361 1985 523 2031 summam
546 1962 672 2044 imperii
693 1961 887 2045 dignitatem
906 1978 1039 2034 evectus

163 2091 222 2159 est,
244 2082 291 2145 ita
312 2099 366 2143 me
378 2080 470 2143 Deus
492 2075 532 2140 ab
550 2073 695 2138 obscuris
718 2074 1038 2161 tenuibusqueprin-

163 2195 257 2277 eipiis
284 2200 479 2266 extractum,
510 2186 570 2250 hoc
599 2196 665 2249 tam
697 2185 872 2253 honorifico
901 2211 1039 2260 munere

162 2307 320 2389 dignatus
354 2313 419 2379 est,
453 2307 490 2363 ut
522 2296 683 2380 evangelii
716 2317 831 2378 praeco
863 2321 969 2366 essem
1002 2326 1039 2371 ac

163 2419 321 2482 minister.
345 2410 541 2494 Theologiae
564 2428 616 2472 me
635 2416 728 2489 pater
750 2409 907 2477 tenellum
931 2413 1039 2483 adhuc

107 2542 114 2555 ’
163 2548 303 2612 puerum
322 2525 555 2596 destinaverat.
578 2519 643 2586 Sed
662 2543 762 2604 quum
781 2521 909 2588 videret
928 2525 1039 2610 legum

161 2639 334 2707 scientiam
356 2635 477 2720 passim
500 2652 621 2715 augere
650 2653 725 2697 suos
747 2634 890 2700 cultores
913 2638 1038 2723 opibus,

162 2775 236 2836 spes
259 2752 316 2815 illa
346 2759 479 2831 repente
508 2765 584 2809 eum
614 2743 743 2825 impulit
773 2745 814 2809 ed
844 2749 1037 2815 mutandum

162 2862 345 2933 consilium.
367 2860 553 2925 Itasactum
572 2866 631 2933 est,
654 2867 690 2919 ιιι
708 2866 879 2923 revocatus
902 2862 1038 2944 aphilo·

162 2976 298 3060 sophiae
326 2972 450 3051 studio,
486 2970 526 3034 ad
556 2969 645 3052 leges
676 2968 848 3033 discendas
882 2975 1038 3056 traherer,

163 3091 281 3172 quibus
304 3085 435 3151 tametsi
457 3092 494 3148 ut
521 3080 625 3164 patris
654 3079 813 3143 voluntati
844 3084 1039 3167 obsequerer

163 3201 292 3266 fidelem
316 3218 446 3280 operam
469 3199 659 3280 impendere
679 3211 816 3265 conatus
839 3220 922 3277 sum,
946 3198 1039 3264 Deus

164 3326 273 3377 tamon
296 3330 415 3376 arcano
438 3310 754 3391 providentiaesuae
773 3312 885 3374 fraeno
907 3331 1039 3376 cursum

162 3446 273 3490 meum
298 3425 360 3488 alio
384 3421 514 3486 tandem
538 3424 674 3487 reflexit.

251 3549 299 3610 Ac
322 3544 428 3626 primo
452 3542 593 3624 quidem,
624 3564 726 3625 quum
751 3542 1039 3624 superstitionibus

163 3668 302 3742 papatus
343 3655 450 3737 magia
492 3655 703 3738 pertinaciter
742 3654 890 3719 addictus
923 3674 1039 3738 essem,

163 3791 263 3853 quum
287 3775 324 3832 ut
353 3766 447 3830 facile
470 3777 555 3830 esset
577 3787 595 3830 e
618 3776 686 3830 tam
710 3764 869 3847 profundo
898 3765 968 3830 luto
987 3787 1039 3829 me

162 3882 304 3960 extrahi,
335 3879 481 3942 animum
504 3899 623 3955 meum,
652 3878 706 3958 qui
729 3897 788 3959 pro
811 3885 918 3941 aetate
941 3876 1038 3943 nimis

162 3994 373 4068 obduruerat,
404 3988 513 4055 subita
535 3990 746 4055 conversione
769 3989 809 4052 ad
839 3988 1038 4054 docilitatem

162 4106 303 4189 subegit.
325 4104 442 4184 Itaque
466 4102 575 4183 aliquo
587 4121 682 4165 verae
704 4099 838 4182 pietatis
855 4107 954 4183 gustu
976 4101 1038 4164 im·

164 4218 264 4282 butus
287 4227 377 4279 tanto
397 4212 586 4297 proficiendi
598 4210 706 4277 studio
717 4211 834 4288 exarsi,
859 4217 894 4276 ut
912 4213 1038 4295 reliqua

163 4329 280 4407 studia,
303 4327 530 4410 quamvisnon
547 4325 728 4408 obiicerem,
750 4322 903 4406 frigidius
926 4333 1037 4389 tamen

162 4453 313 4508 sectarer.
358 4437 505 4503 Necdum
537 4436 666 4518 elapsus
696 4444 765 4501 eret
798 4418 918 4499 annus
933 4455 1036 4516 quum

164 4553 273 4618 omnis
290 4550 430 4633 purioris
453 4548 619 4613 doctrinae
629 4545 738 4628 cupidi
755 4545 796 4610 ad
811 4567 863 4611 mc
875 4547 1035 4612 novitium

164 4665 273 4731 adhuc
295 4671 328 4728 et
358 4661 499 4725 tironem
528 4657 673 4724 discendi
700 4678 798 4724 causa
820 4656 1034 4724 renutabant.

163 4777 236 4860 Ego
259 4775 317 4857 qui
339 4782 459 4838 natura
480 4771 683 4839 subrusticus
705 4769 855 4835 umbram
878 4777 912 4834 et
932 4769 1035 4835 otium

163 4908 293 4972 semper
305 4884 423 4964 amavi,
446 4895 525 4949 tunc
539 4882 837 4963 latebrascaptarc:
860 4880 1036 4964 quaeadeo

164 5018 336 5066 concessae
365 5017 432 5061 non
460 5002 549 5071 sunt,
579 5003 616 5058 ut
639 4993 720 5057 mihi
748 5010 894 5057 secessus
922 5012 1036 5059 omnes

163 5113 269 5178 inetur
291 5107 437 5192 publicae
464 5104 593 5171 scholas
622 5113 740 5168 essent.
783 5103 933 5186 Denique
956 5103 1034 5170 dum

164 5223 226 5289 hoc
249 5219 328 5286 mihi
355 5240 456 5282 unum
480 5219 514 5280 in
537 5217 646 5281 animo
668 5229 726 5293 est,
756 5214 899 5299 ignobile
928 5217 1034 5280 otium

2123 307 2166 374 22

1195 495 1292 579 qu'cn
1315 499 1464 581 aspirant
1493 500 1672 564 lentement
1702 511 1735 564 et
1757 518 1835 565 avec
1863 498 1988 583 grando
2011 497 2167 564 difficulte

1196 590 1309 648 atant
1331 584 1371 649 de
1393 597 1506 651 vertus
1535 586 1590 667 qui
1621 596 1677 650 ont
1707 597 1775 650 este
1805 585 2003 650 excellentes
2032 605 2073 649 en
2096 582 2167 666 luy,

1196 671 1226 734 ie
1249 690 1300 733 mc
1331 680 1422 734 sente
1451 691 1584 737 encores
1613 672 1751 736 enteche
1781 671 1837 736 des
1862 672 1949 737 vices
1979 671 2167 748 contraires,

1199 755 1366 820 toutesfois
1389 759 1417 820 si
1439 758 1505 841 i’ay
1534 757 1690 838 quelques
1713 757 1826 821 choses
1849 756 1889 821 ds
1911 777 2065 821 commun
2088 775 2167 820 avec

1196 840 1265 924 luy,
1286 843 1316 904 ie
1340 842 1407 907 suis
1430 852 1563 907 content
1585 843 1624 907 de
1646 843 1694 907 les
1712 841 1908 918 considerer,
1932 853 1965 905 et
1982 841 2062 905 faire
2077 838 2165 922 quel·

1196 947 1260 1008 que
1282 930 1505 1010 comparaison
1528 926 1569 992 de
1591 928 1659 992 l’uu
1682 935 1703 993 d
1725 929 1853 993 l'autrc.
1896 928 1992 992 Ainsi
2015 928 2107 1002 dono,
2135 925 2167 990 ia

1196 1015 1259 1076 soit
1276 1014 1371 1093 qu’en
1389 1014 1490 1078 lisant
1507 1014 1554 1079 les
1574 1015 1814 1098 tesmoignages
1826 1014 1865 1079 de
1877 1035 1913 1079 sa
1926 1015 1990 1097 foy,
2009 1014 2167 1096 patience,

1197 1099 1326 1178 ardeur,
1354 1099 1421 1164 nole
1451 1112 1483 1164 ct
1512 1101 1675 1181 integrito,
1705 1099 1735 1163 ie
1759 1122 1810 1164 me
1832 1120 1911 1184 soye
1933 1097 2167 1165 souvsntesfois

1196 1185 1302 1250 mise
1331 1186 1433 1265 gemir
1459 1195 1493 1249 et
1522 1187 1685 1267 souspirer
1715 1206 1777 1267 quo
1806 1186 1836 1250 ie
1859 1188 1933 1250 n'cu
1963 1185 2168 1268 approchoye

1196 1291 1259 1352 que
1283 1269 1322 1334 de
1344 1271 1419 1336 bien
1442 1271 1518 1349 lein,
1543 1272 1712 1336 touteslois
1734 1273 1783 1353 q’a
1805 1281 1873 1336 este
1896 1292 1960 1336 une
1991 1272 2090 1336 chose
2112 1270 2168 1352 qui

1196 1359 1260 1420 m’a
1282 1357 1446 1438 beaucoup
1469 1359 1565 1434 servi,
1596 1356 1635 1421 de
1658 1356 1859 1439 contempler
1882 1378 1923 1421 eu
1945 1356 2014 1440 luy,
2042 1375 2168 1422 comme

1195 1463 1235 1505 en
1260 1463 1303 1505 un
1328 1443 1448 1513 miroir,
1473 1454 1545 1507 tant
1567 1443 1614 1507 les
1636 1463 1919 1508 commencemens
1942 1441 1982 1506 de
2000 1462 2054 1506 ma
2074 1461 2168 1509 voca·

1195 1527 1276 1607 tion,
1296 1549 1358 1609 que
1370 1527 1399 1592 le
1412 1528 1557 1594 discours
1576 1537 1609 1592 ot
1628 1528 1658 1593 la
1671 1529 1895 1593 continuation
1907 1527 1947 1592 de
1963 1549 2017 1592 ma
2030 1528 2168 1610 charge:

1195 1621 1273 1678 ace
1295 1633 1357 1695 que
1379 1614 1409 1677 ie
1432 1634 1628 1698 recognosse
1656 1615 1730 1696 plus
1758 1623 1982 1679 asseuremsnt
2005 1635 2067 1695 que
2097 1623 2169 1679 tout

1195 1720 1231 1765 ce
1261 1699 1336 1781 qu’a
1364 1701 1500 1765 souffert
1525 1710 1557 1764 ct
1586 1713 1743 1766 acustenu
1772 1721 1808 1765 ce
1836 1700 1913 1783 Roy
1941 1707 1974 1764 et
2002 1701 2168 1783 Propheta

1196 1796 1267 1849 tunt
1278 1784 1447 1863 excellent,
1466 1786 1609 1851 m’cstoit
1620 1796 1757 1870 proposd
1769 1786 1810 1849 de
1823 1786 1910 1851 Dieu
1926 1806 2008 1868 pour
2020 1783 2170 1869 exemplo

1196 1872 1261 1935 afiu
1285 1871 1324 1935 dc
1347 1871 1490 1936 l'imiter.

1282 1957 1374 2038 Vray
1394 1968 1443 2022 est
1460 1979 1522 2039 que
1541 1979 1593 2021 ma
1604 1957 1769 2022 condition
1782 1971 1831 2021 est
1844 1958 2011 2038 beaucoup
2023 1957 2173 2025 moindre

1196 2053 1227 2106 et
1250 2042 1323 2125 plus
1347 2043 1449 2115 basse,
1480 2056 1514 2108 et
1537 2046 1620 2109 u’est
1643 2063 1700 2126 pas
1729 2043 1840 2108 besoiu
1864 2064 1927 2125 que
1951 2044 1981 2107 ie
2004 2048 2173 2110 m’arrestc

1197 2128 1265 2191 ale
1289 2139 1467 2193 monstror:
1491 2130 1574 2193 mais
1597 2150 1721 2195 cemme
1741 2129 1764 2193 il
1794 2131 1843 2192 fut
1864 2132 1956 2210 prins
1979 2131 2106 2211 d'epres
2124 2129 2173 2196 les

1197 2211 1313 2289 beatas,
1347 2222 1380 2276 et
1414 2216 1521 2279 eslevc
1555 2237 1596 2278 au
1631 2215 1805 2279 souverain
1840 2213 1941 2297 degre
1974 2215 2014 2279 de
2046 2215 2172 2297 dignita

1197 2298 1316 2381 royale,
1336 2300 1419 2362 ainsi
1432 2299 1518 2364 Dieu
1530 2299 1569 2363 de
1582 2321 1650 2364 mes
1662 2302 1747 2381 petis
1762 2312 1796 2364 et
1814 2300 1872 2365 bas
1891 2321 2173 2368 commencemens

1196 2386 1262 2448 m’a
1284 2392 1407 2449 avance
1429 2384 1557 2467 iusqu’a
1586 2384 1763 2467 m'appeler
1794 2393 1815 2449 a
1837 2394 1924 2451 ceste
1953 2387 2077 2470 charge
2099 2396 2173 2452 tant

1197 2469 1374 2534 honorable
1397 2469 1437 2534 dc
1469 2472 1617 2535 ministre
1647 2487 1679 2535 et
1709 2470 1889 2552 preschcur
1913 2471 1952 2536 de
1975 2472 2171 2557 l'Evaugile.

1197 2557 1265 2620 Des
1294 2575 1356 2637 que
1385 2557 1518 2640 i'estoye
1547 2558 1644 2621 ieune
1667 2558 1792 2639 entant,
1821 2576 1899 2620 mon
1930 2578 2008 2640 pero
2039 2558 2173 2624 m'avoit

1197 2641 1322 2707 destino
1345 2649 1365 2706 a
1386 2643 1419 2706 la
1441 2642 1633 2724 Theologie:
1669 2643 1752 2707 mais
1782 2643 1855 2725 puis
1886 2662 1991 2724 apres,
2023 2643 2172 2709 d’autant

1196 2728 1273 2809 qu’il
1297 2729 1494 2792 oonsideroit
1516 2748 1578 2810 que
1603 2729 1636 2792 la
1659 2729 1785 2793 sciencc
1809 2728 1866 2792 des
1895 2727 1962 2792 loix
1983 2740 2172 2796 commune·

1196 2828 1288 2878 ment
1309 2814 1451 2880 enrichit
1472 2836 1556 2880 ceux
1579 2814 1636 2896 qui
1660 2815 1692 2879 la
1709 2825 1862 2896 suyvent,
1887 2826 1974 2881 ceste
1998 2836 2174 2897 esperauce

1197 2899 1256 2982 luy
1279 2900 1337 2963 fcit
1359 2901 1566 2965 incontinent
1589 2901 1733 2983 changer
1757 2901 1871 2964 d'avis.
1912 2900 2009 2966 Ainsi
2033 2901 2100 2965 cela
2122 2903 2173 2967 fut

1197 3005 1293 3050 cause
1314 2987 1414 3067 qu’on
1445 3007 1496 3050 me
1526 2987 1626 3051 retira
1655 2985 1695 3050 do
1726 2983 1863 3050 l'estude
1886 2985 1926 3050 de
1948 2986 2173 3073 Philosophia,

1196 3081 1229 3134 et
1250 3092 1313 3152 que
1335 3071 1366 3133 ic
1389 3073 1442 3135 fus
1464 3072 1528 3135 mis
1550 3072 1772 3154 aepprendre
1790 3072 1838 3134 les
1857 3072 1962 3135 Loix:
1986 3075 2172 3155 ausquelles

1196 3158 1344 3221 combieu
1371 3177 1433 3238 que
1462 3159 1491 3220 ie
1515 3158 1732 3238 m’efforqasse
1762 3157 1802 3220 de
1824 3155 2039 3240 m’employer
2061 3159 2172 3224 fidele·

1196 3253 1295 3319 ment,
1322 3262 1405 3324 pour
1434 3240 1561 3306 obeira
1583 3262 1660 3306 mou
1688 3262 1776 3324 pere,
1805 3240 1892 3305 Dieu
1922 3244 2090 3308 toutesfois
2112 3265 2172 3326 par

1195 3347 1231 3390 sa
1262 3327 1459 3410 providence
1488 3339 1612 3393 secrete
1642 3349 1694 3391 me
1727 3327 1785 3391 foit
1818 3326 2009 3393 finalement
2039 3339 2172 3396 tourner

1195 3412 1288 3477 bride
1310 3414 1390 3477 d'un
1413 3423 1506 3477 autre
1530 3421 1627 3479 coste.
1858 3470 1865 3484 .

1280 3499 1325 3562 Et
1343 3501 1604 3580 premierement‚
1628 3520 1752 3564 commo
1772 3499 1857 3565 ainsi
1876 3499 1941 3563 soit
1960 3520 2023 3582 que
2041 3501 2072 3565 ie
2085 3502 2173 3569 fusse

1195 3584 1224 3648 si
1256 3583 1476 3650 obstinemeut
1509 3585 1660 3650 addonnc
1703 3607 1768 3649 aux
1800 3587 2035 3668 superstitious
2068 3586 2108 3651 de
2139 3589 2173 3654 la

1194 3670 1353 3752 Papaute‚
1384 3671 1461 3753 qu‘il
1484 3673 1582 3736 estoit
1604 3672 1680 3736 bien
1704 3669 1855 3735 mal-eise
1878 3672 1976 3752 qu’on
2002 3693 2053 3735 mc
2075 3685 2173 3755 peust

1195 3755 1275 3819 tirer
1297 3755 1336 3820 de
1360 3777 1395 3822 ce
1418 3757 1570 3821 bourbier
1587 3759 1615 3821 si
1638 3757 1786 3839 profond,
1809 3777 1869 3840 par
1891 3777 1956 3820 une
1975 3761 2170 3824 conversion

1194 3840 1299 3906 subite
1331 3842 1354 3906 il
1389 3841 1499 3906 demta
1527 3855 1559 3906 et
1592 3863 1715 3925 raugea
1743 3849 1763 3906 a
1792 3841 1921 3907 docilite
1950 3862 2026 3907 mon
2059 3866 2167 3926 ooeur,

1194 3928 1308 4010 lequel,
1339 3950 1379 3992 en
1406 3927 1521 4010 esgard
1545 3936 1565 3993 a
1587 3927 1700 4011 l'aage,
1731 3928 1827 3992 estoit
1854 3948 1914 4009 par
1937 3940 2010 4011 trop
2032 3929 2168 3997 endurci

1195 4033 1236 4077 en
1261 4014 1352 4078 telles
1374 4013 1497 4079 choses.
1543 4016 1656 4098 Ayant
1685 4013 1768 4078 donc
1790 4034 1886 4078 receu
1910 4014 2050 4097 quelque
2072 4031 2168 4100 goust

1195 4109 1228 4164 et
1249 4099 1480 4184 cogneissance
1500 4098 1541 4163 de
1560 4100 1591 4165 la
1608 4119 1711 4182 vrayo
1730 4099 1822 4181 piete,
1846 4101 1875 4164 ie
1894 4101 1945 4164 lus
1963 4101 2168 4167 incontinent

1193 4186 1367 4250 enflamme
1389 4184 1468 4249 d'un
1490 4186 1516 4250 si
1534 4185 1639 4269 grand
1652 4184 1790 4250 desirds
1805 4187 1973 4268 proufiter‚
1996 4186 2167 4270 qu’encore

1193 4291 1256 4352 que
1279 4272 1310 4335 ie
1333 4292 1374 4335 ue
1396 4272 1553 4353 quittasee
1577 4292 1635 4354 pas
1663 4270 1707 4335 du
1730 4280 1800 4336 tout
1822 4271 1870 4336 les
1892 4279 2004 4337 autres
2024 4274 2166 4355 estudes,

1193 4357 1223 4423 ie
1246 4359 1311 4441 m’y
1334 4357 1527 4441 employoye
1549 4356 1718 4421 toutesfois
1737 4354 1810 4439 plus
1835 4355 2045 4424 laschemout.
2069 4357 2119 4424 Or
2135 4361 2166 4427 ie

1193 4443 1245 4507 fus
1275 4452 1346 4506 tout
1373 4443 1486 4508 esbahi
1504 4464 1566 4525 que
1596 4444 1716 4508 devant
1746 4463 1808 4524 que
1830 4442 1896 4507 l’an
1919 4455 2063 4525 passast,
2092 4454 2164 4511 tous

1192 4549 1275 4594 ceux
1297 4529 1353 4610 qui
1375 4537 1517 4612 avoyent
1539 4529 1677 4612 quelque
1695 4528 1782 4592 desir
1800 4528 1840 4592 de
1857 4528 1890 4592 la
1907 4549 1987 4610 pure
2006 4529 2163 4610 doctrine,

1192 4636 1228 4680 se
1249 4625 1452 4698 raogcoyent
1474 4622 1495 4680 a
1517 4636 1595 4698 moy
1618 4635 1700 4697 pour
1718 4614 1911 4697 apprendre,
1933 4615 2079 4680 combieu
2123 4637 2164 4683 ue

1191 4701 1222 4765 ie
1245 4722 1285 4764 nc
1307 4699 1404 4766 feisse
1425 4700 1518 4784 quasi
1541 4722 1603 4783 que
1621 4719 1826 4764 commoneor
1850 4721 2076 4784 moy-mesme.
2101 4637 2163 4770 qDe

1191 4807 1267 4851 mon
1292 4794 1389 4864 coste,
1419 4787 1568 4852 d’autant
1589 4788 1753 4868 qu'estant
1775 4785 1855 4852 d’un
1879 4785 2006 4851 naturel
2030 4807 2074 4851 un
2096 4808 2162 4871 peu

1191 4892 1336 4956 sauuage
1357 4887 1391 4936 et
1412 4871 1569 4950 honteux,
1599 4873 1662 4954 i'ay
1690 4872 1850 4939 tousiours
1879 4874 1963 4937 aime
1985 4893 2107 4958 requoy
2128 4886 2163 4941 et

1191 4957 1412 5040 tranquillite,
1453 4961 1483 5023 ie
1521 4978 1733 5041 commenqoy
1770 4965 1791 5024 a
1829 4957 1986 5024 chercher
2023 4961 2161 5043 quelque

1190 5043 1322 5111 oachets
1342 5049 1375 5108 ot
1394 5065 1513 5130 moyen
1532 5043 1571 5109 de
1589 5065 1642 5108 me
1659 5046 1777 5108 retirer
1795 5043 1852 5109 des
1869 5062 1965 5127 gens:
1988 5046 2070 5112 mais
2088 5056 2161 5112 tant

1189 5131 1261 5196 s’en
1282 5130 1353 5194 faut
1375 5151 1438 5212 que
1459 5132 1490 5196 ie
1508 5131 1639 5195 veinsse
1662 5130 1775 5194 about
1792 5127 1833 5191 de
1850 5149 1926 5192 mon
1946 5129 2041 5205 desir,
2063 5136 2159 5213 qu'au

1190 5216 1353 5283 contraire
1364 5223 1468 5282 toutos
1480 5216 1644 5281 retraittes
1656 5227 1689 5280 et
1699 5213 1955 5279 lieuxtl’escart
1967 5219 2160 5300 m’sstoyent

1921 5315 1954 5368 20
