4658 5856
124 187 188 255 463
246 130 252 139 Ι
936 184 1152 254 PSALMUS
1174 184 1301 251 XLVI.

125 386 217 447 tanta
234 378 388 442 ecclesiae
407 377 574 451 securitas,
593 375 669 457 quia
687 373 809 439 scilicet
827 374 919 438 Deus
936 374 972 438 in
988 373 1094 439 medio
1146 374 1238 437 Deus
1268 395 1302 436 se
1326 373 1416 437 nobis
1446 373 1556 438 favere
1586 375 1773 439 ostenderit.
1819 374 1978 455 Quamvis
2010 382 2119 437 antem

124 465 194 530 eius
216 462 345 528 residet.
390 462 474 526 Nam
498 461 643 535 verbum,
666 461 844 540 movebitur,
866 460 1015 523 feminini
1038 479 1094 543 ge·
1147 478 1213 523 vox
1241 457 1305 522 Dei
1340 458 1513 541 imperium
1545 459 1594 523 vel
1628 477 1745 524 nutum
1778 461 1956 543 significet,
1989 457 2120 522 videtur

125 549 213 614 neris
231 560 289 624 est,
315 570 375 613 nec
393 558 499 630 potest
517 547 557 611 ad
573 548 681 611 Deum
703 546 827 623 referri,
849 545 942 626 quasi
963 545 1093 609 futurus
1145 553 1256 608 tamen
1279 543 1320 607 ad
1344 543 1405 607 Dei
1428 544 1660 626 promissiones
1683 545 1828 610 alludere
1849 546 2020 629 propheta,
2045 545 2117 627 qui-

124 633 168 699 sit
188 634 378 698 immobilis:
402 633 457 698 scd
480 633 526 696 ita
543 630 664 695 resolvi
686 629 780 695 debet
800 632 912 706 oratio,
936 630 1009 694 Non
1028 651 1096 694 mo·
1146 629 1206 694 bus
1225 640 1363 695 testatus
1382 642 1482 694 estse
1501 629 1568 693 fore
1591 630 1746 696 ecclcsiae
1768 631 1945 696 custodem.
1977 631 2116 694 Interim

123 721 252 785 rebitur
274 742 291 784 e
314 728 403 783 statu
426 739 485 784 suo
507 728 619 782 sancta
642 717 777 781 civitas:
807 717 884 798 quia
907 716 997 780 Deus
1027 715 1094 780 illie
1145 712 1289 779 notanda
1319 728 1367 778 est
1396 715 1571 779 antithesis
1601 717 1687 781 inter
1710 738 1820 782 vocem
1844 715 1917 799 Dei,
1947 730 1979 780 et
2003 714 2114 779 turbu-

123 805 255 880 residet,
284 818 381 887 atque
406 804 446 867 ad
469 822 562 884 opem
585 801 752 866 ferendam
775 822 905 884 semper
927 811 977 866 est
999 821 1090 884 para·
1145 801 1249 864 lentos
1273 821 1447 882 regnorum
1472 811 1588 865 motus.

123 902 193 956 tus:
216 896 392 972 compertus
414 889 502 954 enim
525 908 659 953 umorue
682 886 875 951 tantundem
900 887 987 951 valet
1009 907 1046 952 ac
1064 887 1093 950 si
1231 886 1260 950 8.
1295 883 1425 969 (letmoo
1456 887 1672 973 exercituum.)
1726 887 1798 952 Hoc
1831 907 1926 952 versu
1962 887 2116 951 docemur

123 976 269 1055 dixisset,
289 975 432 1057 quotidie
447 974 583 1038 simulac
599 972 646 1036 sol
663 972 758 1037 terris
773 974 928 1037 exoritur.
954 971 1093 1038 Summa
1145 970 1283 1054 qualiter
1313 972 1348 1034 in
1377 992 1471 1035 usum
1502 983 1648 1036 nostrum
1671 972 1879 1038 accomodare
1906 972 2003 1037 liceat
2032 991 2115 1055 quae

124 1072 181 1140 est,
213 1065 240 1125 si
263 1063 411 1144 cupimus
434 1059 497 1122 Dci
520 1080 618 1123 manu
641 1060 777 1141 protegi,
807 1057 947 1123 dandam
969 1058 1003 1122 iu
1027 1059 1092 1140 pri·
1145 1057 1266 1138 passim
1287 1055 1326 1120 de
1349 1057 1509 1120 immensa
1526 1055 1590 1121 Dei
1611 1057 1733 1122 virtute
1756 1057 1919 1140 praedicat
1941 1059 2115 1139 scriptura,

123 1148 186 1213 mis
208 1167 279 1212 esse
301 1166 442 1228 operam,
466 1155 503 1208 ut
524 1146 611 1208 inter
633 1165 692 1209 nos
711 1145 850 1209 habitet:
874 1143 951 1226 quia
968 1165 1009 1208 ex
1024 1142 1092 1207 sola
1145 1164 1272 1225 nempe,
1292 1143 1318 1205 si
1336 1140 1480 1223 persuasi
1498 1142 1599 1207 simus
1619 1165 1661 1206 ex
1676 1164 1788 1208 eorum
1808 1167 1865 1208 nos
1880 1165 1951 1208 esse
1966 1163 2114 1221 numero,

123 1236 193 1297 eius
223 1233 407 1313 praesentia
440 1230 559 1311 pendet
592 1250 665 1312 spes
696 1230 819 1294 salutis.
874 1229 949 1311 Ipse
982 1241 1091 1294 antem
1145 1250 1223 1310 quoe
1251 1227 1341 1291 Deus
1372 1238 1506 1310 paterno
1540 1248 1649 1293 amore
1682 1231 1851 1312 amplexus
1883 1230 1994 1294 fovere
2016 1227 2113 1291 velit:

124 1338 190 1383 non
212 1317 309 1380 aliam
332 1316 373 1379 ob
395 1337 525 1380 eausam
550 1318 635 1380 inter
657 1336 716 1380 nos
740 1316 873 1391 habitat,
897 1315 958 1378 uisi
978 1328 1015 1377 ut
1033 1336 1092 1380 nos
1144 1334 1219 1376 nam
1239 1313 1357 1376 iterum
1377 1312 1583 1393 adoptionem
1605 1315 1818 1393 commendat,
1841 1335 1903 1397 qua
1920 1325 2114 1398 segregatus

123 1411 265 1486 praestet
295 1401 483 1467 incolumes.
528 1401 711 1477 Caeterum,
739 1401 890 1481 quamvis
918 1421 984 1464 non
1007 1421 1090 1464 sem·
1143 1409 1214 1462 erat
1232 1399 1332 1462 Israel
1352 1420 1371 1462 a
1389 1398 1553 1462 communi
1576 1401 1721 1482 gentium
1745 1402 1889 1465 omnium
1912 1413 2013 1466 sorte:
2036 1399 2115 1462 alio-

122 1510 181 1571 per
209 1487 250 1551 ad
279 1508 338 1551 nos
371 1487 529 1552 iuvandos
562 1488 695 1552 festinet
727 1486 820 1550 Deus
852 1507 909 1568 pro
940 1493 1090 1550 votorum
1144 1486 1199 1565 qui
1230 1506 1296 1548 non
1329 1483 1391 1547 nisi
1426 1482 1631 1549 formidinem
1665 1487 1824 1550 incuteret
1858 1488 2019 1569 potentiae
2050 1485 2113 1549 Dei

123 1583 312 1639 nostrorum
347 1573 492 1651 fervore,
532 1574 612 1637 satis
645 1585 754 1636 tamen
787 1580 966 1653 opportune
999 1570 1091 1635 nobis
1143 1572 1413 1633 commemoratio.
1459 1568 1548 1634 Hinc
1570 1570 1670 1654 igitur
1692 1570 1852 1653 gloriandi
1875 1570 2002 1648 fiducia,
2026 1568 2112 1653 qnod

123 1658 242 1736 aderit,
278 1670 315 1722 ιιι
343 1659 437 1724 facile
466 1669 622 1739 appareat
651 1678 767 1722 verum
801 1678 870 1722 cese
900 1658 983 1738 quod
1013 1655 1090 1720 alibi
1142 1677 1200 1719 nos
1218 1655 1279 1719 sibi
1298 1656 1330 1717 in
1351 1654 1544 1736 peculiarem
1566 1656 1723 1738 populum
1746 1656 1875 1741 delegit,
1899 1666 1936 1721 ut
1955 1658 2113 1720 virtutem

123 1744 249 1821 dicitur,
272 1765 439 1825 uunquam
462 1743 613 1822 dormire,
636 1765 673 1808 ae
697 1765 737 1807 ne
760 1743 938 1807 dormitare
961 1742 1090 1824 quidem
1142 1760 1235 1804 suam
1258 1739 1298 1804 ad
1322 1761 1382 1804 nos
1404 1739 1581 1806 servandos
1604 1753 1742 1806 exserat.
1787 1743 1863 1823 Qua
1885 1743 2012 1808 ratione
2034 1761 2111 1824 pro·

122 1831 276 1896 ecclcsiae
299 1828 475 1907 custodem,
499 1829 631 1894 Psalmo
655 1829 726 1904 121,
748 1830 779 1893 4.
1142 1827 1242 1908 pheta
1271 1840 1442 1909 postquam
1465 1824 1569 1891 Deum
1591 1829 1779 1892 exercituum
1803 1850 1930 1906 vocans,
1960 1829 2031 1893 eius
2054 1847 2111 1910 pe·

1143 1912 1279 1975 tentiam
1302 1911 1487 1990 celebravit,
1517 1912 1625 1976 statim
1650 1913 1801 1996 adiungit
1822 1914 1962 1978 alterum
1985 1913 2111 1997 epithe-

208 2002 237 2064 7.
275 1999 470 2065 Tumultuuti
501 2004 575 2064 suut
600 1999 733 2082 populi,
766 2004 848 2063 mota
877 2005 951 2065 suut
979 2020 1092 2083 repro:
1143 2006 1230 2073 tum,
1263 2017 1326 2080 quo
1357 1997 1468 2061 foedus
1502 2020 1574 2061 cum
1610 1998 1775 2063 Abrabam
1810 2000 1885 2064 olim
1919 2019 2110 2084 percussum

120 2087 243 2170 ceder)
272 2105 371 2151 vocem
393 2107 494 2163 auum,
522 2084 690 2167 liquefacto
711 2090 755 2150 est
775 2089 869 2149 terro.
915 2084 944 2149 8.
975 2086 1091 2150 Iebovo
1115 2127 1117 2137 ·
1142 2086 1327 2147 confirmat:
1358 2093 1397 2146 ut
1426 2104 1489 2146 non
1520 2082 1668 2147 dubitent
1697 2085 1767 2149 eius
1798 2087 1928 2167 posteri,
1960 2082 2001 2149 ad
2029 2104 2111 2168 quos

121 2174 309 2237 exercituum
330 2170 506 2237 uobiscum:
534 2190 596 2235 ore
618 2171 705 2236 uobis
726 2171 816 2236 Deua
837 2169 939 2236 Iacob.
985 2171 1089 2236 Selob.
1142 2169 1318 2250 promissae
1349 2169 1473 2251 gratiae
1503 2169 1687 2235 haereditas
1716 2173 1870 2252 pertinet,
1907 2172 2012 2236 Deum
2046 2169 2111 2235 sibi

122 2260 152 2323 9.
183 2257 304 2338 Vertite,
330 2257 521 2322 considerate
550 2275 646 2337 opero
669 2256 814 2321 Iebovm:
842 2277 924 2337 quus
947 2257 1091 2339 posuerit
1141 2274 1266 2337 quoque
1286 2256 1352 2317 fore
1372 2254 1557 2335 propitium.
1591 2255 1675 2319 Nam
1694 2269 1730 2320 ut
1748 2255 1848 2321 solide
1867 2258 2009 2340 quiescat
2027 2256 2111 2321 fides

120 2343 304 2408 solitudines
314 2340 364 2425 aa)
395 2343 431 2408 iu
462 2349 555 2408 terro.
614 2342 662 2405 10.
698 2340 828 2412 Cessare
861 2342 941 2423 fucit
966 2343 1091 2423 proelio
1142 2349 1263 2416 nostra,
1293 2341 1328 2403 in
1350 2339 1423 2402 Deo
1446 2339 1542 2403 simul
1565 2339 1645 2406 haec
1667 2342 1730 2406 due
1751 2342 1985 2408 consideranda
2014 2352 2109 2406 sunt:

120 2448 218 2510 usque
238 2428 281 2492 od
298 2433 468 2493 emmenum
484 2433 602 2493 terroe:
623 2427 792 2509 confringit
814 2448 932 2506 orcum,
954 2428 1091 2509 dissipat
1142 2427 1449 2508 nempeimmensa
1483 2427 1601 2503 virtus,
1639 2449 1702 2508 qua
1735 2426 1774 2490 ad
1809 2440 1914 2493 totum
1949 2427 2109 2492 mundum

121 2535 223 2591 ormo,
253 2534 368 2578 currus
395 2515 498 2577 exuri
525 2514 602 2596 iqui.
654 2514 705 2576 11.
739 2513 967 2600 Quaererem)
996 2519 1090 2578 etro
1141 2509 1359 2593 subigendum
1382 2511 1561 2575 instructus
1583 2524 1650 2576 est:
1684 2512 1799 2578 deinde
1822 2526 1977 2596 paternus
2007 2534 2110 2591 amor,

120 2601 258 2683 quoscite
284 2599 366 2679 quod
394 2619 446 2680 eqo
475 2599 536 2661 eim
557 2597 662 2662 Deus:
693 2597 851 2663 eueltobor
879 2600 914 2663 iu
939 2597 1089 2682 pentibus,
1141 2617 1237 2678 quem
1267 2596 1367 2659 verbo
1401 2616 1460 2660 suc
1489 2598 1646 2678 patefecit.
1698 2599 1761 2664 Ubi
1791 2610 1899 2664 autem
1934 2599 2013 2664 haec
2045 2598 2109 2664 duo

121 2685 279 2750 exaltabor
300 2685 335 2747 iu
355 2686 449 2746 terra.
496 2683 545 2748 12.
571 2683 685 2748 Iebooo
706 2685 896 2749 exercituum
916 2685 1088 2750 uobiemm:
1141 2681 1315 2746 coniuncta
1336 2691 1423 2757 sunt,
1452 2681 1533 2746 nihil
1560 2683 1686 2749 obstare
1709 2695 1813 2767 potest
1834 2686 2007 2768 quominus
2029 2706 2108 2750 cun·

121 2790 184 2835 ore
205 2767 293 2833 uobis
313 2765 403 2833 Deua
425 2768 528 2834 Iuoob.
573 2767 678 2834 seua.
1142 2767 1202 2833 ctis
1224 2765 1370 2832 hostibus
1393 2767 1528 2832 insultet
1556 2767 1635 2834 fides
1658 2780 1778 2850 nostra,
1808 2792 1913 2854 neque
1936 2771 2023 2834 enim
2048 2771 2108 2836 du·

1141 2852 1229 2917 bium
1253 2861 1316 2932 est,
1345 2851 1468 2916 velitne
1489 2854 1642 2937 opitulari
1671 2855 1762 2921 nobis
1784 2854 1885 2936 Deus,
1915 2857 1968 2940 qui
1991 2878 2026 2921 se
2048 2856 2109 2925 hoe

208 2940 236 3004 7.
270 2937 482 3023 (Tumultuoti
513 2939 610 3025 suut.)
662 2939 824 3020 Quoniam
859 2940 993 3006 eeclesia
1026 2940 1089 3007 Dei
1141 2939 1301 3004 facturum
1331 2938 1490 3020 promisit.
1538 2939 1608 3004 Iam
1638 2942 1744 3006 virtus
1773 2941 1814 3007 ad
1843 2941 1875 3007 id
1905 2942 2108 3025 implendum

122 3044 289 3108 nunquam
311 3033 401 3088 caret
423 3024 581 3108 hostibus,
604 3034 636 3090 et
656 3028 788 3108 quidem
807 3025 944 3091 nimium
963 3026 1088 3105 validis,
1141 3024 1292 3107 suppetit,
1325 3025 1402 3106 quia
1423 3023 1516 3089 Deus
1537 3037 1587 3090 eet
1609 3027 1821 3093 exercituum.
1865 3029 1953 3094 Hinc
1982 3028 2107 3113 colligi·

122 3112 239 3178 deinde
260 3110 315 3193 qui
334 3129 407 3174 eam
425 3108 597 3175 crudeliter
615 3122 647 3176 et
665 3111 802 3177 effraeni
821 3113 1013 3194 intemperie
1035 3132 1089 3195 op
1140 3131 1213 3175 mue
1242 3111 1361 3174 misere
1389 3131 1443 3174 eos
1471 3112 1580 3194 vagari
1610 3113 1643 3176 in
1674 3113 1849 3196 scriptura,
1881 3114 1938 3197 qui
1968 3115 2001 3178 in
2032 3129 2107 3180 aere

121 3207 280 3281 pugnant,
309 3193 466 3277 propheta
487 3216 576 3261 nnnc
598 3194 778 3262 doctrinam
800 3218 897 3279 qnam
918 3199 1027 3282 posuit
1048 3198 1088 3263 de
1139 3217 1332 3280 suspensum
1371 3195 1561 3279 relinquunt
1597 3198 1753 3280 quidquid
1790 3198 1830 3262 de
1862 3200 2008 3282 potentia
2045 3200 2108 3267 Dei

120 3279 368 3364 inexpugnabili
393 3281 455 3343 Dei
477 3280 590 3357 tutela,
620 3281 660 3345 ah
682 3283 883 3365 experientia
905 3285 1087 3360 confirmat,
1139 3281 1355 3365 praedicatur,
1387 3303 1446 3347 nec
1474 3293 1624 3347 statuunt
1652 3283 1712 3349 sibi
1741 3286 1808 3348 fore
1837 3286 1872 3349 in
1900 3294 2037 3368 patrem,
2071 3310 2107 3352 eo

121 3365 239 3433 deinde
268 3363 453 3447 generalem
482 3367 735 3431 consolationem
766 3367 867 3432 elicit:
902 3368 987 3451 quod
1014 3390 1088 3451 per·
1139 3367 1226 3451 quod
1249 3368 1316 3431 sint
1338 3388 1376 3429 ex
1402 3387 1500 3452 grege
1522 3369 1601 3446 eius,
1625 3380 1659 3434 et
1676 3369 1856 3452 adoptionis
1879 3371 2063 3455 participes.

121 3464 256 3539 potuum
279 3450 321 3513 eit
338 3448 401 3511 Dei
421 3470 549 3524 munus,
571 3473 775 3534 compescere
793 3453 953 3519 tumultus
976 3476 1089 3518 omnes
1224 3453 1254 3519 9.
1284 3452 1421 3538 (Vertite,
1451 3454 1663 3540 considerate.)
1707 3454 1846 3520 Videtur
1877 3461 2026 3540 persequi
2058 3458 2106 3522 hi·

121 3563 158 3607 ae
181 3535 304 3613 sedare,
327 3545 359 3596 et
381 3534 464 3617 quod
487 3539 565 3602 satis
587 3539 721 3602 robusta
742 3538 792 3602 sid
815 3539 887 3604 ciue
908 3560 1026 3604 manus
1048 3539 1088 3603 ad
1139 3540 1272 3603 storiam
1302 3537 1517 3614 liberationis,
1547 3559 1611 3620 qua
1640 3550 1776 3605 testatus
1806 3540 1912 3606 fuerat
1942 3542 2042 3616 Deus,
2072 3566 2106 3609 se

121 3620 318 3707 frangendos
340 3640 452 3683 omnes
474 3620 615 3687 hostium
638 3636 782 3689 conatus.
826 3625 952 3702 Posset,
979 3627 1088 3703 fateor,
1139 3625 1297 3706 optimum
1320 3634 1352 3687 et
1373 3622 1599 3687 fidelissimum
1622 3644 1692 3689 esse
1715 3639 1929 3708 protectorem
1951 3628 2106 3694 ecclesiae

122 3715 212 3777 locus
234 3707 294 3770 hcc
322 3704 491 3769 indefinite
520 3709 637 3790 accipi:
672 3712 755 3791 quod
787 3709 928 3775 obnoxia
957 3709 1088 3793 quidem
1139 3728 1233 3774 suae:
1256 3721 1293 3773 ut
1315 3707 1389 3772 inde
1412 3718 1524 3788 petant
1546 3705 1656 3773 fideles
1679 3731 1769 3776 arma
1787 3722 1821 3777 et
1844 3715 1929 3779 vires
1951 3732 2106 3796 superan-

122 3798 165 3861 sit
187 3794 249 3858 Dei
272 3789 387 3856 civitae
410 3791 521 3857 multis
544 3796 798 3875 tempestatibus,
820 3794 876 3861 sed
899 3807 1009 3861 tamen
1025 3795 1089 3859 Dei
1140 3795 1190 3859 dis
1209 3794 1440 3859 tentationibus
1458 3811 1667 3876 quaecunque
1691 3799 1722 3859 in
1742 3810 1906 3878 posterum
1926 3812 2104 3883 emergent

123 3878 280 3946 beneficio
308 3875 479 3942 incolumis
508 3900 636 3961 semper
661 3890 808 3945 maneat:
841 3903 954 3947 verum
983 3883 1088 3965 magis
1139 3880 1269 3945 Debent
1298 3881 1386 3944 enim
1416 3890 1491 3940 ante
1513 3879 1621 3943 oculos
1643 3881 1737 3945 nobis
1761 3885 1883 3948 versari
1913 3884 2105 3951 documenta

122 3963 288 4053 probabile
309 3974 367 4038 est,
398 3976 434 4025 ut
458 3963 552 4027 initio
582 3963 732 4044 diximus,
762 3987 943 4031 sermonem
975 3966 1089 4032 haberi
1140 3966 1264 4049 gratiae
1283 3963 1355 4041 Dei,
1378 3984 1461 4044 quae
1484 3984 1518 4025 re
1539 3964 1608 4044 ipsa
1630 3966 1777 4032 exhibuit
1799 3969 1833 4031 iu
1858 3970 1949 4035 nobis
1972 3994 2105 4036 servan·

123 4056 162 4118 dc
185 4048 307 4132 insigni
329 4046 439 4128 aliqua
460 4047 661 4126 liberatione,
683 4052 717 4113 in
740 4071 802 4132 qua
823 4052 915 4116 Deus
938 4064 1089 4118 aeternae
1139 4053 1198 4133 dis,
1227 4061 1265 4115 ut
1287 4049 1536 4131 promissionum
1564 4048 1660 4115 fidem
1683 4055 1716 4116 in
1740 4056 1856 4120 animis
1883 4058 2002 4121 nostris
2032 4080 2105 4122 san·

122 4158 200 4207 suae
222 4136 257 4198 in
279 4130 440 4198 servanda
467 4134 604 4200 ecelesia
627 4136 758 4200 virtutis
780 4144 813 4199 ct
834 4139 959 4219 gratiae
985 4139 1087 4221 speci·
1139 4138 1234 4202 ciant.
1279 4135 1463 4212 Caeterum,
1491 4133 1552 4199 hac
1578 4135 1802 4204 exhortatione
1829 4142 1927 4206 tacite
1955 4141 2105 4227 obiurgat

123 4245 200 4291 men
220 4219 426 4304 praebuerat.
469 4219 582 4284 Refert
609 4221 711 4302 igitur
732 4222 891 4304 propheta
913 4220 989 4306 quid
1012 4245 1087 4288 con·
1139 4242 1251 4286 eorum
1273 4217 1461 4293 socordiam,
1485 4218 1539 4301 qui
1559 4220 1621 4284 Dei
1644 4226 1820 4305 potentiam
1843 4247 1908 4291 non
1930 4233 2104 4293 aestimant

124 4308 251 4396 tigerit,
281 4321 398 4382 nempe
427 4301 575 4368 horribili
605 4321 762 4390 apparatu
792 4307 903 4373 hostes
935 4310 1088 4374 ecclesiae
1139 4306 1252 4389 quanti
1275 4326 1332 4387 par
1351 4317 1433 4367 erat:
1457 4305 1521 4368 imo
1542 4316 1644 4371 totum
1668 4309 1735 4373 fere
1754 4311 1912 4376 mundum
1934 4313 2105 4397 ingratitu-

123 4395 252 4462 venisse
274 4389 315 4454 ad
332 4405 402 4451 eam
421 4388 629 4469 perdendam,
650 4391 706 4455 sed
723 4412 799 4455 mox
814 4391 878 4457 Dei
894 4414 970 4459 voce
990 4395 1088 4458 fuisse
1139 4391 1224 4456 dinis
1247 4390 1364 4473 arguit,
1390 4391 1464 4471 quia
1489 4391 1543 4454 vix
1566 4396 1760 4460 centesimus
1783 4397 1919 4481 quiaque
1942 4401 2022 4465 satis
2044 4401 2104 4464 sibi

123 4482 216 4568 quasi
239 4475 437 4560 liquefactos.
477 4477 584 4557 Atque
607 4476 683 4540 hino
705 4477 746 4539 ad
769 4499 828 4542 nos
851 4477 934 4542 redit
956 4478 1088 4543 inaesti-
1138 4477 1172 4540 in
1190 4475 1261 4539 Deo
1278 4473 1429 4558 praesidii
1449 4496 1519 4540 esec
1536 4480 1696 4560 agnoscit:
1719 4482 1765 4545 ita
1782 4485 1968 4548 caecutiunt
1990 4508 2102 4551 omnes

124 4565 251 4634 mabilis
284 4558 479 4637 consolatio,
516 4560 572 4624 ubi
609 4559 777 4640 audimus,
815 4564 964 4645 quamvis
1002 4573 1089 4627 totus
1139 4559 1178 4624 ad
1197 4581 1296 4642 opera
1314 4558 1385 4636 Dei,
1408 4561 1473 4625 imo
1495 4573 1610 4643 sponte
1632 4566 1790 4631 claudunt
1809 4569 1935 4635 corales:
1958 4571 2045 4654 quod
2065 4569 2103 4636 ad

124 4653 264 4718 mundus
287 4661 399 4712 eontra
421 4666 479 4709 uos
497 4656 618 4728 surgat,
642 4658 675 4709 ct
692 4668 810 4712 vesano
832 4648 958 4713 fervore
980 4648 1089 4713 omnia
1140 4644 1371 4709 aedificandam
1402 4666 1512 4710 eorum
1543 4647 1639 4712 fidem
1662 4654 1803 4716 maxime
1827 4656 1959 4721 valeret.
2005 4658 2102 4721 Vide·

124 4738 302 4822 perturbet,
320 4750 414 4815 posse
432 4741 594 4796 momente
613 4730 716 4813 redigi
735 4732 769 4794 in
784 4734 935 4815 nibilum,
953 4732 1089 4797 simulac
1139 4751 1212 4793 mue
1235 4740 1271 4792 ut
1294 4731 1387 4794 multi
1410 4732 1558 4796 fortunae
1588 4733 1771 4801 adscribant
1801 4739 1884 4821 quod
1908 4742 1972 4807 Dei
1997 4743 2102 4825 provi·

1140 4814 1269 4878 dentiae
1292 4815 1423 4880 decebat
1445 4819 1529 4881 ferre
1551 4831 1733 4903 acceptum:
1756 4824 1809 4887 alii
1829 4826 2053 4910 imaginentur
2069 4849 2101 4893 se

228 4958 256 5022 ,)
273 4957 295 5008 11
312 4971 329 5005 a
346 4955 434 5008 donne
452 4972 482 5007 w
500 4956 571 5020 voix,
588 4969 623 5007 m
639 4968 744 5020 mame:
764 4971 798 5007 on
816 4955 866 5006 ,ait
884 4969 1021 5007 resonant.
1140 4901 1269 4981 propria
1299 4902 1458 4966 industria
1486 4902 1618 4986 adeptos
1640 4927 1710 4971 esse
1732 4909 1890 4991 quidquid
1913 4913 2005 4980 Deus
2029 4935 2101 4980 con·

194 5026 243 5123 'x
274 5024 378 5144 ἓιιεᾙεε
395 5024 567 5088 desolatione,
586 5039 619 5076 eu
636 5038 744 5090 morqe:
760 5039 795 5075 ou
814 5023 891 5089 qnels
909 5022 1022 5074 deserts.
1139 4986 1480 5137 {nlimtveliquidgpid
1503 4990 1542 5053 ab
1564 5011 1601 5053 ‘³⁰
1623 4993 1690 5109 {⁰1⁰
1713 4996 1891 5093 Rmfectum
1915 5010 1974 5078 est,
1998 5011 2100 5064 frans·

293 5100 397 5153 aeriter,
416 5108 449 5144 ,η
466 5108 571 5160 mm„
588 5109 623 5146 οη
641 5098 768 5158 mm,
788 5090 929 5144 dementes
947 5106 1005 5158 ⁰05·
1152 5090 1228 5133 eran
1276 5092 1295 5135 a
1349 5095 1401 5138 me
1426 5095 1472 5138 tas
1510 5095 1642 5141 causas.
1681 5079 1736 5142 alu
1773 5102 1904 5162 prorsus
1942 5096 2100 5169 stupeant.

126 4883 327 4894 ------
