4658 5856
743 1041 1459 1179 PROLEGOMENA.

255 1297 348 1380 Opus
371 1300 575 1383 exegeticum
600 1299 634 1360 in
657 1297 777 1362 librum
789 1297 1009 1377 Psalmorum‚
1028 1299 1113 1364 inter
1134 1309 1282 1366 caeteras
1293 1300 1407 1367 Nostri
1425 1302 1669 1368 lucubrationes
1687 1303 1723 1366 in
1736 1303 1845 1368 Vetus
1863 1304 2109 1370 Testamentum

98 1409 200 1493 longo
224 1411 554 1491 praestantissimum,
578 1409 742 1474 diuturnis
766 1409 836 1472 sius
859 1408 1026 1475 laboribus
1049 1420 1280 1493 praeparatum
1303 1412 1411 1478 fuerat
1433 1422 1609 1494 antequam
1641 1414 1726 1495 typis
1748 1416 1956 1497 exscriptum
1986 1416 2020 1478 in
2048 1435 2108 1497 pu·

93 1520 217 1585 blicam
242 1521 408 1602 prodierit.
455 1523 605 1586 Primum
629 1521 693 1584 iam
720 1541 806 1583 anno
832 1518 970 1584 1552111
993 1532 1086 1586 coetu
1109 1518 1293 1589 academico
1316 1524 1472 1591 lectiones
1494 1523 1642 1606 publicas
1671 1545 1772 1608 super
1802 1525 1901 1591 illum
1924 1526 2112 1608 auspicatus

93 1641 155 1708 cst,
189 1642 273 1699 teste
295 1631 473 1698 Oolladono
508 1632 543 1695 in
568 1631 646 1695 Vita
669 1630 811 1709 Uolsini,
845 1633 937 1696 cuius
970 1631 1051 1698 haec
1077 1643 1157 1698 snnt
1185 1635 1284 1700 verba
1313 1633 1413 1720 (Opp.
1444 1635 1482 1699 Τ.
1514 1633 1613 1700 XXI.
1644 1657 1674 1717 p.
1698 1635 1770 1722 75);
1804 1634 1890 1702 (leste
1920 1636 2062 1701 arrrreelo
2082 1637 2110 1701 il

93 1744 306 1824 commercari
329 1765 456 1825 eaposer
479 1764 517 1807 en
536 1742 654 1808 Pescole
675 1742 721 1806 les
744 1740 920 1806 Pseaumes
942 1748 1037 1824 ayant
1059 1743 1170 1809 ameni
1193 1746 1220 1810 le
1243 1747 1322 1810 livre
1344 1747 1382 1812 de
1407 1745 1534 1811 Genese.
1567 1746 1734 1827 Quamdiu
1758 1748 1793 1811 in
1818 1747 1879 1812 hac
1903 1748 2110 1829 expositione

95 1864 250 1920 versatus
268 1854 365 1920 fuerit
383 1856 547 1921 nescimus
566 1862 694 1919 tacente
717 1862 838 1931 autore,
862 1854 956 1918 cuius
981 1855 1095 1919 relatio
1119 1854 1212 1921 nobis
1235 1857 1323 1922 solus
1345 1858 1417 1923 fons
1439 1864 1489 1922 est
1512 1879 1552 1922 ex
1576 1878 1640 1939 quo
1663 1857 1743 1922 talia
1767 1857 1900 1923 haurire
1925 1878 2108 1940 possumus.

94 1964 134 2031 Si
157 1966 313 2031 lectiones
336 1985 411 2030 snas
436 1986 536 2048 usque
559 1964 599 2028 cd
623 1966 723 2029 finem
746 1963 819 2028 libri
843 1964 1002 2043 extendit,
1024 1967 1105 2031 satis
1128 1966 1264 2051 longum
1287 1977 1417 2051 tempus
1439 1968 1474 2031 in
1497 1989 1535 2033 oo
1558 1967 1756 2033 excutiendo
1776 1970 2023 2051 consumpsisse
2041 1989 2108 2033 cre·

99 2076 291 2155 uiderimus,
314 2097 413 2157 quum
437 2077 518 2141 istae
540 2076 698 2141 lectiones
720 2075 824 2139 multo
849 2076 957 2140 minus
980 2076 1167 2158 frequentes
1190 2087 1269 2144 tunc
1292 2080 1416 2144 luerint
1444 2099 1542 2161 quam
1574 2078 1670 2143 hodie
1698 2077 1785 2160 apud
1809 2097 1870 2143 uos
1895 2100 1965 2144 esse
1991 2079 2106 2145 solent.

252 2186 420 2269 Quidquid
447 2189 497 2263 sit,
530 2187 658 2270 integro
689 2185 830 2250 triennio
861 2187 1053 2267 interposito
1082 2186 1221 2252 eundem
1254 2188 1373 2253 librum
1405 2190 1469 2254 alia
1492 2189 1646 2254 methodo
1669 2189 1900 2271 explicandum
1935 2210 2111 2273 aggressus

96 2308 156 2375 est,
187 2298 311 2364 scilicet
341 2299 374 2360 in
406 2297 550 2362 coetibus
574 2297 637 2361 illis
661 2296 715 2378 qui
739 2297 837 2360 semel
870 2297 1009 2378 singulis
1041 2297 1294 2363 hebdomadibus
1324 2301 1358 2363 in
1390 2300 1512 2380 templo
1533 2301 1662 2363 institui
1695 2298 1854 2375 solebant,
1892 2301 1946 2365 ubi
1977 2301 2107 2383 quidem

96 2411 218 2475 caeteri
242 2430 369 2491 quoque
392 2407 483 2472 verbi
507 2408 613 2471 divini
637 2408 778 2471 ministri
803 2407 940 2472 subinde
962 2419 995 2472 ct
1018 2431 1058 2472 cx
1080 2407 1194 2473 ordine
1218 2419 1384 2474 oratorum
1414 2412 1485 2474 sive
1519 2410 1813 2474 hermeneutarum
1840 2410 1967 2475 vicibus
1989 2411 2107 2497 funge-

96 2522 226 2597 bantur,
251 2523 284 2584 in
307 2521 424 2602 quibus
447 2528 557 2583 tamon
580 2519 650 2600 ipse
674 2518 835 2583 Calvinus
857 2521 940 2581 citra
963 2518 1097 2583 dubium
1121 2522 1243 2599 primas
1266 2522 1393 2605 agebat,
1430 2529 1463 2584 et
1492 2541 1576 2602 quae
1606 2521 1646 2584 ab
1670 2521 1742 2587 aliis
1775 2521 1863 2585 dicta
1886 2531 1919 2584 et
1941 2525 2106 2605 proposita

96 2645 191 2697 erant
216 2632 268 2694 vol
291 2652 370 2696 snae
394 2630 587 2696 subiiciebat
609 2650 776 2705 censurae,
802 2630 853 2693 vel
877 2630 1033 2714 suffragio
1056 2651 1115 2695 suo
1138 2631 1346 2713 approbabat.
1383 2630 1438 2697 Sic
1461 2631 1549 2696 enim
1573 2630 1660 2695 idem
1674 2630 1878 2697 Oolladonus
1896 2633 1916 2695 l.
1937 2633 1957 2696 l.
1978 2655 2050 2717 pag.
2064 2635 2105 2699 79

96 2744 136 2808 ad
162 2765 287 2807 annum
313 2741 414 2807 1555:
438 2742 527 2806 Ponr
549 2741 592 2806 les
613 2741 778 2805 cendredis
801 2761 838 2804 en
862 2742 896 2805 la
918 2743 1135 2824 mnprepation
1157 2763 1195 2805 on
1213 2745 1281 2824 prii
1303 2742 1329 2807 le
1352 2744 1430 2807 licre
1450 2743 1505 2808 des
1529 2741 1708 2807 Pseoumes.

252 2854 323 2918 Iam
347 2856 417 2936 ipso
441 2854 502 2917 hoc
524 2874 609 2915 anno
628 2851 787 2916 Calvinus
811 2850 850 2914 dc
874 2850 999 2915 edendo
1021 2854 1257 2918 commentario
1280 2855 1312 2918 in
1326 2853 1475 2917 Psalmos
1498 2853 1584 2918 serio
1606 2854 1766 2940 cogitasse
1787 2853 1925 2918 videtur.
1958 2855 2105 2919 Primum

98 2969 196 3032 huius
220 2966 347 3030 consilii
372 2965 546 3048 vestigium
570 2963 845 3045 deprehendimus
868 2964 902 3025 in
927 2963 1064 3045 epistola
1086 2964 1156 3029 Nic.
1182 2963 1320 3028 Gallasii
1344 2964 1374 3028 d.
1397 2964 1426 3027 d.
1453 2964 1503 3028 16.
1526 2963 1615 3029 Iunii
1639 2964 1723 3029 1555
1748 2963 1805 3049 (N.
1826 2964 1926 3049 2230)
1948 2966 2002 3029 ubi
2025 2966 2106 3033 haec

99 3079 256 3162 legimus:
282 3076 462 3141 statueram
483 3074 568 3155 apud
590 3080 617 3138 te
639 3074 814 3154 relinquere
837 3094 917 3154 quae
941 3094 980 3137 ex
998 3075 1061 3138 tuis
1083 3074 1265 3139 lectionibus
1287 3075 1392 3155 excepi
1413 3076 1449 3138 in
1471 3074 1617 3140 Psalmos
1639 3076 1789 3140 Doridis.
1827 3075 1889 3140 Sed
1911 3078 2014 3142 coriis
2035 3078 2106 3143 sub

99 3190 170 3253 inde
189 3189 324 3270 nepotiis
347 3187 508 3252 districtus
530 3206 590 3250 non
613 3185 749 3249 menrine'.
797 3184 892 3249 Nunc
913 3205 986 3248 cero
1008 3186 1089 3266 qreod
1110 3205 1211 3265 nuper
1232 3186 1274 3249 ad
1296 3186 1448 3268 spondam
1470 3185 1538 3250 lecti
1561 3186 1597 3247 in
1617 3185 1765 3250 catleedra
1787 3191 1843 3250 tna
1861 3187 2010 3250 cidnsem
2028 3208 2104 3253 rron·

98 3299 185 3364 nulla
215 3319 296 3381 quae
324 3298 399 3362 olim
419 3298 454 3361 in
486 3297 606 3361 eosdem
627 3294 773 3359 Psalrnos
800 3296 985 3377 scripseras,
1016 3295 1095 3359 milri
1117 3297 1151 3359 in
1172 3304 1306 3360 urentem
1336 3296 1418 3359 veri
1433 3299 1472 3360 te
1492 3316 1623 3360 monum
1643 3296 1716 3360 buia
1738 3298 1827 3378 operi
1852 3296 1998 3362 adbibere
2019 3298 2103 3364 celle

103 3409 310 3491 Quamobrem
332 3410 458 3490 differre
480 3406 567 3472 nolui
587 3407 662 3487 quin
685 3427 754 3470 mea
776 3425 904 3485 quoque,
935 3411 992 3469 ant
1016 3407 1126 3485 potius
1154 3427 1233 3487 oreae
1261 3407 1318 3470 abs
1349 3411 1376 3471 te
1397 3405 1502 3486 baben,
1526 3408 1569 3473 ad
1591 3413 1619 3471 te
1640 3408 1801 3486 mitterem,
1824 3410 1853 3471 si
1878 3410 1928 3472 cui
1952 3409 2008 3473 tibi
2029 3412 2105 3476 usui

98 3542 162 3586 esse
184 3526 241 3586 aut
263 3520 398 3585 laborem
420 3526 507 3583 tunm
528 3517 689 3582 sublevare
708 3518 841 3597 possint.

251 3631 354 3696 Vides
377 3615 553 3696 Calvinum
577 3629 733 3693 lectiones
754 3650 831 3693 suas
854 3629 921 3692 fere
944 3651 984 3692 cx
1008 3638 1154 3710 tempore
1177 3638 1209 3691 ot
1238 3628 1340 3693 libera
1369 3629 1516 3692 oratione
1546 3629 1737 3703 instituisse,
1773 3641 1832 3693 aut
1867 3630 2013 3693 fortassis
2043 3651 2103 3712 ope

96 3744 220 3827 aliquot
232 3741 425 3808 schedarum
439 3754 470 3805 et
484 3741 761 3805 adversariorum:
785 3741 832 3804 ite
851 3750 887 3802 ut
905 3761 987 3820 quae
1005 3739 1082 3802 olim
1103 3738 1329 3821 diligentiores
1348 3739 1418 3803 siris
1436 3737 1603 3803 auditores
1622 3740 1741 3819 raptim
1761 3739 1887 3804 calamo
1906 3752 2101 3821 exceperant

96 3865 210 3939 postea
233 3857 295 3938 ipsi
319 3855 350 3917 in
375 3852 598 3917 concinnanda
621 3860 655 3914 et
676 3850 865 3930 castiganda
889 3850 1040 3915 uberiore
1064 3850 1257 3915 tractatione
1281 3850 1354 3913 usui
1378 3870 1449 3913 esse
1472 3851 1647 3932 potuerint.
1693 3846 1787 3931 Opus
1806 3850 1926 3931 ipsum,
1949 3850 2046 3933 idque
2065 3864 2101 3917 ut

97 3966 228 4031 videtur
257 3964 402 4029 nondum
435 3962 630 4033 absolutum,
658 3962 789 4025 domurn
823 3975 976 4044 vergente
1006 3982 1092 4024 anno
1118 3961 1200 4024 1556
1232 3959 1437 4043 typographo
1471 3959 1629 4024 traditum
1653 3961 1714 4023 luit
1736 3973 1769 4023 et
1792 3961 1881 4041 prelo
1906 3961 2098 4030 subiectum.

96 4075 194 4155 Quod
217 4077 336 4140 efficias
359 4095 399 4138 ex
423 4074 550 4138 duabus
574 4071 687 4136 Ambr.
711 4072 862 4137 Blaureri
885 4072 1031 4154 epistolis
1054 4092 1167 4136 mense
1190 4072 1363 4136 Decembri
1385 4069 1473 4134 illius
1498 4073 1574 4134 anni
1598 4071 1738 4153 scriptis,
1770 4071 1874 4134 altera
1903 4071 1955 4137 die
1981 4073 2100 4140 duode-

96 4189 189 4264 cima,
214 4186 317 4251 altera
341 4184 445 4268 pridie
466 4183 634 4248 Kalendas
658 4182 834 4248 lanuarias.
861 4204 944 4264 quae
967 4183 1053 4264 apud
1078 4203 1137 4247 nos
1170 4191 1302 4247 exstant
1329 4181 1390 4246 sub
1412 4183 1452 4244 N.
1477 4181 1562 4247 2559
1584 4191 1618 4245 et
1640 4181 1735 4257 2571,
1767 4194 1798 4246 et
1830 4183 1909 4248 haec
1936 4185 2099 4250 referunt:

99 4298 138 4364 Si
153 4318 237 4379 pers
259 4298 369 4378 aliqua
391 4295 682 4360 commentariorum
703 4299 826 4358 tucrum
849 4296 884 4356 in
906 4291 1050 4357 Psalmos
1072 4294 1138 4356 iam
1164 4294 1242 4373 forte
1270 4314 1383 4359 excusa
1412 4298 1465 4372 est,
1495 4314 1555 4373 per
1584 4292 1744 4357 Christum
1773 4299 1799 4357 te
1830 4293 1948 4358 obsecm
1976 4300 2012 4358 ut
2039 4316 2099 4377 per

96 4410 179 4474 bunc
198 4409 242 4475 D.
257 4407 465 4474 Franciseum
484 4405 757 4488 pharmacopolam
779 4410 919 4468 nostrum
941 4405 984 4467 ad
1001 4424 1049 4468 me
1070 4404 1222 4468 mittatur.
1257 4405 1299 4468 Et
1322 4422 1413 4467 mox:
1440 4404 1527 4484 Quod
1548 4423 1696 4468 excusam
1718 4423 1799 4469 nunc
1817 4409 1942 4483 partem
1964 4405 2098 4472 luculen-

96 4527 201 4586 torum
230 4540 266 4584 oc
295 4519 579 4584 eruditissimorum
608 4517 897 4581 commentariorum
926 4519 1052 4579 tuorum
1080 4517 1115 4578 in
1144 4514 1290 4580 Psalmos
1318 4516 1437 4579 mittere
1464 4536 1525 4580 non
1547 4535 1578 4579 es
1598 4519 1761 4598 praeatus,
1784 4516 1926 4580 mamma
1947 4518 2098 4582 maiorem

96 4633 155 4697 tibi
182 4633 322 4716 aratiam
350 4628 454 4694 babeo.
501 4628 587 4692 Nam
615 4647 715 4708 snpra
744 4646 840 4707 quam
875 4625 997 4691 credere
1020 4626 1132 4705 possis
1158 4627 1193 4689 in
1219 4626 1263 4690 iis
1292 4625 1424 4690 delitias
1477 4624 1537 4692 Ubi
1565 4628 1647 4707 quod
1673 4626 1830 4707 reliquum
1860 4626 1919 4690 erit
1947 4645 2099 4708 munao,

97 4741 285 4827 typopropbo
307 4739 429 4806 abunde
448 4740 545 4820 fece-ro
567 4739 655 4804 satis.

252 4852 392 4918 Tardius
414 4850 474 4915 hoc
503 4870 585 4933 opus
607 4850 793 4915 absolutum
824 4848 935 4924 fuisse,
969 4848 1027 4912 etsi
1059 4848 1124 4910 iam
1154 4857 1318 4943 experte
1348 4849 1434 4931 typis
1465 4847 1674 4929 descriptum,
1707 4865 1748 4910 ex
1768 4844 1905 4928 epistola
1927 4845 2033 4913 Besae
2055 4850 2097 4915 ad

99 4964 329 5048 Bullingerum
354 4963 384 5026 d.
408 4962 438 5027 d.
462 4961 513 5027 27.
538 4961 651 5026 Martii
674 4960 751 5024 anni
777 4959 859 5024 1557
883 4958 993 5043 (Thes.
1017 4957 1406 5044 neocaesareense
1428 4959 1513 5035 licet,
1542 4959 1577 5022 in
1600 4978 1663 5039 qua
1686 4957 1773 5022 inter
1795 4955 1860 5021 alia
1882 4955 1963 5022 haec
1986 4979 2099 5026 occur·

100 5090 193 5140 runt:
229 5073 383 5140 Caluinus
413 5073 650 5154 inimicissime,
679 5077 713 5134 ut
734 5072 825 5151 nosti,
859 5075 990 5135 cenonas
1019 5088 1084 5134 sese
1111 5068 1282 5133 scribendis
1308 5071 1343 5134 in
1376 5069 1520 5134 Psalmcs
1551 5067 1783 5133 eorrrmentariis
1811 5066 1947 5147 solatur,
1980 5089 2041 5151 quo
2062 5072 2098 5136 in

1856 5168 1889 5221 10
