<?xml version="1.0" encoding="UTF-8"?>
<!DOCTYPE html PUBLIC "-//W3C//DTD XHTML 1.0 Transitional//EN"
    "http://www.w3.org/TR/xhtml1/DTD/xhtml1-transitional.dtd">
<html xmlns="http://www.w3.org/1999/xhtml" xml:lang="en" lang="en">
 <head>
  <title>
</title>
<meta http-equiv="Content-Type" content="text/html;charset=utf-8" />
  <meta name='ocr-system' content='tesseract 3.04.00' />
  <meta name='ocr-capabilities' content='ocr_page ocr_carea ocr_par ocr_line ocrx_word'/>
</head>
<body>
  <div class='ocr_page' id='page_1' title='image "./corpusreformato05melagoog_0202.png"; bbox 0 0 4672 5864; ppageno 0'>
   <div class='ocr_carea' id='block_1_1' title="bbox 151 334 2147 416">
    <p class='ocr_par' dir='ltr' id='par_1_1' title="bbox 151 334 2147 416">
     <span class='ocr_line' id='line_1_1' title="bbox 151 334 2147 416; baseline 0.002 -5"><span class='ocrx_word' id='word_1_1' title='bbox 151 334 215 412; x_wconf 66' lang='lat'><strong>41?</strong></span> <span class='ocrx_word' id='word_1_2' title='bbox 984 345 1201 414; x_wconf 83' lang='lat' dir='ltr'>PSALMUS</span> <span class='ocrx_word' id='word_1_3' title='bbox 1225 346 1320 413; x_wconf 83' lang='lat' dir='ltr'><strong>XLI.</strong></span> <span class='ocrx_word' id='word_1_4' title='bbox 2084 350 2147 416; x_wconf 88' lang='grc'><strong>418</strong></span> 
     </span>
    </p>
   </div>
   <div class='ocr_carea' id='block_1_2' title="bbox 146 531 2149 1218">
    <p class='ocr_par' dir='ltr' id='par_1_2' title="bbox 147 531 2149 1132">
     <span class='ocr_line' id='line_1_2' title="bbox 150 531 2149 618; baseline 0.001 -18"><span class='ocrx_word' id='word_1_5' title='bbox 150 554 230 601; x_wconf 84' lang='lat' dir='ltr'><strong>vere</strong></span> <span class='ocrx_word' id='word_1_6' title='bbox 252 533 384 599; x_wconf 89' lang='lat' dir='ltr'><strong>demum</strong></span> <span class='ocrx_word' id='word_1_7' title='bbox 407 533 505 600; x_wconf 87' lang='lat' dir='ltr'><strong>fidem</strong></span> <span class='ocrx_word' id='word_1_8' title='bbox 524 539 668 600; x_wconf 89' lang='lat' dir='ltr'><strong>nostram</strong></span> <span class='ocrx_word' id='word_1_9' title='bbox 687 532 826 617; x_wconf 89' lang='lat' dir='ltr'><strong>probari,</strong></span> <span class='ocrx_word' id='word_1_10' title='bbox 849 535 877 599; x_wconf 89' lang='lat' dir='ltr'><strong>si</strong></span> <span class='ocrx_word' id='word_1_11' title='bbox 901 555 967 601; x_wconf 93' lang='lat' dir='ltr'><strong>non</strong></span> <span class='ocrx_word' id='word_1_12' title='bbox 989 531 1123 600; x_wconf 75' lang='lat' dir='ltr'><strong>aliunde</strong></span> <span class='ocrx_word' id='word_1_13' title='bbox 1262 536 1291 600; x_wconf 92' lang='lat'><strong>1.</strong></span> <span class='ocrx_word' id='word_1_14' title='bbox 1313 534 1473 618; x_wconf 71' lang='lat' dir='ltr'><strong><em>Praefecto</em></strong></span> <span class='ocrx_word' id='word_1_15' title='bbox 1501 535 1654 602; x_wconf 81' lang='lat' dir='ltr'><strong>cauticum</strong></span> <span class='ocrx_word' id='word_1_16' title='bbox 1682 533 1832 602; x_wconf 77' lang='lat' dir='ltr'><strong>Doridis.</strong></span> <span class='ocrx_word' id='word_1_17' title='bbox 1888 538 1918 602; x_wconf 80' lang='lat'><strong>2.</strong></span> <span class='ocrx_word' id='word_1_18' title='bbox 1943 536 2065 602; x_wconf 81' lang='lat' dir='ltr'><strong>Beatus</strong></span> <span class='ocrx_word' id='word_1_19' title='bbox 2136 539 2149 602; x_wconf 87' lang='lat' dir='ltr'><strong>i</strong></span> 
     </span>
     <span class='ocr_line' id='line_1_3' title="bbox 149 619 2147 705; baseline 0 -18"><span class='ocrx_word' id='word_1_20' title='bbox 149 640 250 705; x_wconf 83' lang='lat' dir='ltr'><strong>quam</strong></span> <span class='ocrx_word' id='word_1_21' title='bbox 272 619 314 685; x_wconf 89' lang='lat' dir='ltr'><strong>ab</strong></span> <span class='ocrx_word' id='word_1_22' title='bbox 335 639 401 684; x_wconf 92' lang='lat' dir='ltr'><strong>uno</strong></span> <span class='ocrx_word' id='word_1_23' title='bbox 423 619 496 685; x_wconf 91' lang='lat' dir='ltr'><strong>Deo</strong></span> <span class='ocrx_word' id='word_1_24' title='bbox 524 622 648 686; x_wconf 82' lang='lat' dir='ltr'><strong>servari</strong></span> <span class='ocrx_word' id='word_1_25' title='bbox 677 639 847 703; x_wconf 90' lang='lat' dir='ltr'><strong>speramus</strong></span> <span class='ocrx_word' id='word_1_26' title='bbox 874 629 933 686; x_wconf 90' lang='lat' dir='ltr'><strong>aut</strong></span> <span class='ocrx_word' id='word_1_27' title='bbox 960 621 1122 704; x_wconf 90' lang='lat' dir='ltr'><strong>cupimus.</strong></span> <span class='ocrx_word' id='word_1_28' title='bbox 1168 621 1341 703; x_wconf 70' lang='lat' dir='ltr'><em>prudenter</em></span> <span class='ocrx_word' id='word_1_29' title='bbox 1361 621 1482 688; x_wconf 81' lang='lat' dir='ltr'><strong>iudicat</strong></span> <span class='ocrx_word' id='word_1_30' title='bbox 1501 641 1598 703; x_wconf 79' lang='lat' dir='ltr'><strong>super</strong></span> <span class='ocrx_word' id='word_1_31' title='bbox 1625 622 1809 704; x_wconf 73' lang='lat' dir='ltr'><strong>egenum&#39;):</strong></span> <span class='ocrx_word' id='word_1_32' title='bbox 1838 622 1872 688; x_wconf 83' lang='lat' dir='ltr'><strong>in</strong></span> <span class='ocrx_word' id='word_1_33' title='bbox 1894 624 1947 689; x_wconf 86' lang='lat' dir='ltr'><strong>die</strong></span> <span class='ocrx_word' id='word_1_34' title='bbox 1963 623 2052 689; x_wconf 82' lang='lat' dir='ltr'><strong>molo</strong></span> <span class='ocrx_word' id='word_1_35' title='bbox 2072 623 2098 688; x_wconf 85' lang='lat' dir='ltr'><strong>ii</strong></span> <span class='ocrx_word' id='word_1_36' title='bbox 2127 660 2147 679; x_wconf 89' lang='lat'><strong>.-</strong></span> 
     </span>
     <span class='ocr_line' id='line_1_4' title="bbox 148 704 2147 791; baseline 0.001 -18"><span class='ocrx_word' id='word_1_37' title='bbox 148 705 237 773; x_wconf 83' lang='lat' dir='ltr'><strong>Nam</strong></span> <span class='ocrx_word' id='word_1_38' title='bbox 270 705 327 790; x_wconf 93' lang='lat' dir='ltr'><strong>qui</strong></span> <span class='ocrx_word' id='word_1_39' title='bbox 359 704 420 770; x_wconf 91' lang='lat' dir='ltr'><strong>sibi</strong></span> <span class='ocrx_word' id='word_1_40' title='bbox 451 705 561 770; x_wconf 82' lang='lat' dir='ltr'><strong>varias</strong></span> <span class='ocrx_word' id='word_1_41' title='bbox 588 706 811 791; x_wconf 77' lang='lat' dir='ltr'><strong>imaginantur</strong></span> <span class='ocrx_word' id='word_1_42' title='bbox 839 707 960 772; x_wconf 90' lang='lat' dir='ltr'><strong>salutes</strong></span> <span class='ocrx_word' id='word_1_43' title='bbox 996 708 1030 771; x_wconf 92' lang='lat' dir='ltr'><strong>in</strong></span> <span class='ocrx_word' id='word_1_44' title='bbox 1060 706 1122 772; x_wconf 90' lang='lat' dir='ltr'><strong>boo</strong></span> <span class='ocrx_word' id='word_1_45' title='bbox 1173 707 1257 772; x_wconf 83' lang='lat' dir='ltr'><strong>rabit</strong></span> <span class='ocrx_word' id='word_1_46' title='bbox 1267 727 1337 773; x_wconf 83' lang='lat' dir='ltr'><strong>eam</strong></span> <span class='ocrx_word' id='word_1_47' title='bbox 1347 705 1397 791; x_wconf 64' lang='lat' dir='ltr'><strong>”l</strong></span> <span class='ocrx_word' id='word_1_48' title='bbox 1421 706 1546 773; x_wconf 79' lang='lat' dir='ltr'><strong>Ieiova.</strong></span> <span class='ocrx_word' id='word_1_49' title='bbox 1578 706 1608 771; x_wconf 89' lang='lat'><strong>3.</strong></span> <span class='ocrx_word' id='word_1_50' title='bbox 1632 705 2002 788; x_wconf 66' lang='lat' dir='ltr'><strong>rememorarem,</strong></span> <span class='ocrx_word' id='word_1_51' title='bbox 2023 713 2052 773; x_wconf 88' lang='lat' dir='ltr'><strong>et</strong></span> <span class='ocrx_word' id='word_1_52' title='bbox 2068 709 2147 774; x_wconf 85' lang='lat' dir='ltr'><strong>vivi·</strong></span> 
     </span>
     <span class='ocr_line' id='line_1_5' title="bbox 148 789 2148 876; baseline 0.002 -19"><span class='ocrx_word' id='word_1_53' title='bbox 148 789 283 872; x_wconf 89' lang='lat' dir='ltr'><strong>mundo,</strong></span> <span class='ocrx_word' id='word_1_54' title='bbox 310 789 451 856; x_wconf 88' lang='lat' dir='ltr'><strong>salutem</strong></span> <span class='ocrx_word' id='word_1_55' title='bbox 474 811 570 874; x_wconf 87' lang='lat' dir='ltr'><strong>quam</strong></span> <span class='ocrx_word' id='word_1_56' title='bbox 592 813 611 857; x_wconf 90' lang='lat' dir='ltr'><strong>a</strong></span> <span class='ocrx_word' id='word_1_57' title='bbox 633 813 667 857; x_wconf 89' lang='lat' dir='ltr'><strong>se</strong></span> <span class='ocrx_word' id='word_1_58' title='bbox 689 792 757 875; x_wconf 88' lang='lat' dir='ltr'><strong>peti</strong></span> <span class='ocrx_word' id='word_1_59' title='bbox 780 792 872 857; x_wconf 86' lang='lat' dir='ltr'><strong>Deus</strong></span> <span class='ocrx_word' id='word_1_60' title='bbox 899 791 992 858; x_wconf 91' lang='lat' dir='ltr'><strong>iubet</strong></span> <span class='ocrx_word' id='word_1_61' title='bbox 1016 790 1122 876; x_wconf 87' lang='lat' dir='ltr'><strong>negli-</strong></span> <span class='ocrx_word' id='word_1_62' title='bbox 1171 791 1277 873; x_wconf 67' lang='lat' dir='ltr'><strong>tieobd</strong></span> <span class='ocrx_word' id='word_1_63' title='bbox 1296 813 1383 859; x_wconf 68' lang='lat' dir='ltr'><strong>mm:</strong></span> <span class='ocrx_word' id='word_1_64' title='bbox 1411 792 1519 858; x_wconf 83' lang='lat' dir='ltr'><strong>beatas</strong></span> <span class='ocrx_word' id='word_1_65' title='bbox 1540 794 1601 858; x_wconf 85' lang='lat' dir='ltr'><strong>erit</strong></span> <span class='ocrx_word' id='word_1_66' title='bbox 1628 793 1663 857; x_wconf 83' lang='lat' dir='ltr'><strong>ie</strong></span> <span class='ocrx_word' id='word_1_67' title='bbox 1685 797 1778 871; x_wconf 78' lang='lat' dir='ltr'><strong>terro,</strong></span> <span class='ocrx_word' id='word_1_68' title='bbox 1807 798 1837 859; x_wconf 81' lang='lat' dir='ltr'><strong>er</strong></span> <span class='ocrx_word' id='word_1_69' title='bbox 1863 814 1925 860; x_wconf 79' lang='lat' dir='ltr'><strong>noa</strong></span> <span class='ocrx_word' id='word_1_70' title='bbox 1950 793 2058 860; x_wconf 82' lang='lat' dir='ltr'><strong>trades</strong></span> <span class='ocrx_word' id='word_1_71' title='bbox 2077 814 2148 860; x_wconf 83' lang='lat' dir='ltr'><strong>eum</strong></span> 
     </span>
     <span class='ocr_line' id='line_1_6' title="bbox 147 875 2147 962; baseline 0.002 -19"><span class='ocrx_word' id='word_1_72' title='bbox 147 887 234 962; x_wconf 87' lang='lat' dir='ltr'><strong>gunt</strong></span> <span class='ocrx_word' id='word_1_73' title='bbox 254 875 308 942; x_wconf 84' lang='lat' dir='ltr'><strong>vel</strong></span> <span class='ocrx_word' id='word_1_74' title='bbox 331 886 499 961; x_wconf 90' lang='lat' dir='ltr'><strong>respuunt.</strong></span> <span class='ocrx_word' id='word_1_75' title='bbox 536 876 629 942; x_wconf 86' lang='lat' dir='ltr'><strong>Idem</strong></span> <span class='ocrx_word' id='word_1_76' title='bbox 653 877 740 944; x_wconf 86' lang='lat' dir='ltr'><strong>valet</strong></span> <span class='ocrx_word' id='word_1_77' title='bbox 761 876 847 960; x_wconf 87' lang='lat' dir='ltr'><strong>quod</strong></span> <span class='ocrx_word' id='word_1_78' title='bbox 869 878 961 961; x_wconf 89' lang='lat' dir='ltr'><strong>prius</strong></span> <span class='ocrx_word' id='word_1_79' title='bbox 983 876 1121 958; x_wconf 89' lang='lat' dir='ltr'><strong>dixerat,</strong></span> <span class='ocrx_word' id='word_1_80' title='bbox 1172 879 1328 945; x_wconf 66' lang='lat' dir='ltr'><strong>deeidam</strong></span> <span class='ocrx_word' id='word_1_81' title='bbox 1358 878 1492 945; x_wconf 71' lang='lat' dir='ltr'><strong>metum</strong></span> <span class='ocrx_word' id='word_1_82' title='bbox 1522 880 1600 944; x_wconf 81' lang='lat' dir='ltr'><strong>eius.</strong></span> <span class='ocrx_word' id='word_1_83' title='bbox 1654 879 1685 943; x_wconf 84' lang='lat'><strong>4.</strong></span> <span class='ocrx_word' id='word_1_84' title='bbox 1715 876 1832 943; x_wconf 84' lang='lat' dir='ltr'><strong>chooo</strong></span> <span class='ocrx_word' id='word_1_85' title='bbox 1863 880 1969 962; x_wconf 79' lang='lat' dir='ltr'><strong>fulciet</strong></span> <span class='ocrx_word' id='word_1_86' title='bbox 1977 881 2046 960; x_wconf 65' lang='lat' dir='ltr'><strong>l⁴⁵⁴³)</strong></span> <span class='ocrx_word' id='word_1_87' title='bbox 2076 900 2147 946; x_wconf 84' lang='lat' dir='ltr'><strong>eam</strong></span> 
     </span>
     <span class='ocr_line' id='line_1_7' title="bbox 147 961 2146 1047; baseline 0.001 -19"><span class='ocrx_word' id='word_1_88' title='bbox 147 961 260 1029; x_wconf 90' lang='lat' dir='ltr'><strong>Deum</strong></span> <span class='ocrx_word' id='word_1_89' title='bbox 282 981 455 1045; x_wconf 87' lang='lat' dir='ltr'><strong>quaerere:</strong></span> <span class='ocrx_word' id='word_1_90' title='bbox 478 962 554 1044; x_wconf 92' lang='lat' dir='ltr'><strong>quia</strong></span> <span class='ocrx_word' id='word_1_91' title='bbox 576 971 613 1029; x_wconf 92' lang='lat' dir='ltr'><strong>ut</strong></span> <span class='ocrx_word' id='word_1_92' title='bbox 633 964 706 1046; x_wconf 88' lang='lat' dir='ltr'><strong>quis</strong></span> <span class='ocrx_word' id='word_1_93' title='bbox 729 962 839 1029; x_wconf 88' lang='lat' dir='ltr'><strong>aDso</strong></span> <span class='ocrx_word' id='word_1_94' title='bbox 860 972 949 1029; x_wconf 89' lang='lat' dir='ltr'><strong>tetus</strong></span> <span class='ocrx_word' id='word_1_95' title='bbox 971 962 1121 1047; x_wconf 89' lang='lat' dir='ltr'><strong>pendeat,</strong></span> <span class='ocrx_word' id='word_1_96' title='bbox 1171 984 1267 1046; x_wconf 80' lang='lat' dir='ltr'><strong>super</strong></span> <span class='ocrx_word' id='word_1_97' title='bbox 1288 965 1396 1031; x_wconf 69' lang='lat' dir='ltr'><strong>teum</strong></span> <span class='ocrx_word' id='word_1_98' title='bbox 1416 964 1551 1030; x_wconf 83' lang='lat' dir='ltr'><strong>doloris:</strong></span> <span class='ocrx_word' id='word_1_99' title='bbox 1582 984 1669 1032; x_wconf 78' lang='lat' dir='ltr'><strong>mnae</strong></span> <span class='ocrx_word' id='word_1_100' title='bbox 1702 968 1838 1029; x_wconf 72' lang='lat' dir='ltr'><strong>ebatum</strong></span> <span class='ocrx_word' id='word_1_101' title='bbox 1869 967 1938 1032; x_wconf 84' lang='lat' dir='ltr'><strong>cias</strong></span> <span class='ocrx_word' id='word_1_102' title='bbox 1960 966 2080 1032; x_wconf 80' lang='lat' dir='ltr'><strong>vertisti</strong></span> <span class='ocrx_word' id='word_1_103' title='bbox 2112 967 2146 1031; x_wconf 83' lang='lat' dir='ltr'><strong>ia</strong></span> 
     </span>
     <span class='ocr_line' id='line_1_8' title="bbox 148 1047 1456 1132; baseline 0.002 -18"><span class='ocrx_word' id='word_1_104' title='bbox 148 1059 184 1114; x_wconf 87' lang='lat' dir='ltr'><strong>et</strong></span> <span class='ocrx_word' id='word_1_105' title='bbox 211 1048 320 1131; x_wconf 85' lang='lat' dir='ltr'><strong>cupiat</strong></span> <span class='ocrx_word' id='word_1_106' title='bbox 354 1047 424 1113; x_wconf 88' lang='lat' dir='ltr'><strong>eius</strong></span> <span class='ocrx_word' id='word_1_107' title='bbox 453 1049 558 1132; x_wconf 87' lang='lat' dir='ltr'><strong>gratia</strong></span> <span class='ocrx_word' id='word_1_108' title='bbox 585 1049 697 1114; x_wconf 88' lang='lat' dir='ltr'><strong>salvus</strong></span> <span class='ocrx_word' id='word_1_109' title='bbox 723 1070 809 1124; x_wconf 87' lang='lat' dir='ltr'><strong>ease,</strong></span> <span class='ocrx_word' id='word_1_110' title='bbox 837 1068 967 1115; x_wconf 88' lang='lat' dir='ltr'><strong>neeesse</strong></span> <span class='ocrx_word' id='word_1_111' title='bbox 996 1048 1121 1116; x_wconf 87' lang='lat' dir='ltr'><strong>abiecta</strong></span> <span class='ocrx_word' id='word_1_112' title='bbox 1172 1049 1358 1132; x_wconf 69' lang='lat' dir='ltr'><strong>infirmitate</strong></span> <span class='ocrx_word' id='word_1_113' title='bbox 1379 1051 1456 1116; x_wconf 76' lang='lat' dir='ltr'><strong>etus.</strong></span> 
     </span>
    </p>

    <p class='ocr_par' dir='ltr' id='par_1_3' title="bbox 146 1133 1122 1218">
     <span class='ocr_line' id='line_1_9' title="bbox 146 1133 1122 1218; baseline 0.001 -20"><span class='ocrx_word' id='word_1_114' title='bbox 146 1133 238 1199; x_wconf 90' lang='lat' dir='ltr'><strong>omni</strong></span> <span class='ocrx_word' id='word_1_115' title='bbox 261 1153 348 1197; x_wconf 84' lang='lat' dir='ltr'><strong>vana</strong></span> <span class='ocrx_word' id='word_1_116' title='bbox 369 1153 427 1217; x_wconf 91' lang='lat' dir='ltr'><strong>spe</strong></span> <span class='ocrx_word' id='word_1_117' title='bbox 448 1133 490 1199; x_wconf 88' lang='lat' dir='ltr'><strong>ad</strong></span> <span class='ocrx_word' id='word_1_118' title='bbox 507 1134 757 1218; x_wconf 79' lang='lat' dir='ltr'><strong>amplexandam</strong></span> <span class='ocrx_word' id='word_1_119' title='bbox 779 1135 848 1200; x_wconf 90' lang='lat' dir='ltr'><strong>eius</strong></span> <span class='ocrx_word' id='word_1_120' title='bbox 864 1134 1017 1200; x_wconf 82' lang='lat' dir='ltr'><strong>virtutem</strong></span> <span class='ocrx_word' id='word_1_121' title='bbox 1040 1135 1122 1200; x_wconf 91' lang='lat' dir='ltr'><strong>adii·</strong></span> 
     </span>
    </p>
   </div>
   <div class='ocr_carea' id='block_1_3' title="bbox 144 1219 1121 4130">
    <p class='ocr_par' dir='ltr' id='par_1_4' title="bbox 145 1219 1121 1731">
     <span class='ocr_line' id='line_1_10' title="bbox 146 1219 1120 1287; baseline 0 -1"><span class='ocrx_word' id='word_1_122' title='bbox 146 1240 222 1287; x_wconf 85' lang='lat' dir='ltr'><strong>cere</strong></span> <span class='ocrx_word' id='word_1_123' title='bbox 243 1238 357 1285; x_wconf 90' lang='lat' dir='ltr'><strong>omnes</strong></span> <span class='ocrx_word' id='word_1_124' title='bbox 379 1239 504 1285; x_wconf 90' lang='lat' dir='ltr'><strong>sensus.</strong></span> <span class='ocrx_word' id='word_1_125' title='bbox 549 1220 614 1284; x_wconf 90' lang='lat' dir='ltr'><strong>Hic</strong></span> <span class='ocrx_word' id='word_1_126' title='bbox 637 1241 753 1286; x_wconf 89' lang='lat' dir='ltr'><strong>rursus</strong></span> <span class='ocrx_word' id='word_1_127' title='bbox 781 1219 926 1286; x_wconf 89' lang='lat' dir='ltr'><strong>notanda</strong></span> <span class='ocrx_word' id='word_1_128' title='bbox 952 1230 1028 1287; x_wconf 90' lang='lat' dir='ltr'><strong>sunt</strong></span> <span class='ocrx_word' id='word_1_129' title='bbox 1056 1220 1120 1286; x_wconf 92' lang='lat' dir='ltr'><strong>duo</strong></span> 
     </span>
     <span class='ocr_line' id='line_1_11' title="bbox 145 1303 1120 1390; baseline 0 -20"><span class='ocrx_word' id='word_1_130' title='bbox 145 1303 319 1371; x_wconf 87' lang='lat' dir='ltr'><strong>antitheta.</strong></span> <span class='ocrx_word' id='word_1_131' title='bbox 358 1305 498 1371; x_wconf 77' lang='lat' dir='ltr'><strong>Dixerat</strong></span> <span class='ocrx_word' id='word_1_132' title='bbox 516 1326 629 1389; x_wconf 81' lang='lat' dir='ltr'><strong>nuper,</strong></span> <span class='ocrx_word' id='word_1_133' title='bbox 652 1306 816 1390; x_wconf 90' lang='lat' dir='ltr'><strong>improbos</strong></span> <span class='ocrx_word' id='word_1_134' title='bbox 840 1326 995 1389; x_wconf 90' lang='lat' dir='ltr'><strong>quaerere</strong></span> <span class='ocrx_word' id='word_1_135' title='bbox 1015 1307 1120 1372; x_wconf 80' lang='lat' dir='ltr'><strong>vitam</strong></span> 
     </span>
     <span class='ocr_line' id='line_1_12' title="bbox 145 1389 1118 1471; baseline -0.002 -14"><span class='ocrx_word' id='word_1_136' title='bbox 145 1411 260 1458; x_wconf 86' lang='lat' dir='ltr'><strong>suam:</strong></span> <span class='ocrx_word' id='word_1_137' title='bbox 300 1411 388 1456; x_wconf 92' lang='lat' dir='ltr'><strong>nunc</strong></span> <span class='ocrx_word' id='word_1_138' title='bbox 420 1389 570 1456; x_wconf 88' lang='lat' dir='ltr'><strong>fidelibus</strong></span> <span class='ocrx_word' id='word_1_139' title='bbox 606 1390 773 1457; x_wconf 86' lang='lat' dir='ltr'><strong>diversum</strong></span> <span class='ocrx_word' id='word_1_140' title='bbox 806 1392 959 1458; x_wconf 82' lang='lat' dir='ltr'><strong>affectum</strong></span> <span class='ocrx_word' id='word_1_141' title='bbox 994 1393 1118 1471; x_wconf 83' lang='lat' dir='ltr'><strong>tribuit,</strong></span> 
     </span>
     <span class='ocr_line' id='line_1_13' title="bbox 146 1475 1121 1561; baseline 0.001 -18"><span class='ocrx_word' id='word_1_142' title='bbox 146 1475 235 1561; x_wconf 88' lang='lat' dir='ltr'><strong>quod</strong></span> <span class='ocrx_word' id='word_1_143' title='bbox 256 1475 366 1541; x_wconf 89' lang='lat' dir='ltr'><strong>Deum</strong></span> <span class='ocrx_word' id='word_1_144' title='bbox 388 1485 557 1560; x_wconf 87' lang='lat' dir='ltr'><strong>quaerant.</strong></span> <span class='ocrx_word' id='word_1_145' title='bbox 601 1477 737 1543; x_wconf 87' lang='lat' dir='ltr'><strong>Illorum</strong></span> <span class='ocrx_word' id='word_1_146' title='bbox 760 1477 1048 1544; x_wconf 88' lang='lat' dir='ltr'><strong>subsannationem</strong></span> <span class='ocrx_word' id='word_1_147' title='bbox 1071 1500 1121 1544; x_wconf 89' lang='lat' dir='ltr'><strong>re·</strong></span> 
     </span>
     <span class='ocr_line' id='line_1_14' title="bbox 145 1562 1118 1648; baseline 0 -20"><span class='ocrx_word' id='word_1_148' title='bbox 145 1562 279 1644; x_wconf 88' lang='lat' dir='ltr'><strong>tulerat,</strong></span> <span class='ocrx_word' id='word_1_149' title='bbox 302 1562 407 1646; x_wconf 84' lang='lat' dir='ltr'><strong>Euge,</strong></span> <span class='ocrx_word' id='word_1_150' title='bbox 431 1563 541 1643; x_wconf 84' lang='lat' dir='ltr'><strong>Euge:</strong></span> <span class='ocrx_word' id='word_1_151' title='bbox 573 1562 633 1627; x_wconf 87' lang='lat' dir='ltr'><strong>hes</strong></span> <span class='ocrx_word' id='word_1_152' title='bbox 664 1564 760 1628; x_wconf 87' lang='lat' dir='ltr'><strong>aliter</strong></span> <span class='ocrx_word' id='word_1_153' title='bbox 789 1564 958 1647; x_wconf 89' lang='lat' dir='ltr'><strong>loquentes</strong></span> <span class='ocrx_word' id='word_1_154' title='bbox 980 1562 1118 1648; x_wconf 86' lang='lat' dir='ltr'><strong>inducit,</strong></span> 
     </span>
     <span class='ocr_line' id='line_1_15' title="bbox 146 1648 683 1731; baseline -0.002 -16"><span class='ocrx_word' id='word_1_155' title='bbox 146 1657 188 1715; x_wconf 84' lang='lat' dir='ltr'><strong>ut</strong></span> <span class='ocrx_word' id='word_1_156' title='bbox 207 1667 328 1728; x_wconf 61' lang='grc' dir='ltr'><strong>πωρον</strong></span> <span class='ocrx_word' id='word_1_157' title='bbox 347 1648 561 1731; x_wconf 71' lang='lat' dir='ltr'><strong>magnificetur</strong></span> <span class='ocrx_word' id='word_1_158' title='bbox 583 1649 683 1714; x_wconf 90' lang='lat' dir='ltr'><strong>Deus.</strong></span> 
     </span>
    </p>

    <p class='ocr_par' dir='ltr' id='par_1_5' title="bbox 144 1730 1120 2826">
     <span class='ocr_line' id='line_1_16' title="bbox 235 1730 1119 1819; baseline 0 -21"><span class='ocrx_word' id='word_1_159' title='bbox 235 1733 286 1799; x_wconf 90' lang='lat'><strong>18.</strong></span> <span class='ocrx_word' id='word_1_160' title='bbox 309 1730 392 1819; x_wconf 80' lang='lat' dir='ltr'><strong>(Epo</strong></span> <span class='ocrx_word' id='word_1_161' title='bbox 414 1739 517 1798; x_wconf 67' lang='lat' dir='ltr'><strong>ecam</strong></span> <span class='ocrx_word' id='word_1_162' title='bbox 534 1734 680 1818; x_wconf 79' lang='lat' dir='ltr'><strong>pauper.)</strong></span> <span class='ocrx_word' id='word_1_163' title='bbox 724 1734 764 1798; x_wconf 92' lang='lat' dir='ltr'><strong>Iu</strong></span> <span class='ocrx_word' id='word_1_164' title='bbox 786 1734 848 1801; x_wconf 79' lang='lat' dir='ltr'><strong>liae</strong></span> <span class='ocrx_word' id='word_1_165' title='bbox 877 1733 1023 1802; x_wconf 81' lang='lat' dir='ltr'><strong>clausula</strong></span> <span class='ocrx_word' id='word_1_166' title='bbox 1045 1756 1119 1818; x_wconf 83' lang='lat' dir='ltr'><strong>gra-</strong></span> 
     </span>
     <span class='ocr_line' id='line_1_17' title="bbox 145 1818 1120 1905; baseline 0.002 -21"><span class='ocrx_word' id='word_1_167' title='bbox 145 1821 267 1885; x_wconf 89' lang='lat' dir='ltr'><strong>tiarum</strong></span> <span class='ocrx_word' id='word_1_168' title='bbox 290 1818 410 1885; x_wconf 86' lang='lat' dir='ltr'><strong>actioni</strong></span> <span class='ocrx_word' id='word_1_169' title='bbox 432 1819 653 1902; x_wconf 88' lang='lat' dir='ltr'><strong>precationem</strong></span> <span class='ocrx_word' id='word_1_170' title='bbox 674 1820 805 1901; x_wconf 90' lang='lat' dir='ltr'><strong>miscet,</strong></span> <span class='ocrx_word' id='word_1_171' title='bbox 831 1841 1018 1905; x_wconf 90' lang='lat' dir='ltr'><strong>quanquam</strong></span> <span class='ocrx_word' id='word_1_172' title='bbox 1048 1821 1120 1887; x_wconf 90' lang='lat' dir='ltr'><strong>fieri</strong></span> 
     </span>
     <span class='ocr_line' id='line_1_18' title="bbox 144 1905 1118 1989; baseline 0.002 -18"><span class='ocrx_word' id='word_1_173' title='bbox 144 1913 265 1988; x_wconf 87' lang='lat' dir='ltr'><strong>petest,</strong></span> <span class='ocrx_word' id='word_1_174' title='bbox 288 1916 325 1968; x_wconf 90' lang='lat' dir='ltr'><strong>ut</strong></span> <span class='ocrx_word' id='word_1_175' title='bbox 345 1915 460 1969; x_wconf 85' lang='lat' dir='ltr'><strong>votum</strong></span> <span class='ocrx_word' id='word_1_176' title='bbox 479 1905 566 1970; x_wconf 87' lang='lat' dir='ltr'><strong>inter</strong></span> <span class='ocrx_word' id='word_1_177' title='bbox 583 1907 753 1989; x_wconf 89' lang='lat' dir='ltr'><strong>augustias</strong></span> <span class='ocrx_word' id='word_1_178' title='bbox 774 1916 964 1989; x_wconf 87' lang='lat' dir='ltr'><strong>conceptum</strong></span> <span class='ocrx_word' id='word_1_179' title='bbox 988 1906 1118 1973; x_wconf 83' lang='lat' dir='ltr'><strong>referat.</strong></span> 
     </span>
     <span class='ocr_line' id='line_1_19' title="bbox 144 1990 1120 2075; baseline 0.001 -19"><span class='ocrx_word' id='word_1_180' title='bbox 144 1992 268 2071; x_wconf 88' lang='lat' dir='ltr'><strong>Perre,</strong></span> <span class='ocrx_word' id='word_1_181' title='bbox 296 1990 425 2055; x_wconf 91' lang='lat' dir='ltr'><strong>initium</strong></span> <span class='ocrx_word' id='word_1_182' title='bbox 448 2010 565 2056; x_wconf 86' lang='lat' dir='ltr'><strong>versus</strong></span> <span class='ocrx_word' id='word_1_183' title='bbox 586 1992 633 2055; x_wconf 88' lang='lat' dir='ltr'><strong>its</strong></span> <span class='ocrx_word' id='word_1_184' title='bbox 657 1991 777 2056; x_wconf 86' lang='lat' dir='ltr'><strong>resolvi</strong></span> <span class='ocrx_word' id='word_1_185' title='bbox 806 2000 927 2075; x_wconf 90' lang='lat' dir='ltr'><strong>potest:</strong></span> <span class='ocrx_word' id='word_1_186' title='bbox 958 1992 1120 2073; x_wconf 80' lang='lat' dir='ltr'><strong>Quamvis</strong></span> 
     </span>
     <span class='ocr_line' id='line_1_20' title="bbox 144 2075 1120 2161; baseline 0.002 -20"><span class='ocrx_word' id='word_1_187' title='bbox 144 2077 248 2142; x_wconf 91' lang='lat' dir='ltr'><strong>miser</strong></span> <span class='ocrx_word' id='word_1_188' title='bbox 268 2096 372 2141; x_wconf 89' lang='lat' dir='ltr'><strong>essem</strong></span> <span class='ocrx_word' id='word_1_189' title='bbox 395 2085 428 2140; x_wconf 94' lang='lat' dir='ltr'><strong>et</strong></span> <span class='ocrx_word' id='word_1_190' title='bbox 448 2075 552 2159; x_wconf 92' lang='lat' dir='ltr'><strong>inops,</strong></span> <span class='ocrx_word' id='word_1_191' title='bbox 574 2076 667 2143; x_wconf 90' lang='lat' dir='ltr'><strong>Deus</strong></span> <span class='ocrx_word' id='word_1_192' title='bbox 689 2077 847 2161; x_wconf 85' lang='lat' dir='ltr'><strong>cogitavit</strong></span> <span class='ocrx_word' id='word_1_193' title='bbox 868 2078 909 2143; x_wconf 89' lang='lat' dir='ltr'><strong>de</strong></span> <span class='ocrx_word' id='word_1_194' title='bbox 931 2099 992 2142; x_wconf 91' lang='lat' dir='ltr'><strong>me.</strong></span> <span class='ocrx_word' id='word_1_195' title='bbox 1033 2077 1120 2158; x_wconf 78' lang='lat' dir='ltr'><strong>Quia</strong></span> 
     </span>
     <span class='ocr_line' id='line_1_21' title="bbox 144 2161 1118 2245; baseline 0.002 -18"><span class='ocrx_word' id='word_1_196' title='bbox 144 2161 236 2228; x_wconf 91' lang='lat' dir='ltr'><strong>enim</strong></span> <span class='ocrx_word' id='word_1_197' title='bbox 259 2161 454 2245; x_wconf 86' lang='lat' dir='ltr'><strong>utquisque</strong></span> <span class='ocrx_word' id='word_1_198' title='bbox 477 2161 577 2228; x_wconf 89' lang='lat' dir='ltr'><strong>miser</strong></span> <span class='ocrx_word' id='word_1_199' title='bbox 605 2173 672 2240; x_wconf 91' lang='lat' dir='ltr'><strong>est,</strong></span> <span class='ocrx_word' id='word_1_200' title='bbox 702 2161 866 2229; x_wconf 90' lang='lat' dir='ltr'><strong>amundo</strong></span> <span class='ocrx_word' id='word_1_201' title='bbox 889 2162 1118 2243; x_wconf 88' lang='lat' dir='ltr'><strong>contemnitur,</strong></span> 
     </span>
     <span class='ocr_line' id='line_1_22' title="bbox 144 2246 1116 2330; baseline 0.002 -18"><span class='ocrx_word' id='word_1_202' title='bbox 144 2249 194 2312; x_wconf 89' lang='lat' dir='ltr'><strong>ita</strong></span> <span class='ocrx_word' id='word_1_203' title='bbox 214 2247 369 2330; x_wconf 87' lang='lat' dir='ltr'><strong>fingimus</strong></span> <span class='ocrx_word' id='word_1_204' title='bbox 392 2246 464 2311; x_wconf 90' lang='lat' dir='ltr'><strong>Deo</strong></span> <span class='ocrx_word' id='word_1_205' title='bbox 493 2267 560 2312; x_wconf 91' lang='lat' dir='ltr'><strong>nen</strong></span> <span class='ocrx_word' id='word_1_206' title='bbox 590 2268 660 2314; x_wconf 90' lang='lat' dir='ltr'><strong>esse</strong></span> <span class='ocrx_word' id='word_1_207' title='bbox 681 2268 796 2315; x_wconf 89' lang='lat' dir='ltr'><strong>curae:</strong></span> <span class='ocrx_word' id='word_1_208' title='bbox 826 2248 1035 2314; x_wconf 88' lang='lat' dir='ltr'><strong>statuendum</strong></span> <span class='ocrx_word' id='word_1_209' title='bbox 1058 2260 1116 2328; x_wconf 90' lang='lat' dir='ltr'><strong>est,</strong></span> 
     </span>
     <span class='ocr_line' id='line_1_23' title="bbox 144 2333 1119 2416; baseline 0.002 -17"><span class='ocrx_word' id='word_1_210' title='bbox 144 2333 296 2399; x_wconf 89' lang='lat' dir='ltr'><strong>miserias</strong></span> <span class='ocrx_word' id='word_1_211' title='bbox 316 2344 445 2398; x_wconf 90' lang='lat' dir='ltr'><strong>nostras</strong></span> <span class='ocrx_word' id='word_1_212' title='bbox 464 2355 528 2398; x_wconf 92' lang='lat' dir='ltr'><strong>non</strong></span> <span class='ocrx_word' id='word_1_213' title='bbox 546 2354 660 2416; x_wconf 90' lang='lat' dir='ltr'><strong>parere</strong></span> <span class='ocrx_word' id='word_1_214' title='bbox 678 2334 750 2399; x_wconf 87' lang='lat' dir='ltr'><strong>Deo</strong></span> <span class='ocrx_word' id='word_1_215' title='bbox 769 2334 945 2414; x_wconf 79' lang='lat' dir='ltr'><strong>fastidium,</strong></span> <span class='ocrx_word' id='word_1_216' title='bbox 968 2340 1005 2398; x_wconf 93' lang='lat' dir='ltr'><strong>ut</strong></span> <span class='ocrx_word' id='word_1_217' title='bbox 1026 2335 1119 2401; x_wconf 90' lang='lat' dir='ltr'><strong>nobis</strong></span> 
     </span>
     <span class='ocr_line' id='line_1_24' title="bbox 144 2417 1118 2504; baseline 0.002 -20"><span class='ocrx_word' id='word_1_218' title='bbox 144 2417 319 2485; x_wconf 88' lang='lat' dir='ltr'><strong>consulere</strong></span> <span class='ocrx_word' id='word_1_219' title='bbox 351 2429 517 2501; x_wconf 81' lang='lat' dir='ltr'><strong>gravetur.</strong></span> <span class='ocrx_word' id='word_1_220' title='bbox 574 2417 629 2486; x_wconf 86' lang='lat' dir='ltr'><strong>Sic</strong></span> <span class='ocrx_word' id='word_1_221' title='bbox 663 2431 771 2484; x_wconf 85' lang='lat' dir='ltr'><strong>tamen</strong></span> <span class='ocrx_word' id='word_1_222' title='bbox 811 2421 919 2502; x_wconf 90' lang='lat' dir='ltr'><strong>potius</strong></span> <span class='ocrx_word' id='word_1_223' title='bbox 952 2419 1118 2504; x_wconf 88' lang='lat' dir='ltr'><strong>legamus:</strong></span> 
     </span>
     <span class='ocr_line' id='line_1_25' title="bbox 145 2502 1118 2589; baseline 0.002 -20"><span class='ocrx_word' id='word_1_224' title='bbox 145 2502 260 2585; x_wconf 77' lang='lat' dir='ltr'><strong>Quum</strong></span> <span class='ocrx_word' id='word_1_225' title='bbox 282 2523 342 2588; x_wconf 89' lang='lat' dir='ltr'><strong>ego</strong></span> <span class='ocrx_word' id='word_1_226' title='bbox 365 2504 463 2567; x_wconf 90' lang='lat' dir='ltr'><strong>miser</strong></span> <span class='ocrx_word' id='word_1_227' title='bbox 485 2524 522 2570; x_wconf 91' lang='lat' dir='ltr'><strong>ae</strong></span> <span class='ocrx_word' id='word_1_228' title='bbox 545 2525 668 2589; x_wconf 87' lang='lat' dir='ltr'><strong>egenus</strong></span> <span class='ocrx_word' id='word_1_229' title='bbox 689 2525 805 2584; x_wconf 88' lang='lat' dir='ltr'><strong>essem,</strong></span> <span class='ocrx_word' id='word_1_230' title='bbox 828 2506 990 2571; x_wconf 86' lang='lat' dir='ltr'><strong>Dominus</strong></span> <span class='ocrx_word' id='word_1_231' title='bbox 1012 2527 1118 2572; x_wconf 91' lang='lat' dir='ltr'><strong>meam</strong></span> 
     </span>
     <span class='ocr_line' id='line_1_26' title="bbox 144 2589 1120 2671; baseline 0.002 -16"><span class='ocrx_word' id='word_1_232' title='bbox 144 2589 373 2656; x_wconf 76' lang='lat' dir='ltr'><strong>nenessitatem</strong></span> <span class='ocrx_word' id='word_1_233' title='bbox 406 2590 571 2671; x_wconf 84' lang='lat' dir='ltr'><strong>respexit:</strong></span> <span class='ocrx_word' id='word_1_234' title='bbox 609 2601 647 2656; x_wconf 88' lang='lat' dir='ltr'><strong>ut</strong></span> <span class='ocrx_word' id='word_1_235' title='bbox 679 2589 740 2657; x_wconf 90' lang='lat' dir='ltr'><strong>hae</strong></span> <span class='ocrx_word' id='word_1_236' title='bbox 777 2591 1023 2657; x_wconf 86' lang='lat' dir='ltr'><strong>circumstantia</strong></span> <span class='ocrx_word' id='word_1_237' title='bbox 1055 2592 1120 2657; x_wconf 92' lang='lat' dir='ltr'><strong>Dei</strong></span> 
     </span>
     <span class='ocr_line' id='line_1_27' title="bbox 145 2673 1120 2826; baseline 0.004 -88"><span class='ocrx_word' id='word_1_238' title='bbox 145 2676 289 2826; x_wconf 50' lang='lat' dir='ltr'><strong>gatiam</strong></span> <span class='ocrx_word' id='word_1_239' title='bbox 310 2673 497 2758; x_wconf 88' lang='lat' dir='ltr'><strong>amplificet.</strong></span> <span class='ocrx_word' id='word_1_240' title='bbox 541 2676 627 2742; x_wconf 87' lang='lat' dir='ltr'><strong>Nam</strong></span> <span class='ocrx_word' id='word_1_241' title='bbox 649 2676 677 2740; x_wconf 89' lang='lat' dir='ltr'><strong>si</strong></span> <span class='ocrx_word' id='word_1_242' title='bbox 707 2685 834 2741; x_wconf 90' lang='lat' dir='ltr'><strong>mature</strong></span> <span class='ocrx_word' id='word_1_243' title='bbox 862 2697 924 2742; x_wconf 93' lang='lat' dir='ltr'><strong>nos</strong></span> <span class='ocrx_word' id='word_1_244' title='bbox 945 2677 1037 2742; x_wconf 89' lang='lat' dir='ltr'><strong>Deus</strong></span> <span class='ocrx_word' id='word_1_245' title='bbox 1060 2700 1120 2743; x_wconf 92' lang='lat' dir='ltr'><strong>sua</strong></span> 
     </span>
    </p>

    <p class='ocr_par' dir='ltr' id='par_1_6' title="bbox 146 2760 1121 4130">
     <span class='ocr_line' id='line_1_28' title="bbox 189 2760 1120 2845; baseline 0.003 -20"><span class='ocrx_word' id='word_1_246' title='bbox 189 2760 293 2825; x_wconf 89' lang='lat' dir='ltr'><strong>nitate</strong></span> <span class='ocrx_word' id='word_1_247' title='bbox 325 2760 554 2843; x_wconf 83' lang='lat' dir='ltr'><strong>praeveniens,</strong></span> <span class='ocrx_word' id='word_1_248' title='bbox 585 2782 652 2826; x_wconf 89' lang='lat' dir='ltr'><strong>non</strong></span> <span class='ocrx_word' id='word_1_249' title='bbox 677 2771 843 2845; x_wconf 88' lang='lat' dir='ltr'><strong>exspectat</strong></span> <span class='ocrx_word' id='word_1_250' title='bbox 872 2762 951 2827; x_wconf 94' lang='lat' dir='ltr'><strong>dum</strong></span> <span class='ocrx_word' id='word_1_251' title='bbox 980 2785 1040 2829; x_wconf 90' lang='lat' dir='ltr'><strong>uos</strong></span> <span class='ocrx_word' id='word_1_252' title='bbox 1067 2785 1120 2829; x_wconf 91' lang='lat' dir='ltr'><strong>res</strong></span> 
     </span>
     <span class='ocr_line' id='line_1_29' title="bbox 146 2846 1120 2932; baseline 0.001 -19"><span class='ocrx_word' id='word_1_253' title='bbox 146 2846 305 2913; x_wconf 80' lang='lat' dir='ltr'><strong>adversae</strong></span> <span class='ocrx_word' id='word_1_254' title='bbox 328 2858 476 2928; x_wconf 84' lang='lat' dir='ltr'><strong>urgeant,</strong></span> <span class='ocrx_word' id='word_1_255' title='bbox 506 2869 571 2914; x_wconf 90' lang='lat' dir='ltr'><strong>non</strong></span> <span class='ocrx_word' id='word_1_256' title='bbox 594 2856 660 2912; x_wconf 91' lang='lat' dir='ltr'><strong>tam</strong></span> <span class='ocrx_word' id='word_1_257' title='bbox 684 2848 770 2913; x_wconf 88' lang='lat' dir='ltr'><strong>clare</strong></span> <span class='ocrx_word' id='word_1_258' title='bbox 792 2861 927 2931; x_wconf 89' lang='lat' dir='ltr'><strong>apparet</strong></span> <span class='ocrx_word' id='word_1_259' title='bbox 948 2850 1019 2914; x_wconf 92' lang='lat' dir='ltr'><strong>eius</strong></span> <span class='ocrx_word' id='word_1_260' title='bbox 1042 2870 1120 2932; x_wconf 87' lang='lat' dir='ltr'><strong>erga</strong></span> 
     </span>
     <span class='ocr_line' id='line_1_30' title="bbox 146 2931 1119 3018; baseline 0.003 -21"><span class='ocrx_word' id='word_1_261' title='bbox 146 2952 207 2997; x_wconf 90' lang='lat' dir='ltr'><strong>nos</strong></span> <span class='ocrx_word' id='word_1_262' title='bbox 240 2932 341 2996; x_wconf 84' lang='lat' dir='ltr'><strong>lavor.</strong></span> <span class='ocrx_word' id='word_1_263' title='bbox 402 2931 496 2998; x_wconf 86' lang='lat' dir='ltr'><strong>Haec</strong></span> <span class='ocrx_word' id='word_1_264' title='bbox 534 2933 636 3016; x_wconf 92' lang='lat' dir='ltr'><strong>igitur</strong></span> <span class='ocrx_word' id='word_1_265' title='bbox 674 2935 872 3016; x_wconf 88' lang='lat' dir='ltr'><strong>comparatio</strong></span> <span class='ocrx_word' id='word_1_266' title='bbox 905 2956 970 2999; x_wconf 92' lang='lat' dir='ltr'><strong>non</strong></span> <span class='ocrx_word' id='word_1_267' title='bbox 1003 2955 1119 3018; x_wconf 91' lang='lat' dir='ltr'><strong>parum</strong></span> 
     </span>
     <span class='ocr_line' id='line_1_31' title="bbox 147 3016 1120 3103; baseline 0.004 -21"><span class='ocrx_word' id='word_1_268' title='bbox 147 3017 294 3082; x_wconf 89' lang='lat' dir='ltr'><strong>illustrat</strong></span> <span class='ocrx_word' id='word_1_269' title='bbox 314 3016 379 3083; x_wconf 89' lang='lat' dir='ltr'><strong>Dei</strong></span> <span class='ocrx_word' id='word_1_270' title='bbox 400 3017 539 3101; x_wconf 81' lang='lat' dir='ltr'><strong>gloriam</strong></span> <span class='ocrx_word' id='word_1_271' title='bbox 568 3019 602 3083; x_wconf 92' lang='lat' dir='ltr'><strong>in</strong></span> <span class='ocrx_word' id='word_1_272' title='bbox 632 3018 825 3085; x_wconf 87' lang='lat' dir='ltr'><strong>liberatione</strong></span> <span class='ocrx_word' id='word_1_273' title='bbox 847 3018 1005 3103; x_wconf 88' lang='lat' dir='ltr'><strong>Davidis,</strong></span> <span class='ocrx_word' id='word_1_274' title='bbox 1035 3020 1120 3103; x_wconf 89' lang='lat' dir='ltr'><strong>quod</strong></span> 
     </span>
     <span class='ocr_line' id='line_1_32' title="bbox 146 3101 1120 3189; baseline 0 -20"><span class='ocrx_word' id='word_1_275' title='bbox 146 3103 276 3169; x_wconf 88' lang='lat' dir='ltr'><strong>bomini</strong></span> <span class='ocrx_word' id='word_1_276' title='bbox 298 3101 449 3185; x_wconf 86' lang='lat' dir='ltr'><strong>despecte</strong></span> <span class='ocrx_word' id='word_1_277' title='bbox 480 3115 513 3169; x_wconf 89' lang='lat' dir='ltr'><strong>et</strong></span> <span class='ocrx_word' id='word_1_278' title='bbox 532 3105 580 3171; x_wconf 79' lang='lat' dir='ltr'><strong>‚ab</strong></span> <span class='ocrx_word' id='word_1_279' title='bbox 603 3104 755 3170; x_wconf 91' lang='lat' dir='ltr'><strong>omnibus</strong></span> <span class='ocrx_word' id='word_1_280' title='bbox 781 3106 913 3181; x_wconf 85' lang='lat' dir='ltr'><strong>reiecto,</strong></span> <span class='ocrx_word' id='word_1_281' title='bbox 936 3126 1060 3189; x_wconf 87' lang='lat' dir='ltr'><strong>speque</strong></span> <span class='ocrx_word' id='word_1_282' title='bbox 1086 3115 1120 3171; x_wconf 90' lang='lat' dir='ltr'><strong>et</strong></span> 
     </span>
     <span class='ocr_line' id='line_1_33' title="bbox 147 3188 1119 3273; baseline 0.001 -19"><span class='ocrx_word' id='word_1_283' title='bbox 147 3209 209 3273; x_wconf 87' lang='lat' dir='ltr'><strong>ope</strong></span> <span class='ocrx_word' id='word_1_284' title='bbox 232 3188 387 3255; x_wconf 89' lang='lat' dir='ltr'><strong>destituto</strong></span> <span class='ocrx_word' id='word_1_285' title='bbox 410 3210 543 3255; x_wconf 88' lang='lat' dir='ltr'><strong>manum</strong></span> <span class='ocrx_word' id='word_1_286' title='bbox 573 3192 740 3273; x_wconf 83' lang='lat' dir='ltr'><strong>porrigere</strong></span> <span class='ocrx_word' id='word_1_287' title='bbox 770 3190 922 3273; x_wconf 89' lang='lat' dir='ltr'><strong>dignatus</strong></span> <span class='ocrx_word' id='word_1_288' title='bbox 951 3191 1003 3255; x_wconf 88' lang='lat' dir='ltr'><strong>sit.</strong></span> <span class='ocrx_word' id='word_1_289' title='bbox 1048 3191 1119 3255; x_wconf 89' lang='lat' dir='ltr'><strong>Iam</strong></span> 
     </span>
     <span class='ocr_line' id='line_1_34' title="bbox 147 3272 1119 3358; baseline -0.001 -18"><span class='ocrx_word' id='word_1_290' title='bbox 147 3272 355 3340; x_wconf 86' lang='lat' dir='ltr'><strong>siDavidem</strong></span> <span class='ocrx_word' id='word_1_291' title='bbox 377 3273 442 3341; x_wconf 90' lang='lat' dir='ltr'><strong>hue</strong></span> <span class='ocrx_word' id='word_1_292' title='bbox 459 3276 587 3356; x_wconf 88' lang='lat' dir='ltr'><strong>inopiae</strong></span> <span class='ocrx_word' id='word_1_293' title='bbox 605 3276 710 3357; x_wconf 85' lang='lat' dir='ltr'><strong>redigi</strong></span> <span class='ocrx_word' id='word_1_294' title='bbox 733 3276 886 3358; x_wconf 88' lang='lat' dir='ltr'><strong>oportuit,</strong></span> <span class='ocrx_word' id='word_1_295' title='bbox 910 3296 976 3339; x_wconf 90' lang='lat' dir='ltr'><strong>non</strong></span> <span class='ocrx_word' id='word_1_296' title='bbox 1000 3277 1119 3342; x_wconf 92' lang='lat' dir='ltr'><strong>mirum</strong></span> 
     </span>
     <span class='ocr_line' id='line_1_35' title="bbox 148 3358 1118 3444; baseline 0.001 -18"><span class='ocrx_word' id='word_1_297' title='bbox 148 3359 179 3426; x_wconf 89' lang='lat' dir='ltr'><strong>si</strong></span> <span class='ocrx_word' id='word_1_298' title='bbox 199 3358 342 3444; x_wconf 85' lang='lat' dir='ltr'><strong>gregarii</strong></span> <span class='ocrx_word' id='word_1_299' title='bbox 359 3360 509 3426; x_wconf 91' lang='lat' dir='ltr'><strong>hemines</strong></span> <span class='ocrx_word' id='word_1_300' title='bbox 532 3358 645 3425; x_wconf 91' lang='lat' dir='ltr'><strong>eodem</strong></span> <span class='ocrx_word' id='word_1_301' title='bbox 667 3381 763 3444; x_wconf 90' lang='lat' dir='ltr'><strong>saepe</strong></span> <span class='ocrx_word' id='word_1_302' title='bbox 782 3359 876 3425; x_wconf 90' lang='lat' dir='ltr'><strong>medo</strong></span> <span class='ocrx_word' id='word_1_303' title='bbox 895 3360 1118 3437; x_wconf 86' lang='lat' dir='ltr'><strong>humilientur,</strong></span> 
     </span>
     <span class='ocr_line' id='line_1_36' title="bbox 147 3445 1120 3530; baseline 0.003 -20"><span class='ocrx_word' id='word_1_304' title='bbox 147 3467 213 3529; x_wconf 91' lang='lat' dir='ltr'><strong>quo</strong></span> <span class='ocrx_word' id='word_1_305' title='bbox 234 3446 379 3511; x_wconf 89' lang='lat' dir='ltr'><strong>sentiant</strong></span> <span class='ocrx_word' id='word_1_306' title='bbox 409 3456 442 3509; x_wconf 91' lang='lat' dir='ltr'><strong>et</strong></span> <span class='ocrx_word' id='word_1_307' title='bbox 470 3446 556 3512; x_wconf 89' lang='lat' dir='ltr'><strong>serio</strong></span> <span class='ocrx_word' id='word_1_308' title='bbox 585 3456 765 3530; x_wconf 87' lang='lat' dir='ltr'><strong>agnoscant</strong></span> <span class='ocrx_word' id='word_1_309' title='bbox 793 3445 858 3511; x_wconf 92' lang='lat' dir='ltr'><strong>Dei</strong></span> <span class='ocrx_word' id='word_1_310' title='bbox 887 3467 988 3510; x_wconf 88' lang='lat' dir='ltr'><strong>manu</strong></span> <span class='ocrx_word' id='word_1_311' title='bbox 1015 3469 1049 3512; x_wconf 91' lang='lat' dir='ltr'><strong>se</strong></span> <span class='ocrx_word' id='word_1_312' title='bbox 1078 3469 1120 3512; x_wconf 90' lang='lat' dir='ltr'><strong>ex</strong></span> 
     </span>
     <span class='ocr_line' id='line_1_37' title="bbox 148 3530 1121 3616; baseline 0.004 -20"><span class='ocrx_word' id='word_1_313' title='bbox 148 3532 376 3614; x_wconf 82' lang='lat' dir='ltr'><strong>desperatione</strong></span> <span class='ocrx_word' id='word_1_314' title='bbox 398 3533 499 3597; x_wconf 82' lang='lat' dir='ltr'><strong>luisse</strong></span> <span class='ocrx_word' id='word_1_315' title='bbox 519 3542 658 3616; x_wconf 82' lang='lat' dir='ltr'><strong>ereptos.</strong></span> <span class='ocrx_word' id='word_1_316' title='bbox 694 3531 898 3597; x_wconf 89' lang='lat' dir='ltr'><strong>Precatinnis</strong></span> <span class='ocrx_word' id='word_1_317' title='bbox 920 3530 1061 3614; x_wconf 82' lang='lat' dir='ltr'><strong>simplex</strong></span> <span class='ocrx_word' id='word_1_318' title='bbox 1083 3553 1121 3600; x_wconf 89' lang='lat' dir='ltr'><strong>ae</strong></span> 
     </span>
     <span class='ocr_line' id='line_1_38' title="bbox 148 3616 1120 3702; baseline 0.001 -19"><span class='ocrx_word' id='word_1_319' title='bbox 148 3618 313 3702; x_wconf 89' lang='lat' dir='ltr'><strong>genuinus</strong></span> <span class='ocrx_word' id='word_1_320' title='bbox 335 3616 389 3684; x_wconf 93' lang='lat' dir='ltr'><strong>hic</strong></span> <span class='ocrx_word' id='word_1_321' title='bbox 418 3639 533 3684; x_wconf 88' lang='lat' dir='ltr'><strong>seusus</strong></span> <span class='ocrx_word' id='word_1_322' title='bbox 565 3627 631 3695; x_wconf 88' lang='lat' dir='ltr'><strong>est,</strong></span> <span class='ocrx_word' id='word_1_323' title='bbox 664 3617 807 3682; x_wconf 90' lang='lat' dir='ltr'><strong>Domine</strong></span> <span class='ocrx_word' id='word_1_324' title='bbox 829 3617 987 3682; x_wconf 87' lang='lat' dir='ltr'><strong>auxilium</strong></span> <span class='ocrx_word' id='word_1_325' title='bbox 1009 3638 1120 3684; x_wconf 93' lang='lat' dir='ltr'><strong>meum</strong></span> 
     </span>
     <span class='ocr_line' id='line_1_39' title="bbox 148 3702 879 3788; baseline -0.005 -19"><span class='ocrx_word' id='word_1_326' title='bbox 148 3725 184 3769; x_wconf 88' lang='lat' dir='ltr'><strong>aa</strong></span> <span class='ocrx_word' id='word_1_327' title='bbox 206 3712 240 3768; x_wconf 91' lang='lat' dir='ltr'><strong>et</strong></span> <span class='ocrx_word' id='word_1_328' title='bbox 261 3702 417 3769; x_wconf 88' lang='lat' dir='ltr'><strong>liberator</strong></span> <span class='ocrx_word' id='word_1_329' title='bbox 438 3724 546 3769; x_wconf 90' lang='lat' dir='ltr'><strong>meus:</strong></span> <span class='ocrx_word' id='word_1_330' title='bbox 569 3724 647 3788; x_wconf 89' lang='lat' dir='ltr'><strong>ergo</strong></span> <span class='ocrx_word' id='word_1_331' title='bbox 669 3725 711 3768; x_wconf 89' lang='lat' dir='ltr'><strong>ne</strong></span> <span class='ocrx_word' id='word_1_332' title='bbox 733 3704 879 3768; x_wconf 89' lang='lat' dir='ltr'><strong>moreris.</strong></span> 
     </span>
     <span class='ocr_line' id='line_1_40' title="bbox 149 3788 1121 3856; baseline 0.001 -2"><span class='ocrx_word' id='word_1_333' title='bbox 149 3788 249 3856; x_wconf 92' lang='lat' dir='ltr'><strong>dubie</strong></span> <span class='ocrx_word' id='word_1_334' title='bbox 276 3800 309 3855; x_wconf 89' lang='lat' dir='ltr'><strong>et</strong></span> <span class='ocrx_word' id='word_1_335' title='bbox 338 3788 507 3855; x_wconf 75' lang='lat' dir='ltr'><strong>vacillanti</strong></span> <span class='ocrx_word' id='word_1_336' title='bbox 537 3790 645 3855; x_wconf 91' lang='lat' dir='ltr'><strong>animo</strong></span> <span class='ocrx_word' id='word_1_337' title='bbox 675 3788 717 3855; x_wconf 88' lang='lat' dir='ltr'><strong>ad</strong></span> <span class='ocrx_word' id='word_1_338' title='bbox 745 3789 853 3853; x_wconf 89' lang='lat' dir='ltr'><strong>Deum</strong></span> <span class='ocrx_word' id='word_1_339' title='bbox 883 3788 1036 3856; x_wconf 87' lang='lat' dir='ltr'><strong>accedere</strong></span> <span class='ocrx_word' id='word_1_340' title='bbox 1065 3791 1121 3855; x_wconf 92' lang='lat' dir='ltr'><strong>ab·</strong></span> 
     </span>
     <span class='ocr_line' id='line_1_41' title="bbox 149 3873 1121 3959; baseline 0 -19"><span class='ocrx_word' id='word_1_341' title='bbox 149 3875 288 3941; x_wconf 89' lang='lat' dir='ltr'><strong>surdum</strong></span> <span class='ocrx_word' id='word_1_342' title='bbox 322 3883 381 3950; x_wconf 90' lang='lat' dir='ltr'><strong>est,</strong></span> <span class='ocrx_word' id='word_1_343' title='bbox 415 3874 568 3940; x_wconf 89' lang='lat' dir='ltr'><strong>fiduciam</strong></span> <span class='ocrx_word' id='word_1_344' title='bbox 601 3877 641 3941; x_wconf 88' lang='lat' dir='ltr'><strong>ab</strong></span> <span class='ocrx_word' id='word_1_345' title='bbox 674 3875 877 3959; x_wconf 89' lang='lat' dir='ltr'><strong>experientia</strong></span> <span class='ocrx_word' id='word_1_346' title='bbox 909 3873 1034 3958; x_wconf 87' lang='lat' dir='ltr'><strong>eolligit</strong></span> <span class='ocrx_word' id='word_1_347' title='bbox 1061 3897 1121 3940; x_wconf 90' lang='lat' dir='ltr'><strong>suo</strong></span> 
     </span>
     <span class='ocr_line' id='line_1_42' title="bbox 149 3959 1121 4042; baseline 0.002 -17"><span class='ocrx_word' id='word_1_348' title='bbox 149 3981 251 4039; x_wconf 92' lang='lat' dir='ltr'><strong>more,</strong></span> <span class='ocrx_word' id='word_1_349' title='bbox 274 3960 401 4042; x_wconf 87' lang='lat' dir='ltr'><strong>sibique</strong></span> <span class='ocrx_word' id='word_1_350' title='bbox 422 3960 610 4042; x_wconf 85' lang='lat' dir='ltr'><strong>persuadet,</strong></span> <span class='ocrx_word' id='word_1_351' title='bbox 642 3960 704 4026; x_wconf 93' lang='lat' dir='ltr'><strong>sibi</strong></span> <span class='ocrx_word' id='word_1_352' title='bbox 733 3961 868 4025; x_wconf 91' lang='lat' dir='ltr'><strong>minime</strong></span> <span class='ocrx_word' id='word_1_353' title='bbox 897 3959 1007 4026; x_wconf 82' lang='lat' dir='ltr'><strong>delore</strong></span> <span class='ocrx_word' id='word_1_354' title='bbox 1029 3963 1121 4027; x_wconf 85' lang='lat' dir='ltr'><strong>auxi·</strong></span> 
     </span>
     <span class='ocr_line' id='line_1_43' title="bbox 149 4045 751 4130; baseline -0.002 -19"><span class='ocrx_word' id='word_1_355' title='bbox 149 4045 232 4112; x_wconf 90' lang='lat' dir='ltr'><strong>lium</strong></span> <span class='ocrx_word' id='word_1_356' title='bbox 254 4066 319 4130; x_wconf 90' lang='lat' dir='ltr'><strong>quo</strong></span> <span class='ocrx_word' id='word_1_357' title='bbox 343 4046 500 4112; x_wconf 89' lang='lat' dir='ltr'><strong>haetenus</strong></span> <span class='ocrx_word' id='word_1_358' title='bbox 522 4056 671 4113; x_wconf 85' lang='lat' dir='ltr'><strong>servatus</strong></span> <span class='ocrx_word' id='word_1_359' title='bbox 693 4056 751 4112; x_wconf 89' lang='lat' dir='ltr'><strong>est.</strong></span> 
     </span>
    </p>
   </div>
   <div class='ocr_carea' id='block_1_4' title="bbox 475 4470 800 4542">
    <p class='ocr_par' dir='ltr' id='par_1_7' title="bbox 475 4470 800 4542">
     <span class='ocr_line' id='line_1_44' title="bbox 475 4470 800 4542; baseline 0.009 -3"><span class='ocrx_word' id='word_1_360' title='bbox 475 4470 683 4542; x_wconf 65' lang='lat' dir='ltr'><strong>esuritis</strong></span> <span class='ocrx_word' id='word_1_361' title='bbox 704 4472 800 4542; x_wconf 80' lang='lat' dir='ltr'><strong>XLI.</strong></span> 
     </span>
    </p>
   </div>
   <div class='ocr_carea' id='block_1_5' title="bbox 153 4695 1126 5316">
    <p class='ocr_par' dir='ltr' id='par_1_8' title="bbox 153 4695 1126 5316">
     <span class='ocr_line' id='line_1_45' title="bbox 153 4695 1124 4766; baseline -0.001 -16"><span class='ocrx_word' id='word_1_362' title='bbox 153 4696 235 4751; x_wconf 80' lang='lat' dir='ltr'><strong>ABG.</strong></span> <span class='ocrx_word' id='word_1_363' title='bbox 257 4697 344 4761; x_wconf 85' lang='lat' dir='ltr'><strong>Quum</strong></span> <span class='ocrx_word' id='word_1_364' title='bbox 358 4695 444 4749; x_wconf 80' lang='lat' dir='ltr'><strong>David</strong></span> <span class='ocrx_word' id='word_1_365' title='bbox 461 4714 542 4750; x_wconf 88' lang='lat' dir='ltr'><strong>manu</strong></span> <span class='ocrx_word' id='word_1_366' title='bbox 556 4695 606 4750; x_wconf 91' lang='lat' dir='ltr'><strong>Dei</strong></span> <span class='ocrx_word' id='word_1_367' title='bbox 624 4697 745 4762; x_wconf 85' lang='lat' dir='ltr'><strong>graviter</strong></span> <span class='ocrx_word' id='word_1_368' title='bbox 762 4697 877 4750; x_wconf 81' lang='lat' dir='ltr'><strong>sillictus</strong></span> <span class='ocrx_word' id='word_1_369' title='bbox 894 4697 995 4766; x_wconf 91' lang='lat' dir='ltr'><strong>iniquis</strong></span> <span class='ocrx_word' id='word_1_370' title='bbox 1012 4713 1042 4750; x_wconf 88' lang='lat' dir='ltr'><strong>se</strong></span> <span class='ocrx_word' id='word_1_371' title='bbox 1057 4697 1124 4749; x_wconf 93' lang='lat' dir='ltr'><strong>mul·</strong></span> 
     </span>
     <span class='ocr_line' id='line_1_46' title="bbox 256 4765 1124 4836; baseline 0.001 -18"><span class='ocrx_word' id='word_1_372' title='bbox 256 4772 348 4820; x_wconf 90' lang='lat' dir='ltr'><strong>torum</strong></span> <span class='ocrx_word' id='word_1_373' title='bbox 365 4765 469 4819; x_wconf 89' lang='lat' dir='ltr'><strong>iudiciis</strong></span> <span class='ocrx_word' id='word_1_374' title='bbox 487 4767 575 4836; x_wconf 88' lang='lat' dir='ltr'><strong>premi</strong></span> <span class='ocrx_word' id='word_1_375' title='bbox 594 4767 706 4831; x_wconf 84' lang='lat' dir='ltr'><strong>videret,</strong></span> <span class='ocrx_word' id='word_1_376' title='bbox 732 4782 763 4817; x_wconf 84' lang='lat' dir='ltr'><strong>ac</strong></span> <span class='ocrx_word' id='word_1_377' title='bbox 789 4767 811 4819; x_wconf 92' lang='lat' dir='ltr'><strong>si</strong></span> <span class='ocrx_word' id='word_1_378' title='bbox 834 4767 888 4818; x_wconf 89' lang='lat' dir='ltr'><strong>iam</strong></span> <span class='ocrx_word' id='word_1_379' title='bbox 911 4777 1022 4820; x_wconf 88' lang='lat' dir='ltr'><strong>aeterno</strong></span> <span class='ocrx_word' id='word_1_380' title='bbox 1040 4766 1124 4819; x_wconf 88' lang='lat' dir='ltr'><strong>exitio</strong></span> 
     </span>
     <span class='ocr_line' id='line_1_47' title="bbox 257 4834 1125 4903; baseline -0.001 -16"><span class='ocrx_word' id='word_1_381' title='bbox 257 4834 373 4887; x_wconf 86' lang='lat' dir='ltr'><strong>devotus</strong></span> <span class='ocrx_word' id='word_1_382' title='bbox 390 4841 463 4887; x_wconf 90' lang='lat' dir='ltr'><strong>esset</strong></span> <span class='ocrx_word' id='word_1_383' title='bbox 481 4842 562 4903; x_wconf 83' lang='lat' dir='ltr'><strong>etque</strong></span> <span class='ocrx_word' id='word_1_384' title='bbox 581 4835 717 4888; x_wconf 87' lang='lat' dir='ltr'><strong>addictus:</strong></span> <span class='ocrx_word' id='word_1_385' title='bbox 741 4843 835 4887; x_wconf 89' lang='lat' dir='ltr'><strong>contra</strong></span> <span class='ocrx_word' id='word_1_386' title='bbox 859 4836 928 4888; x_wconf 90' lang='lat' dir='ltr'><strong>hanc</strong></span> <span class='ocrx_word' id='word_1_387' title='bbox 945 4836 1125 4889; x_wconf 89' lang='lat' dir='ltr'><strong>tentationem</strong></span> 
     </span>
     <span class='ocr_line' id='line_1_48' title="bbox 257 4903 1125 5023; baseline 0.001 -69"><span class='ocrx_word' id='word_1_388' title='bbox 257 4903 318 5023; x_wconf 58' lang='lat' dir='ltr'><strong>ppei</strong></span> <span class='ocrx_word' id='word_1_389' title='bbox 334 4903 516 4957; x_wconf 85' lang='lat' dir='ltr'><strong>consolatione</strong></span> <span class='ocrx_word' id='word_1_390' title='bbox 534 4920 564 4956; x_wconf 88' lang='lat' dir='ltr'><strong>se</strong></span> <span class='ocrx_word' id='word_1_391' title='bbox 581 4904 676 4957; x_wconf 89' lang='lat' dir='ltr'><strong>munit.</strong></span> <span class='ocrx_word' id='word_1_392' title='bbox 704 4903 886 4971; x_wconf 82' lang='lat' dir='ltr'><strong>Conqueritur</strong></span> <span class='ocrx_word' id='word_1_393' title='bbox 902 4903 1007 4957; x_wconf 85' lang='lat' dir='ltr'><strong>interea</strong></span> <span class='ocrx_word' id='word_1_394' title='bbox 1024 4904 1125 4972; x_wconf 88' lang='lat' dir='ltr'><strong>partim</strong></span> 
     </span>
     <span class='ocr_line' id='line_1_49' title="bbox 277 4970 1126 5041; baseline 0.001 -17"><span class='ocrx_word' id='word_1_395' title='bbox 277 4987 293 5024; x_wconf 93' lang='lat' dir='ltr'><strong>e</strong></span> <span class='ocrx_word' id='word_1_396' title='bbox 316 4970 478 5024; x_wconf 84' lang='lat' dir='ltr'><strong>erudelitate</strong></span> <span class='ocrx_word' id='word_1_397' title='bbox 500 4971 534 5025; x_wconf 88' lang='lat' dir='ltr'><strong>de</strong></span> <span class='ocrx_word' id='word_1_398' title='bbox 557 4972 669 5041; x_wconf 86' lang='lat' dir='ltr'><strong>perfidia</strong></span> <span class='ocrx_word' id='word_1_399' title='bbox 691 4972 808 5026; x_wconf 87' lang='lat' dir='ltr'><strong>hostium</strong></span> <span class='ocrx_word' id='word_1_400' title='bbox 833 4989 950 5026; x_wconf 87' lang='lat' dir='ltr'><strong>suorum.</strong></span> <span class='ocrx_word' id='word_1_401' title='bbox 986 4974 1023 5026; x_wconf 79' lang='lat' dir='ltr'><strong>m</strong></span> <span class='ocrx_word' id='word_1_402' title='bbox 1041 4989 1126 5041; x_wconf 84' lang='lat' dir='ltr'><strong>quan·</strong></span> 
     </span>
     <span class='ocr_line' id='line_1_50' title="bbox 258 5040 1124 5111; baseline 0.003 -19"><span class='ocrx_word' id='word_1_403' title='bbox 258 5056 339 5108; x_wconf 90' lang='lat' dir='ltr'><strong>quam</strong></span> <span class='ocrx_word' id='word_1_404' title='bbox 362 5040 485 5108; x_wconf 86' lang='lat' dir='ltr'><strong>agnoscit</strong></span> <span class='ocrx_word' id='word_1_405' title='bbox 507 5040 540 5094; x_wconf 92' lang='lat' dir='ltr'><strong>de</strong></span> <span class='ocrx_word' id='word_1_406' title='bbox 566 5042 621 5093; x_wconf 89' lang='lat' dir='ltr'><strong>suis</strong></span> <span class='ocrx_word' id='word_1_407' title='bbox 644 5042 761 5111; x_wconf 88' lang='lat' dir='ltr'><strong>peccatis</strong></span> <span class='ocrx_word' id='word_1_408' title='bbox 785 5042 884 5094; x_wconf 85' lang='lat' dir='ltr'><strong>instem</strong></span> <span class='ocrx_word' id='word_1_409' title='bbox 908 5043 977 5095; x_wconf 91' lang='lat' dir='ltr'><strong>sumi</strong></span> <span class='ocrx_word' id='word_1_410' title='bbox 996 5058 1124 5111; x_wconf 87' lang='lat' dir='ltr'><strong>poenam,</strong></span> 
     </span>
     <span class='ocr_line' id='line_1_51' title="bbox 258 5109 1125 5179; baseline 0.002 -17"><span class='ocrx_word' id='word_1_411' title='bbox 258 5124 352 5162; x_wconf 87' lang='lat' dir='ltr'><strong>eorum</strong></span> <span class='ocrx_word' id='word_1_412' title='bbox 374 5116 465 5162; x_wconf 84' lang='lat' dir='ltr'><strong>tamen</strong></span> <span class='ocrx_word' id='word_1_413' title='bbox 491 5109 621 5163; x_wconf 86' lang='lat' dir='ltr'><strong>malitiam</strong></span> <span class='ocrx_word' id='word_1_414' title='bbox 644 5116 764 5172; x_wconf 86' lang='lat' dir='ltr'><strong>accusat,</strong></span> <span class='ocrx_word' id='word_1_415' title='bbox 797 5111 870 5179; x_wconf 92' lang='lat' dir='ltr'><strong>quod</strong></span> <span class='ocrx_word' id='word_1_416' title='bbox 897 5111 1034 5164; x_wconf 87' lang='lat' dir='ltr'><strong>huminem</strong></span> <span class='ocrx_word' id='word_1_417' title='bbox 1057 5112 1125 5165; x_wconf 90' lang='lat' dir='ltr'><strong>bene</strong></span> 
     </span>
     <span class='ocr_line' id='line_1_52' title="bbox 258 5177 1125 5249; baseline 0.003 -19"><span class='ocrx_word' id='word_1_418' title='bbox 258 5178 386 5232; x_wconf 89' lang='lat' dir='ltr'><strong>meritum</strong></span> <span class='ocrx_word' id='word_1_419' title='bbox 411 5177 449 5230; x_wconf 91' lang='lat' dir='ltr'><strong>im</strong></span> <span class='ocrx_word' id='word_1_420' title='bbox 469 5178 534 5231; x_wconf 89' lang='lat' dir='ltr'><strong>robe</strong></span> <span class='ocrx_word' id='word_1_421' title='bbox 562 5184 700 5231; x_wconf 85' lang='lat' dir='ltr'><strong>vexarent.</strong></span> <span class='ocrx_word' id='word_1_422' title='bbox 745 5179 888 5234; x_wconf 85' lang='lat' dir='ltr'><strong>Postremo</strong></span> <span class='ocrx_word' id='word_1_423' title='bbox 916 5180 1125 5249; x_wconf 85' lang='lat' dir='ltr'><strong>gratulationem</strong></span> 
     </span>
     <span class='ocr_line' id='line_1_53' title="bbox 259 5246 880 5316; baseline 0.006 -18"><span class='ocrx_word' id='word_1_424' title='bbox 259 5246 366 5316; x_wconf 83' lang='lat' dir='ltr'><strong>attexit,</strong></span> <span class='ocrx_word' id='word_1_425' title='bbox 384 5264 421 5316; x_wconf 89' lang='lat' dir='ltr'><strong>qn</strong></span> <span class='ocrx_word' id='word_1_426' title='bbox 474 5252 598 5300; x_wconf 83' lang='lat' dir='ltr'><strong>servatus</strong></span> <span class='ocrx_word' id='word_1_427' title='bbox 616 5248 699 5300; x_wconf 79' lang='lat' dir='ltr'><strong>inerit</strong></span> <span class='ocrx_word' id='word_1_428' title='bbox 716 5248 766 5300; x_wconf 90' lang='lat' dir='ltr'><strong>Dei</strong></span> <span class='ocrx_word' id='word_1_429' title='bbox 783 5251 880 5316; x_wconf 88' lang='lat' dir='ltr'><strong>gratia.</strong></span> 
     </span>
    </p>
   </div>
   <div class='ocr_carea' id='block_1_6' title="bbox 227 5348 666 5418">
    <p class='ocr_par' dir='ltr' id='par_1_9' title="bbox 227 5348 666 5418">
     <span class='ocr_line' id='line_1_54' title="bbox 227 5348 666 5418; baseline -0.002 -14"><span class='ocrx_word' id='word_1_430' title='bbox 227 5348 338 5404; x_wconf 66' lang='lat' dir='ltr'><strong>Calbim</strong></span> <span class='ocrx_word' id='word_1_431' title='bbox 355 5364 449 5418; x_wconf 82' lang='lat' dir='ltr'><strong>opere.</strong></span> <span class='ocrx_word' id='word_1_432' title='bbox 479 5348 538 5405; x_wconf 84' lang='lat' dir='ltr'><strong>Vol.</strong></span> <span class='ocrx_word' id='word_1_433' title='bbox 551 5349 666 5404; x_wconf 86' lang='lat' dir='ltr'><strong><em>XXXI.</em></strong></span> 
     </span>
    </p>
   </div>
   <div class='ocr_carea' id='block_1_7' title="bbox 924 3700 1204 3783">
    <p class='ocr_par' dir='ltr' id='par_1_10' title="bbox 924 3700 1204 3783">
     <span class='ocr_line' id='line_1_55' title="bbox 924 3700 1204 3783; baseline 0.011 -16"><span class='ocrx_word' id='word_1_434' title='bbox 924 3700 1010 3783; x_wconf 82' lang='lat' dir='ltr'><strong>Quia</strong></span> <span class='ocrx_word' id='word_1_435' title='bbox 1032 3705 1120 3770; x_wconf 91' lang='lat' dir='ltr'><strong>enim</strong></span> <span class='ocrx_word' id='word_1_436' title='bbox 1198 3758 1204 3770; x_wconf 92' lang='lat'><strong>.</strong></span> 
     </span>
    </p>
   </div>
   <div class='ocr_carea' id='block_1_8' title="bbox 1170 1271 2149 4951">
    <p class='ocr_par' dir='ltr' id='par_1_11' title="bbox 1170 1271 2149 4951">
     <span class='ocr_line' id='line_1_56' title="bbox 1257 1271 2145 1360; baseline 0 -21"><span class='ocrx_word' id='word_1_437' title='bbox 1257 1275 1287 1339; x_wconf 77' lang='lat'><strong>2.</strong></span> <span class='ocrx_word' id='word_1_438' title='bbox 1309 1272 1444 1360; x_wconf 79' lang='lat' dir='ltr'><strong>(Beatos</strong></span> <span class='ocrx_word' id='word_1_439' title='bbox 1465 1274 1521 1356; x_wconf 82' lang='lat' dir='ltr'><strong>qai</strong></span> <span class='ocrx_word' id='word_1_440' title='bbox 1536 1274 1715 1356; x_wconf 61' lang='lat' dir='ltr'><strong>maer,</strong></span> <span class='ocrx_word' id='word_1_441' title='bbox 1739 1274 1804 1358; x_wconf 86' lang='lat' dir='ltr'><strong>eto.)</strong></span> <span class='ocrx_word' id='word_1_442' title='bbox 1849 1271 1958 1357; x_wconf 89' lang='lat' dir='ltr'><strong>Vulgo</strong></span> <span class='ocrx_word' id='word_1_443' title='bbox 1976 1274 2071 1338; x_wconf 91' lang='lat' dir='ltr'><strong>multi</strong></span> <span class='ocrx_word' id='word_1_444' title='bbox 2094 1274 2145 1339; x_wconf 90' lang='lat' dir='ltr'><strong>in·</strong></span> 
     </span>
     <span class='ocr_line' id='line_1_57' title="bbox 1172 1358 2144 1445; baseline -0.001 -20"><span class='ocrx_word' id='word_1_445' title='bbox 1172 1370 1332 1445; x_wconf 88' lang='lat' dir='ltr'><strong>terpretes</strong></span> <span class='ocrx_word' id='word_1_446' title='bbox 1361 1359 1487 1425; x_wconf 89' lang='lat' dir='ltr'><strong>laudari</strong></span> <span class='ocrx_word' id='word_1_447' title='bbox 1518 1368 1636 1441; x_wconf 89' lang='lat' dir='ltr'><strong>putant</strong></span> <span class='ocrx_word' id='word_1_448' title='bbox 1664 1359 1879 1425; x_wconf 88' lang='lat' dir='ltr'><strong>humanitatis</strong></span> <span class='ocrx_word' id='word_1_449' title='bbox 1907 1358 2032 1438; x_wconf 87' lang='lat' dir='ltr'><strong>officia,</strong></span> <span class='ocrx_word' id='word_1_450' title='bbox 2066 1358 2144 1424; x_wconf 93' lang='lat' dir='ltr'><strong>dum</strong></span> 
     </span>
     <span class='ocr_line' id='line_1_58' title="bbox 1171 1443 2145 1512; baseline 0 0"><span class='ocrx_word' id='word_1_451' title='bbox 1171 1467 1268 1512; x_wconf 89' lang='lat' dir='ltr'><strong>curae</strong></span> <span class='ocrx_word' id='word_1_452' title='bbox 1290 1457 1367 1511; x_wconf 90' lang='lat' dir='ltr'><strong>sunt</strong></span> <span class='ocrx_word' id='word_1_453' title='bbox 1384 1446 1496 1511; x_wconf 92' lang='lat' dir='ltr'><strong>miseri</strong></span> <span class='ocrx_word' id='word_1_454' title='bbox 1516 1445 1664 1510; x_wconf 89' lang='lat' dir='ltr'><strong>homines</strong></span> <span class='ocrx_word' id='word_1_455' title='bbox 1682 1456 1715 1510; x_wconf 92' lang='lat' dir='ltr'><strong>et</strong></span> <span class='ocrx_word' id='word_1_456' title='bbox 1735 1445 1903 1510; x_wconf 88' lang='lat' dir='ltr'><strong>iuvantur.</strong></span> <span class='ocrx_word' id='word_1_457' title='bbox 1941 1443 2008 1510; x_wconf 88' lang='lat' dir='ltr'><strong>Sed</strong></span> <span class='ocrx_word' id='word_1_458' title='bbox 2025 1445 2145 1512; x_wconf 89' lang='lat' dir='ltr'><strong>rectius</strong></span> 
     </span>
     <span class='ocr_line' id='line_1_59' title="bbox 1172 1529 2144 1614; baseline -0.002 -17"><span class='ocrx_word' id='word_1_459' title='bbox 1172 1533 1227 1597; x_wconf 89' lang='lat' dir='ltr'><strong>alii</strong></span> <span class='ocrx_word' id='word_1_460' title='bbox 1239 1529 1579 1614; x_wconf 86' lang='lat' dir='ltr'><strong>expenduntDavidis</strong></span> <span class='ocrx_word' id='word_1_461' title='bbox 1591 1531 1774 1611; x_wconf 89' lang='lat' dir='ltr'><strong>consilium,</strong></span> <span class='ocrx_word' id='word_1_462' title='bbox 1797 1530 1884 1614; x_wconf 91' lang='lat' dir='ltr'><strong>quod</strong></span> <span class='ocrx_word' id='word_1_463' title='bbox 1897 1531 2144 1597; x_wconf 88' lang='lat' dir='ltr'><strong>seiliceteorum</strong></span> 
     </span>
     <span class='ocr_line' id='line_1_60' title="bbox 1171 1613 2145 1701; baseline -0.004 -17"><span class='ocrx_word' id='word_1_464' title='bbox 1171 1621 1367 1701; x_wconf 89' lang='lat' dir='ltr'><strong>aequitatem</strong></span> <span class='ocrx_word' id='word_1_465' title='bbox 1390 1616 1509 1696; x_wconf 88' lang='lat' dir='ltr'><strong>laudet,</strong></span> <span class='ocrx_word' id='word_1_466' title='bbox 1532 1618 1588 1698; x_wconf 91' lang='lat' dir='ltr'><strong>qui</strong></span> <span class='ocrx_word' id='word_1_467' title='bbox 1611 1613 1791 1699; x_wconf 89' lang='lat' dir='ltr'><strong>prudenter</strong></span> <span class='ocrx_word' id='word_1_468' title='bbox 1813 1626 1846 1681; x_wconf 91' lang='lat' dir='ltr'><strong>et</strong></span> <span class='ocrx_word' id='word_1_469' title='bbox 1868 1614 2036 1682; x_wconf 90' lang='lat' dir='ltr'><strong>moderate</strong></span> <span class='ocrx_word' id='word_1_470' title='bbox 2058 1614 2145 1682; x_wconf 89' lang='lat' dir='ltr'><strong>iudi·</strong></span> 
     </span>
     <span class='ocr_line' id='line_1_61' title="bbox 1171 1700 2144 1784; baseline -0.005 -14"><span class='ocrx_word' id='word_1_471' title='bbox 1171 1713 1247 1770; x_wconf 89' lang='lat' dir='ltr'><strong>cant</strong></span> <span class='ocrx_word' id='word_1_472' title='bbox 1276 1702 1316 1767; x_wconf 91' lang='lat' dir='ltr'><strong>de</strong></span> <span class='ocrx_word' id='word_1_473' title='bbox 1338 1701 1526 1767; x_wconf 89' lang='lat' dir='ltr'><strong>hominibus</strong></span> <span class='ocrx_word' id='word_1_474' title='bbox 1556 1700 1696 1768; x_wconf 82' lang='lat' dir='ltr'><strong>afflictis.</strong></span> <span class='ocrx_word' id='word_1_475' title='bbox 1732 1702 1801 1768; x_wconf 91' lang='lat' dir='ltr'><strong>Nee</strong></span> <span class='ocrx_word' id='word_1_476' title='bbox 1824 1721 1902 1767; x_wconf 83' lang='lat' dir='ltr'><strong>vero</strong></span> <span class='ocrx_word' id='word_1_477' title='bbox 1925 1701 2019 1767; x_wconf 89' lang='lat' dir='ltr'><strong>aliter</strong></span> <span class='ocrx_word' id='word_1_478' title='bbox 2042 1701 2144 1784; x_wconf 87' lang='lat' dir='ltr'><strong>aeeipi</strong></span> 
     </span>
     <span class='ocr_line' id='line_1_62' title="bbox 1170 1786 2142 1874; baseline -0.005 -19"><span class='ocrx_word' id='word_1_479' title='bbox 1170 1797 1279 1874; x_wconf 89' lang='lat' dir='ltr'><strong>potest</strong></span> <span class='ocrx_word' id='word_1_480' title='bbox 1308 1789 1517 1871; x_wconf 89' lang='lat' dir='ltr'><strong>participium</strong></span> <span class='ocrx_word' id='word_1_481' title='bbox 1547 1787 1688 1872; x_wconf 56' lang='lat' dir='ltr'><strong>binum.</strong></span> <span class='ocrx_word' id='word_1_482' title='bbox 1738 1787 1806 1853; x_wconf 84' lang='lat' dir='ltr'><strong>Sed</strong></span> <span class='ocrx_word' id='word_1_483' title='bbox 1838 1788 2014 1852; x_wconf 89' lang='lat' dir='ltr'><strong>tenendum</strong></span> <span class='ocrx_word' id='word_1_484' title='bbox 2044 1786 2142 1852; x_wconf 90' lang='lat' dir='ltr'><strong>simul</strong></span> 
     </span>
     <span class='ocr_line' id='line_1_63' title="bbox 1170 1872 2144 1955; baseline -0.004 -15"><span class='ocrx_word' id='word_1_485' title='bbox 1170 1891 1219 1941; x_wconf 89' lang='lat' dir='ltr'><strong>est</strong></span> <span class='ocrx_word' id='word_1_486' title='bbox 1241 1897 1300 1940; x_wconf 92' lang='lat' dir='ltr'><strong>cur</strong></span> <span class='ocrx_word' id='word_1_487' title='bbox 1321 1873 1431 1940; x_wconf 90' lang='lat' dir='ltr'><strong>David</strong></span> <span class='ocrx_word' id='word_1_488' title='bbox 1455 1874 1565 1938; x_wconf 92' lang='lat' dir='ltr'><strong>beatos</strong></span> <span class='ocrx_word' id='word_1_489' title='bbox 1586 1894 1658 1938; x_wconf 87' lang='lat' dir='ltr'><strong>esse</strong></span> <span class='ocrx_word' id='word_1_490' title='bbox 1675 1873 1866 1955; x_wconf 89' lang='lat' dir='ltr'><strong>pronuntiet</strong></span> <span class='ocrx_word' id='word_1_491' title='bbox 1887 1874 1942 1955; x_wconf 93' lang='lat' dir='ltr'><strong>qui</strong></span> <span class='ocrx_word' id='word_1_492' title='bbox 1965 1872 2144 1955; x_wconf 88' lang='lat' dir='ltr'><strong>prudenter</strong></span> 
     </span>
     <span class='ocr_line' id='line_1_64' title="bbox 1171 1957 2142 2043; baseline -0.005 -16"><span class='ocrx_word' id='word_1_493' title='bbox 1171 1981 1315 2043; x_wconf 90' lang='lat' dir='ltr'><strong>sanaque</strong></span> <span class='ocrx_word' id='word_1_494' title='bbox 1343 1959 1563 2042; x_wconf 89' lang='lat' dir='ltr'><strong>intelligentia</strong></span> <span class='ocrx_word' id='word_1_495' title='bbox 1591 1962 1771 2024; x_wconf 89' lang='lat' dir='ltr'><strong>aestimant</strong></span> <span class='ocrx_word' id='word_1_496' title='bbox 1799 1958 1864 2025; x_wconf 93' lang='lat' dir='ltr'><strong>Dei</strong></span> <span class='ocrx_word' id='word_1_497' title='bbox 1893 1958 2028 2035; x_wconf 87' lang='lat' dir='ltr'><strong>ferulas,</strong></span> <span class='ocrx_word' id='word_1_498' title='bbox 2064 1957 2142 2023; x_wconf 89' lang='lat' dir='ltr'><strong>dum</strong></span> 
     </span>
     <span class='ocr_line' id='line_1_65' title="bbox 1170 2043 2143 2129; baseline -0.004 -16"><span class='ocrx_word' id='word_1_499' title='bbox 1170 2068 1282 2113; x_wconf 81' lang='lat' dir='ltr'><strong>servos</strong></span> <span class='ocrx_word' id='word_1_500' title='bbox 1303 2066 1380 2110; x_wconf 90' lang='lat' dir='ltr'><strong>suos</strong></span> <span class='ocrx_word' id='word_1_501' title='bbox 1402 2046 1549 2129; x_wconf 85' lang='lat' dir='ltr'><strong>castigat.</strong></span> <span class='ocrx_word' id='word_1_502' title='bbox 1593 2043 1765 2121; x_wconf 87' lang='lat' dir='ltr'><strong>Diximus,</strong></span> <span class='ocrx_word' id='word_1_503' title='bbox 1789 2056 1953 2110; x_wconf 86' lang='lat' dir='ltr'><strong>certamen</strong></span> <span class='ocrx_word' id='word_1_504' title='bbox 1975 2043 2022 2108; x_wconf 92' lang='lat' dir='ltr'><strong>illi</strong></span> <span class='ocrx_word' id='word_1_505' title='bbox 2045 2043 2143 2109; x_wconf 88' lang='lat' dir='ltr'><strong>fuisse</strong></span> 
     </span>
     <span class='ocr_line' id='line_1_66' title="bbox 1170 2128 2145 2214; baseline -0.006 -15"><span class='ocrx_word' id='word_1_506' title='bbox 1170 2153 1244 2200; x_wconf 92' lang='lat' dir='ltr'><strong>eum</strong></span> <span class='ocrx_word' id='word_1_507' title='bbox 1267 2132 1484 2214; x_wconf 87' lang='lat' dir='ltr'><strong>praeposteris</strong></span> <span class='ocrx_word' id='word_1_508' title='bbox 1505 2128 1650 2195; x_wconf 90' lang='lat' dir='ltr'><strong>iudiciis:</strong></span> <span class='ocrx_word' id='word_1_509' title='bbox 1680 2132 1758 2213; x_wconf 92' lang='lat' dir='ltr'><strong>quia</strong></span> <span class='ocrx_word' id='word_1_510' title='bbox 1788 2151 1890 2214; x_wconf 92' lang='lat' dir='ltr'><strong>quum</strong></span> <span class='ocrx_word' id='word_1_511' title='bbox 1913 2128 2040 2195; x_wconf 90' lang='lat' dir='ltr'><strong>duriter</strong></span> <span class='ocrx_word' id='word_1_512' title='bbox 2068 2150 2145 2194; x_wconf 90' lang='lat' dir='ltr'><strong>eum</strong></span> 
     </span>
     <span class='ocr_line' id='line_1_67' title="bbox 1170 2213 2144 2300; baseline 0 -19"><span class='ocrx_word' id='word_1_513' title='bbox 1170 2229 1305 2300; x_wconf 90' lang='lat' dir='ltr'><strong>urgeret</strong></span> <span class='ocrx_word' id='word_1_514' title='bbox 1327 2216 1475 2296; x_wconf 84' lang='lat' dir='ltr'><strong>afflietio,</strong></span> <span class='ocrx_word' id='word_1_515' title='bbox 1504 2224 1663 2299; x_wconf 89' lang='lat' dir='ltr'><strong>putarunt</strong></span> <span class='ocrx_word' id='word_1_516' title='bbox 1690 2216 1787 2282; x_wconf 90' lang='lat' dir='ltr'><strong>multi</strong></span> <span class='ocrx_word' id='word_1_517' title='bbox 1816 2213 1979 2298; x_wconf 88' lang='lat' dir='ltr'><strong>perditum</strong></span> <span class='ocrx_word' id='word_1_518' title='bbox 2007 2236 2078 2282; x_wconf 88' lang='lat' dir='ltr'><strong>esse</strong></span> <span class='ocrx_word' id='word_1_519' title='bbox 2107 2235 2144 2281; x_wconf 91' lang='lat' dir='ltr'><strong>ao</strong></span> 
     </span>
     <span class='ocr_line' id='line_1_68' title="bbox 1171 2300 2145 2384; baseline -0.003 -17"><span class='ocrx_word' id='word_1_520' title='bbox 1171 2303 1390 2384; x_wconf 88' lang='lat' dir='ltr'><strong>desperatum.</strong></span> <span class='ocrx_word' id='word_1_521' title='bbox 1425 2300 1539 2383; x_wconf 90' lang='lat' dir='ltr'><strong>Neque</strong></span> <span class='ocrx_word' id='word_1_522' title='bbox 1562 2300 1650 2366; x_wconf 92' lang='lat' dir='ltr'><strong>enim</strong></span> <span class='ocrx_word' id='word_1_523' title='bbox 1673 2300 1809 2367; x_wconf 92' lang='lat' dir='ltr'><strong>dubium</strong></span> <span class='ocrx_word' id='word_1_524' title='bbox 1832 2312 1884 2366; x_wconf 92' lang='lat' dir='ltr'><strong>est</strong></span> <span class='ocrx_word' id='word_1_525' title='bbox 1905 2300 1992 2365; x_wconf 87' lang='lat' dir='ltr'><strong>idem</strong></span> <span class='ocrx_word' id='word_1_526' title='bbox 2016 2303 2044 2365; x_wconf 89' lang='lat' dir='ltr'><strong>ei</strong></span> <span class='ocrx_word' id='word_1_527' title='bbox 2067 2320 2145 2367; x_wconf 90' lang='lat' dir='ltr'><strong>con·</strong></span> 
     </span>
     <span class='ocr_line' id='line_1_69' title="bbox 1170 2386 2144 2472; baseline -0.004 -19"><span class='ocrx_word' id='word_1_528' title='bbox 1170 2389 1286 2472; x_wconf 88' lang='lat' dir='ltr'><strong>tigisse</strong></span> <span class='ocrx_word' id='word_1_529' title='bbox 1304 2388 1391 2470; x_wconf 94' lang='lat' dir='ltr'><strong>quod</strong></span> <span class='ocrx_word' id='word_1_530' title='bbox 1412 2398 1527 2451; x_wconf 89' lang='lat' dir='ltr'><strong>saneto</strong></span> <span class='ocrx_word' id='word_1_531' title='bbox 1544 2386 1614 2462; x_wconf 93' lang='lat' dir='ltr'><strong>Iob,</strong></span> <span class='ocrx_word' id='word_1_532' title='bbox 1636 2407 1732 2469; x_wconf 84' lang='lat' dir='ltr'><strong>quem</strong></span> <span class='ocrx_word' id='word_1_533' title='bbox 1751 2388 1846 2452; x_wconf 91' lang='lat' dir='ltr'><strong>amici</strong></span> <span class='ocrx_word' id='word_1_534' title='bbox 1865 2387 2013 2453; x_wconf 82' lang='lat' dir='ltr'><strong>severius</strong></span> <span class='ocrx_word' id='word_1_535' title='bbox 2035 2406 2055 2450; x_wconf 91' lang='lat' dir='ltr'><strong>a</strong></span> <span class='ocrx_word' id='word_1_536' title='bbox 2073 2387 2144 2452; x_wconf 91' lang='lat' dir='ltr'><strong>Deo</strong></span> 
     </span>
     <span class='ocr_line' id='line_1_70' title="bbox 1171 2471 2143 2552; baseline -0.003 -13"><span class='ocrx_word' id='word_1_537' title='bbox 1171 2473 1307 2539; x_wconf 90' lang='lat' dir='ltr'><strong>tractari</strong></span> <span class='ocrx_word' id='word_1_538' title='bbox 1329 2472 1488 2552; x_wconf 87' lang='lat' dir='ltr'><strong>videntes,</strong></span> <span class='ocrx_word' id='word_1_539' title='bbox 1511 2471 1658 2536; x_wconf 89' lang='lat' dir='ltr'><strong>omnium</strong></span> <span class='ocrx_word' id='word_1_540' title='bbox 1680 2473 1970 2538; x_wconf 88' lang='lat' dir='ltr'><strong>sceleratissimum</strong></span> <span class='ocrx_word' id='word_1_541' title='bbox 1988 2472 2143 2536; x_wconf 89' lang='lat' dir='ltr'><strong>iudicant.</strong></span> 
     </span>
     <span class='ocr_line' id='line_1_71' title="bbox 1171 2557 2145 2633; baseline -0.005 -8"><span class='ocrx_word' id='word_1_542' title='bbox 1171 2560 1216 2625; x_wconf 83' lang='lat' dir='ltr'><strong>Et</strong></span> <span class='ocrx_word' id='word_1_543' title='bbox 1238 2579 1317 2625; x_wconf 88' lang='lat' dir='ltr'><strong>saue</strong></span> <span class='ocrx_word' id='word_1_544' title='bbox 1338 2559 1400 2624; x_wconf 92' lang='lat' dir='ltr'><strong>boe</strong></span> <span class='ocrx_word' id='word_1_545' title='bbox 1428 2558 1527 2624; x_wconf 89' lang='lat' dir='ltr'><strong>nimis</strong></span> <span class='ocrx_word' id='word_1_546' title='bbox 1555 2578 1727 2623; x_wconf 88' lang='lat' dir='ltr'><strong>commune</strong></span> <span class='ocrx_word' id='word_1_547' title='bbox 1747 2559 1867 2623; x_wconf 80' lang='lat' dir='ltr'><strong>vitium</strong></span> <span class='ocrx_word' id='word_1_548' title='bbox 1889 2567 1954 2633; x_wconf 91' lang='lat' dir='ltr'><strong>est,</strong></span> <span class='ocrx_word' id='word_1_549' title='bbox 1983 2567 2020 2622; x_wconf 93' lang='lat' dir='ltr'><strong>ut</strong></span> <span class='ocrx_word' id='word_1_550' title='bbox 2042 2557 2145 2622; x_wconf 90' lang='lat' dir='ltr'><strong>maior</strong></span> 
     </span>
     <span class='ocr_line' id='line_1_72' title="bbox 1171 2641 2146 2728; baseline -0.001 -19"><span class='ocrx_word' id='word_1_551' title='bbox 1171 2666 1249 2728; x_wconf 92' lang='lat' dir='ltr'><strong>pars</strong></span> <span class='ocrx_word' id='word_1_552' title='bbox 1267 2645 1438 2710; x_wconf 89' lang='lat' dir='ltr'><strong>hominnm</strong></span> <span class='ocrx_word' id='word_1_553' title='bbox 1456 2643 1593 2708; x_wconf 90' lang='lat' dir='ltr'><strong>miseros</strong></span> <span class='ocrx_word' id='word_1_554' title='bbox 1610 2644 1710 2709; x_wconf 90' lang='lat' dir='ltr'><strong>exitio</strong></span> <span class='ocrx_word' id='word_1_555' title='bbox 1728 2643 1901 2709; x_wconf 80' lang='lat' dir='ltr'><strong>adiudicat.</strong></span> <span class='ocrx_word' id='word_1_556' title='bbox 1938 2641 2024 2707; x_wconf 90' lang='lat' dir='ltr'><strong>Nam</strong></span> <span class='ocrx_word' id='word_1_557' title='bbox 2047 2642 2146 2708; x_wconf 87' lang='lat' dir='ltr'><strong>sicuti</strong></span> 
     </span>
     <span class='ocr_line' id='line_1_73' title="bbox 1172 2727 2146 2813; baseline -0.002 -18"><span class='ocrx_word' id='word_1_558' title='bbox 1172 2729 1327 2796; x_wconf 86' lang='lat' dir='ltr'><strong>divitibus</strong></span> <span class='ocrx_word' id='word_1_559' title='bbox 1357 2737 1391 2794; x_wconf 89' lang='lat' dir='ltr'><strong>et</strong></span> <span class='ocrx_word' id='word_1_560' title='bbox 1420 2729 1493 2793; x_wconf 90' lang='lat' dir='ltr'><strong>aliis</strong></span> <span class='ocrx_word' id='word_1_561' title='bbox 1522 2727 1639 2811; x_wconf 89' lang='lat' dir='ltr'><strong>quibus</strong></span> <span class='ocrx_word' id='word_1_562' title='bbox 1668 2749 1823 2813; x_wconf 90' lang='lat' dir='ltr'><strong>prospera</strong></span> <span class='ocrx_word' id='word_1_563' title='bbox 1849 2728 1985 2809; x_wconf 19' lang='lat' dir='ltr'><strong>,fortuna</strong></span> <span class='ocrx_word' id='word_1_564' title='bbox 2014 2729 2146 2807; x_wconf 86' lang='lat' dir='ltr'><strong>arridet,</strong></span> 
     </span>
     <span class='ocr_line' id='line_1_74' title="bbox 1173 2815 2146 2901; baseline -0.002 -20"><span class='ocrx_word' id='word_1_565' title='bbox 1173 2816 1292 2901; x_wconf 87' lang='lat' dir='ltr'><strong>vulgus</strong></span> <span class='ocrx_word' id='word_1_566' title='bbox 1314 2835 1444 2897; x_wconf 90' lang='lat' dir='ltr'><strong>quoque</strong></span> <span class='ocrx_word' id='word_1_567' title='bbox 1462 2815 1632 2879; x_wconf 92' lang='lat' dir='ltr'><strong>hominum</strong></span> <span class='ocrx_word' id='word_1_568' title='bbox 1655 2815 1832 2897; x_wconf 86' lang='lat' dir='ltr'><strong>applaudit,</strong></span> <span class='ocrx_word' id='word_1_569' title='bbox 1856 2815 1920 2879; x_wconf 93' lang='lat' dir='ltr'><strong>Dei</strong></span> <span class='ocrx_word' id='word_1_570' title='bbox 1941 2815 2086 2879; x_wconf 89' lang='lat' dir='ltr'><strong>favorem</strong></span> <span class='ocrx_word' id='word_1_571' title='bbox 2104 2835 2146 2879; x_wconf 90' lang='lat' dir='ltr'><strong>ex</strong></span> 
     </span>
     <span class='ocr_line' id='line_1_75' title="bbox 1172 2900 2146 2969; baseline -0.003 -2"><span class='ocrx_word' id='word_1_572' title='bbox 1172 2900 1294 2969; x_wconf 89' lang='lat' dir='ltr'><strong>oaduaa</strong></span> <span class='ocrx_word' id='word_1_573' title='bbox 1316 2900 1471 2966; x_wconf 87' lang='lat' dir='ltr'><strong>felicitate</strong></span> <span class='ocrx_word' id='word_1_574' title='bbox 1492 2902 1686 2966; x_wconf 90' lang='lat' dir='ltr'><strong>aestimans:</strong></span> <span class='ocrx_word' id='word_1_575' title='bbox 1710 2903 1756 2966; x_wconf 91' lang='lat' dir='ltr'><strong>sie</strong></span> <span class='ocrx_word' id='word_1_576' title='bbox 1777 2910 1811 2965; x_wconf 92' lang='lat' dir='ltr'><strong>et</strong></span> <span class='ocrx_word' id='word_1_577' title='bbox 1829 2901 1957 2966; x_wconf 89' lang='lat' dir='ltr'><strong>miseris</strong></span> <span class='ocrx_word' id='word_1_578' title='bbox 1976 2908 2146 2964; x_wconf 90' lang='lat' dir='ltr'><strong>contume-</strong></span> 
     </span>
     <span class='ocr_line' id='line_1_76' title="bbox 1172 2985 2147 3068; baseline -0.002 -18"><span class='ocrx_word' id='word_1_579' title='bbox 1172 2989 1252 3053; x_wconf 89' lang='lat' dir='ltr'><strong>liose</strong></span> <span class='ocrx_word' id='word_1_580' title='bbox 1274 2985 1426 3063; x_wconf 90' lang='lat' dir='ltr'><strong>insultat,</strong></span> <span class='ocrx_word' id='word_1_581' title='bbox 1448 2986 1697 3051; x_wconf 88' lang='lat' dir='ltr'><strong>attemereDeo</strong></span> <span class='ocrx_word' id='word_1_582' title='bbox 1721 3007 1920 3052; x_wconf 86' lang='lat' dir='ltr'><strong>exososesse</strong></span> <span class='ocrx_word' id='word_1_583' title='bbox 1936 2987 2147 3068; x_wconf 89' lang='lat' dir='ltr'><strong>imaginatur,</strong></span> 
     </span>
     <span class='ocr_line' id='line_1_77' title="bbox 1174 3070 2145 3157; baseline -0.004 -19"><span class='ocrx_word' id='word_1_584' title='bbox 1174 3075 1250 3157; x_wconf 90' lang='lat' dir='ltr'><strong>quia</strong></span> <span class='ocrx_word' id='word_1_585' title='bbox 1282 3071 1348 3136; x_wconf 93' lang='lat' dir='ltr'><strong>illis</strong></span> <span class='ocrx_word' id='word_1_586' title='bbox 1376 3091 1443 3134; x_wconf 93' lang='lat' dir='ltr'><strong>non</strong></span> <span class='ocrx_word' id='word_1_587' title='bbox 1477 3078 1545 3135; x_wconf 88' lang='lat' dir='ltr'><strong>tam</strong></span> <span class='ocrx_word' id='word_1_588' title='bbox 1578 3070 1754 3135; x_wconf 90' lang='lat' dir='ltr'><strong>clementer</strong></span> <span class='ocrx_word' id='word_1_589' title='bbox 1788 3072 1891 3153; x_wconf 89' lang='lat' dir='ltr'><strong>parcit</strong></span> <span class='ocrx_word' id='word_1_590' title='bbox 1922 3081 1960 3134; x_wconf 92' lang='lat' dir='ltr'><strong>ut</strong></span> <span class='ocrx_word' id='word_1_591' title='bbox 1987 3071 2145 3152; x_wconf 90' lang='lat' dir='ltr'><strong>reprobis.</strong></span> 
     </span>
     <span class='ocr_line' id='line_1_78' title="bbox 1173 3155 2147 3238; baseline -0.002 -16"><span class='ocrx_word' id='word_1_592' title='bbox 1173 3159 1266 3223; x_wconf 88' lang='lat' dir='ltr'><strong>Haeo</strong></span> <span class='ocrx_word' id='word_1_593' title='bbox 1299 3156 1385 3221; x_wconf 87' lang='lat' dir='ltr'><strong>mala</strong></span> <span class='ocrx_word' id='word_1_594' title='bbox 1415 3168 1448 3220; x_wconf 89' lang='lat' dir='ltr'><strong>et</strong></span> <span class='ocrx_word' id='word_1_595' title='bbox 1469 3155 1600 3221; x_wconf 89' lang='lat' dir='ltr'><strong>sinistre</strong></span> <span class='ocrx_word' id='word_1_596' title='bbox 1630 3155 1796 3222; x_wconf 91' lang='lat' dir='ltr'><strong>iudicandi</strong></span> <span class='ocrx_word' id='word_1_597' title='bbox 1829 3156 1977 3238; x_wconf 86' lang='lat' dir='ltr'><strong>pravitas</strong></span> <span class='ocrx_word' id='word_1_598' title='bbox 2008 3155 2147 3220; x_wconf 90' lang='lat' dir='ltr'><strong>saeculis</strong></span> 
     </span>
     <span class='ocr_line' id='line_1_79' title="bbox 1173 3239 2147 3324; baseline -0.003 -16"><span class='ocrx_word' id='word_1_599' title='bbox 1173 3242 1324 3308; x_wconf 92' lang='lat' dir='ltr'><strong>omnibus</strong></span> <span class='ocrx_word' id='word_1_600' title='bbox 1353 3242 1515 3324; x_wconf 81' lang='lat' dir='ltr'><strong>regnavit.</strong></span> <span class='ocrx_word' id='word_1_601' title='bbox 1567 3241 1724 3306; x_wconf 81' lang='lat' dir='ltr'><strong>(llamitat</strong></span> <span class='ocrx_word' id='word_1_602' title='bbox 1752 3244 1873 3324; x_wconf 87' lang='lat' dir='ltr'><strong>passim</strong></span> <span class='ocrx_word' id='word_1_603' title='bbox 1896 3239 1989 3305; x_wconf 91' lang='lat' dir='ltr'><strong>Deus</strong></span> <span class='ocrx_word' id='word_1_604' title='bbox 2017 3261 2052 3305; x_wconf 87' lang='lat' dir='ltr'><strong>sc</strong></span> <span class='ocrx_word' id='word_1_605' title='bbox 2074 3240 2147 3323; x_wconf 90' lang='lat' dir='ltr'><strong>plu·</strong></span> 
     </span>
     <span class='ocr_line' id='line_1_80' title="bbox 1172 3325 2147 3409; baseline 0 -17"><span class='ocrx_word' id='word_1_606' title='bbox 1172 3329 1263 3393; x_wconf 87' lang='lat' dir='ltr'><strong>ribus</strong></span> <span class='ocrx_word' id='word_1_607' title='bbox 1286 3327 1326 3390; x_wconf 92' lang='lat' dir='ltr'><strong>de</strong></span> <span class='ocrx_word' id='word_1_608' title='bbox 1348 3326 1454 3392; x_wconf 89' lang='lat' dir='ltr'><strong>causis</strong></span> <span class='ocrx_word' id='word_1_609' title='bbox 1471 3327 1610 3409; x_wconf 90' lang='lat' dir='ltr'><strong>probare</strong></span> <span class='ocrx_word' id='word_1_610' title='bbox 1628 3326 1740 3393; x_wconf 90' lang='lat' dir='ltr'><strong>fideles</strong></span> <span class='ocrx_word' id='word_1_611' title='bbox 1757 3328 1854 3392; x_wconf 92' lang='lat' dir='ltr'><strong>rebus</strong></span> <span class='ocrx_word' id='word_1_612' title='bbox 1876 3325 2035 3404; x_wconf 85' lang='lat' dir='ltr'><strong>adversis,</strong></span> <span class='ocrx_word' id='word_1_613' title='bbox 2058 3347 2147 3392; x_wconf 92' lang='lat' dir='ltr'><strong>nune</strong></span> 
     </span>
     <span class='ocr_line' id='line_1_81' title="bbox 1172 3411 2148 3495; baseline -0.001 -18"><span class='ocrx_word' id='word_1_614' title='bbox 1172 3425 1211 3478; x_wconf 93' lang='lat' dir='ltr'><strong>ut</strong></span> <span class='ocrx_word' id='word_1_615' title='bbox 1238 3432 1294 3479; x_wconf 90' lang='lat' dir='ltr'><strong>eos</strong></span> <span class='ocrx_word' id='word_1_616' title='bbox 1324 3412 1366 3477; x_wconf 89' lang='lat' dir='ltr'><strong>ad</strong></span> <span class='ocrx_word' id='word_1_617' title='bbox 1399 3412 1592 3495; x_wconf 89' lang='lat' dir='ltr'><strong>patientiam</strong></span> <span class='ocrx_word' id='word_1_618' title='bbox 1621 3424 1790 3490; x_wconf 86' lang='lat' dir='ltr'><strong>exerceat,</strong></span> <span class='ocrx_word' id='word_1_619' title='bbox 1824 3434 1913 3477; x_wconf 91' lang='lat' dir='ltr'><strong>nune</strong></span> <span class='ocrx_word' id='word_1_620' title='bbox 1946 3422 1984 3476; x_wconf 90' lang='lat' dir='ltr'><strong>ut</strong></span> <span class='ocrx_word' id='word_1_621' title='bbox 2017 3411 2148 3493; x_wconf 87' lang='lat' dir='ltr'><strong>subigat</strong></span> 
     </span>
     <span class='ocr_line' id='line_1_82' title="bbox 1173 3498 2148 3580; baseline -0.002 -16"><span class='ocrx_word' id='word_1_622' title='bbox 1173 3500 1305 3564; x_wconf 80' lang='lat' dir='ltr'><strong>vitiosos</strong></span> <span class='ocrx_word' id='word_1_623' title='bbox 1327 3500 1433 3564; x_wconf 86' lang='lat' dir='ltr'><strong>earnis</strong></span> <span class='ocrx_word' id='word_1_624' title='bbox 1456 3499 1608 3578; x_wconf 86' lang='lat' dir='ltr'><strong>affectus,</strong></span> <span class='ocrx_word' id='word_1_625' title='bbox 1638 3520 1727 3564; x_wconf 92' lang='lat' dir='ltr'><strong>nune</strong></span> <span class='ocrx_word' id='word_1_626' title='bbox 1756 3513 1795 3564; x_wconf 88' lang='lat' dir='ltr'><strong>ut</strong></span> <span class='ocrx_word' id='word_1_627' title='bbox 1823 3499 2006 3580; x_wconf 88' lang='lat' dir='ltr'><strong>superfluas</strong></span> <span class='ocrx_word' id='word_1_628' title='bbox 2039 3498 2148 3564; x_wconf 84' lang='lat' dir='ltr'><strong>earnis</strong></span> 
     </span>
     <span class='ocr_line' id='line_1_83' title="bbox 1172 3583 2147 3668; baseline -0.005 -17"><span class='ocrx_word' id='word_1_629' title='bbox 1172 3584 1367 3668; x_wconf 87' lang='lat' dir='ltr'><strong>cupiditates</strong></span> <span class='ocrx_word' id='word_1_630' title='bbox 1391 3594 1549 3668; x_wconf 85' lang='lat' dir='ltr'><strong>exaequat</strong></span> <span class='ocrx_word' id='word_1_631' title='bbox 1570 3597 1603 3649; x_wconf 90' lang='lat' dir='ltr'><strong>et</strong></span> <span class='ocrx_word' id='word_1_632' title='bbox 1626 3598 1761 3668; x_wconf 89' lang='lat' dir='ltr'><strong>purget,</strong></span> <span class='ocrx_word' id='word_1_633' title='bbox 1791 3605 1879 3650; x_wconf 90' lang='lat' dir='ltr'><strong>nune</strong></span> <span class='ocrx_word' id='word_1_634' title='bbox 1901 3598 1938 3648; x_wconf 88' lang='lat' dir='ltr'><strong>ut</strong></span> <span class='ocrx_word' id='word_1_635' title='bbox 1961 3605 2016 3648; x_wconf 90' lang='lat' dir='ltr'><strong>eos</strong></span> <span class='ocrx_word' id='word_1_636' title='bbox 2039 3583 2147 3648; x_wconf 90' lang='lat' dir='ltr'><strong>humi·</strong></span> 
     </span>
     <span class='ocr_line' id='line_1_84' title="bbox 1171 3666 2148 3753; baseline -0.002 -18"><span class='ocrx_word' id='word_1_637' title='bbox 1171 3671 1238 3749; x_wconf 92' lang='lat' dir='ltr'><strong>liet,</strong></span> <span class='ocrx_word' id='word_1_638' title='bbox 1262 3691 1350 3736; x_wconf 90' lang='lat' dir='ltr'><strong>nuno</strong></span> <span class='ocrx_word' id='word_1_639' title='bbox 1372 3679 1409 3735; x_wconf 92' lang='lat' dir='ltr'><strong>ut</strong></span> <span class='ocrx_word' id='word_1_640' title='bbox 1431 3671 1504 3735; x_wconf 90' lang='lat' dir='ltr'><strong>aliis</strong></span> <span class='ocrx_word' id='word_1_641' title='bbox 1522 3682 1646 3736; x_wconf 83' lang='lat' dir='ltr'><strong>statuat</strong></span> <span class='ocrx_word' id='word_1_642' title='bbox 1662 3672 1698 3735; x_wconf 92' lang='lat' dir='ltr'><strong>in</strong></span> <span class='ocrx_word' id='word_1_643' title='bbox 1717 3672 1913 3753; x_wconf 86' lang='lat' dir='ltr'><strong>exemplum,</strong></span> <span class='ocrx_word' id='word_1_644' title='bbox 1937 3690 2025 3734; x_wconf 90' lang='lat' dir='ltr'><strong>nunc</strong></span> <span class='ocrx_word' id='word_1_645' title='bbox 2046 3681 2084 3733; x_wconf 90' lang='lat' dir='ltr'><strong>ut</strong></span> <span class='ocrx_word' id='word_1_646' title='bbox 2106 3666 2148 3733; x_wconf 91' lang='lat' dir='ltr'><strong>ad</strong></span> 
     </span>
     <span class='ocr_line' id='line_1_85' title="bbox 1172 3753 2149 3822; baseline -0.004 0"><span class='ocrx_word' id='word_1_647' title='bbox 1172 3772 1261 3822; x_wconf 79' lang='lat' dir='ltr'><strong>vitae</strong></span> <span class='ocrx_word' id='word_1_648' title='bbox 1291 3756 1439 3821; x_wconf 88' lang='lat' dir='ltr'><strong>eoelestis</strong></span> <span class='ocrx_word' id='word_1_649' title='bbox 1466 3756 1713 3821; x_wconf 86' lang='lat' dir='ltr'><strong>meditationem</strong></span> <span class='ocrx_word' id='word_1_650' title='bbox 1741 3757 1871 3821; x_wconf 86' lang='lat' dir='ltr'><strong>excitet.</strong></span> <span class='ocrx_word' id='word_1_651' title='bbox 1924 3753 1991 3821; x_wconf 85' lang='lat' dir='ltr'><strong>Sed</strong></span> <span class='ocrx_word' id='word_1_652' title='bbox 2020 3776 2080 3819; x_wconf 91' lang='lat' dir='ltr'><strong>nos</strong></span> <span class='ocrx_word' id='word_1_653' title='bbox 2113 3767 2149 3820; x_wconf 90' lang='lat' dir='ltr'><strong>ut</strong></span> 
     </span>
     <span class='ocr_line' id='line_1_86' title="bbox 1173 3840 2149 3925; baseline -0.001 -19"><span class='ocrx_word' id='word_1_654' title='bbox 1173 3843 1354 3925; x_wconf 87' lang='lat' dir='ltr'><strong>plurimum</strong></span> <span class='ocrx_word' id='word_1_655' title='bbox 1377 3841 1499 3922; x_wconf 89' lang='lat' dir='ltr'><strong>absque</strong></span> <span class='ocrx_word' id='word_1_656' title='bbox 1523 3842 1709 3906; x_wconf 87' lang='lat' dir='ltr'><strong>discrimine</strong></span> <span class='ocrx_word' id='word_1_657' title='bbox 1732 3841 1930 3924; x_wconf 85' lang='lat' dir='ltr'><strong>praecipites</strong></span> <span class='ocrx_word' id='word_1_658' title='bbox 1947 3840 2092 3918; x_wconf 87' lang='lat' dir='ltr'><strong>ferimur,</strong></span> <span class='ocrx_word' id='word_1_659' title='bbox 2115 3851 2149 3905; x_wconf 91' lang='lat' dir='ltr'><strong>et</strong></span> 
     </span>
     <span class='ocr_line' id='line_1_87' title="bbox 1174 3925 2149 4011; baseline -0.001 -18"><span class='ocrx_word' id='word_1_660' title='bbox 1174 3928 1359 4011; x_wconf 89' lang='lat' dir='ltr'><strong>quicunque</strong></span> <span class='ocrx_word' id='word_1_661' title='bbox 1377 3925 1437 3990; x_wconf 92' lang='lat' dir='ltr'><strong>sub</strong></span> <span class='ocrx_word' id='word_1_662' title='bbox 1455 3945 1551 3991; x_wconf 88' lang='lat' dir='ltr'><strong>eruce</strong></span> <span class='ocrx_word' id='word_1_663' title='bbox 1569 3925 1729 4004; x_wconf 89' lang='lat' dir='ltr'><strong>laborant,</strong></span> <span class='ocrx_word' id='word_1_664' title='bbox 1748 3947 1804 3990; x_wconf 88' lang='lat' dir='ltr'><strong>eos</strong></span> <span class='ocrx_word' id='word_1_665' title='bbox 1823 3927 2044 4009; x_wconf 85' lang='lat' dir='ltr'><strong>demergimus</strong></span> <span class='ocrx_word' id='word_1_666' title='bbox 2061 3926 2149 3992; x_wconf 87' lang='lat' dir='ltr'><strong>infra</strong></span> 
     </span>
     <span class='ocr_line' id='line_1_88' title="bbox 1174 4004 2148 4097; baseline 0 -19"><span class='ocrx_word' id='word_1_667' title='bbox 1174 4034 1289 4078; x_wconf 91' lang='lat' dir='ltr'><strong>omnes</strong></span> <span class='ocrx_word' id='word_1_668' title='bbox 1318 4013 1449 4091; x_wconf 85' lang='lat' dir='ltr'><strong>abyssos</strong></span> <span class='ocrx_word' id='word_1_669' title='bbox 1479 4010 1529 4096; x_wconf 87' lang='lat' dir='ltr'><strong>(ut</strong></span> <span class='ocrx_word' id='word_1_670' title='bbox 1559 4012 1605 4076; x_wconf 89' lang='lat' dir='ltr'><strong>ita</strong></span> <span class='ocrx_word' id='word_1_671' title='bbox 1633 4010 1770 4097; x_wconf 88' lang='lat' dir='ltr'><strong>loquar).</strong></span> <span class='ocrx_word' id='word_1_672' title='bbox 1813 4004 1926 4076; x_wconf 84' lang='lat' dir='ltr'><strong>Huius</strong></span> <span class='ocrx_word' id='word_1_673' title='bbox 1954 4013 2148 4078; x_wconf 88' lang='lat' dir='ltr'><strong>temeritatis</strong></span> 
     </span>
     <span class='ocr_line' id='line_1_89' title="bbox 1175 4094 2149 4180; baseline 0.001 -18"><span class='ocrx_word' id='word_1_674' title='bbox 1175 4097 1373 4163; x_wconf 83' lang='lat' dir='ltr'><strong>fraenandae</strong></span> <span class='ocrx_word' id='word_1_675' title='bbox 1388 4117 1495 4176; x_wconf 88' lang='lat' dir='ltr'><strong>causa,</strong></span> <span class='ocrx_word' id='word_1_676' title='bbox 1515 4094 1593 4162; x_wconf 89' lang='lat' dir='ltr'><strong>dicit</strong></span> <span class='ocrx_word' id='word_1_677' title='bbox 1606 4095 1712 4163; x_wconf 86' lang='lat' dir='ltr'><strong>David</strong></span> <span class='ocrx_word' id='word_1_678' title='bbox 1730 4097 1841 4162; x_wconf 89' lang='lat' dir='ltr'><strong>beatos</strong></span> <span class='ocrx_word' id='word_1_679' title='bbox 1860 4098 2001 4180; x_wconf 87' lang='lat' dir='ltr'><strong>assequi</strong></span> <span class='ocrx_word' id='word_1_680' title='bbox 2017 4118 2084 4162; x_wconf 92' lang='lat' dir='ltr'><strong>non</strong></span> <span class='ocrx_word' id='word_1_681' title='bbox 2102 4099 2149 4163; x_wconf 88' lang='lat' dir='ltr'><strong>ita</strong></span> 
     </span>
     <span class='ocr_line' id='line_1_90' title="bbox 1175 4182 2148 4266; baseline -0.002 -17"><span class='ocrx_word' id='word_1_682' title='bbox 1175 4183 1352 4249; x_wconf 90' lang='lat' dir='ltr'><strong>crudeliter</strong></span> <span class='ocrx_word' id='word_1_683' title='bbox 1371 4183 1523 4247; x_wconf 87' lang='lat' dir='ltr'><strong>saeviunt</strong></span> <span class='ocrx_word' id='word_1_684' title='bbox 1544 4183 1707 4266; x_wconf 85' lang='lat' dir='ltr'><strong>perversis</strong></span> <span class='ocrx_word' id='word_1_685' title='bbox 1729 4182 1866 4261; x_wconf 87' lang='lat' dir='ltr'><strong>iudiciis,</strong></span> <span class='ocrx_word' id='word_1_686' title='bbox 1890 4182 1949 4248; x_wconf 92' lang='lat' dir='ltr'><strong>sed</strong></span> <span class='ocrx_word' id='word_1_687' title='bbox 1971 4183 2148 4266; x_wconf 87' lang='lat' dir='ltr'><strong>prudenter</strong></span> 
     </span>
     <span class='ocr_line' id='line_1_91' title="bbox 1177 4266 2149 4353; baseline 0 -19"><span class='ocrx_word' id='word_1_688' title='bbox 1177 4269 1368 4335; x_wconf 87' lang='lat' dir='ltr'><strong>discernunt</strong></span> <span class='ocrx_word' id='word_1_689' title='bbox 1389 4268 1475 4333; x_wconf 92' lang='lat' dir='ltr'><strong>inter</strong></span> <span class='ocrx_word' id='word_1_690' title='bbox 1498 4266 1627 4352; x_wconf 86' lang='lat' dir='ltr'><strong>plagam</strong></span> <span class='ocrx_word' id='word_1_691' title='bbox 1651 4278 1684 4334; x_wconf 90' lang='lat' dir='ltr'><strong>et</strong></span> <span class='ocrx_word' id='word_1_692' title='bbox 1706 4268 1846 4352; x_wconf 88' lang='lat' dir='ltr'><strong>plagam,</strong></span> <span class='ocrx_word' id='word_1_693' title='bbox 1868 4268 2014 4351; x_wconf 89' lang='lat' dir='ltr'><strong>adeoque</strong></span> <span class='ocrx_word' id='word_1_694' title='bbox 2031 4269 2149 4353; x_wconf 89' lang='lat' dir='ltr'><strong>malig-</strong></span> 
     </span>
     <span class='ocr_line' id='line_1_92' title="bbox 1176 4353 2148 4439; baseline -0.002 -19"><span class='ocrx_word' id='word_1_695' title='bbox 1176 4376 1256 4420; x_wconf 92' lang='lat' dir='ltr'><strong>num</strong></span> <span class='ocrx_word' id='word_1_696' title='bbox 1277 4354 1371 4419; x_wconf 91' lang='lat' dir='ltr'><strong>illum</strong></span> <span class='ocrx_word' id='word_1_697' title='bbox 1394 4353 1536 4438; x_wconf 86' lang='lat' dir='ltr'><strong>rigorem</strong></span> <span class='ocrx_word' id='word_1_698' title='bbox 1565 4356 1656 4420; x_wconf 89' lang='lat' dir='ltr'><strong>carni</strong></span> <span class='ocrx_word' id='word_1_699' title='bbox 1685 4354 1885 4439; x_wconf 88' lang='lat' dir='ltr'><strong>ingenitum,</strong></span> <span class='ocrx_word' id='word_1_700' title='bbox 1914 4356 2050 4437; x_wconf 88' lang='lat' dir='ltr'><strong>spiritus</strong></span> <span class='ocrx_word' id='word_1_701' title='bbox 2072 4375 2148 4437; x_wconf 91' lang='lat' dir='ltr'><strong>pru·</strong></span> 
     </span>
     <span class='ocr_line' id='line_1_93' title="bbox 1176 4440 2149 4525; baseline 0 -20"><span class='ocrx_word' id='word_1_702' title='bbox 1176 4440 1288 4505; x_wconf 85' lang='lat' dir='ltr'><strong>dentis</strong></span> <span class='ocrx_word' id='word_1_703' title='bbox 1320 4448 1514 4522; x_wconf 88' lang='lat' dir='ltr'><strong>temperant.</strong></span> <span class='ocrx_word' id='word_1_704' title='bbox 1569 4441 1768 4523; x_wconf 85' lang='lat' dir='ltr'><strong>Exemplum</strong></span> <span class='ocrx_word' id='word_1_705' title='bbox 1801 4462 1907 4525; x_wconf 90' lang='lat' dir='ltr'><strong>nuper</strong></span> <span class='ocrx_word' id='word_1_706' title='bbox 1939 4443 1975 4505; x_wconf 92' lang='lat' dir='ltr'><strong>in</strong></span> <span class='ocrx_word' id='word_1_707' title='bbox 2008 4461 2149 4524; x_wconf 88' lang='lat' dir='ltr'><strong>persona</strong></span> 
     </span>
     <span class='ocr_line' id='line_1_94' title="bbox 1175 4525 2149 4609; baseline -0.001 -18"><span class='ocrx_word' id='word_1_708' title='bbox 1175 4526 1236 4591; x_wconf 92' lang='lat' dir='ltr'><strong>Iob</strong></span> <span class='ocrx_word' id='word_1_709' title='bbox 1259 4526 1431 4609; x_wconf 89' lang='lat' dir='ltr'><strong>proposui,</strong></span> <span class='ocrx_word' id='word_1_710' title='bbox 1456 4546 1551 4608; x_wconf 92' lang='lat' dir='ltr'><strong>quem</strong></span> <span class='ocrx_word' id='word_1_711' title='bbox 1575 4525 1652 4591; x_wconf 93' lang='lat' dir='ltr'><strong>dum</strong></span> <span class='ocrx_word' id='word_1_712' title='bbox 1676 4527 1772 4593; x_wconf 89' lang='lat' dir='ltr'><strong>amici</strong></span> <span class='ocrx_word' id='word_1_713' title='bbox 1794 4537 1943 4592; x_wconf 88' lang='lat' dir='ltr'><strong>extrema</strong></span> <span class='ocrx_word' id='word_1_714' title='bbox 1964 4526 2149 4592; x_wconf 81' lang='lat' dir='ltr'><strong>calamitate</strong></span> 
     </span>
     <span class='ocr_line' id='line_1_95' title="bbox 1176 4611 2149 4695; baseline -0.002 -17"><span class='ocrx_word' id='word_1_715' title='bbox 1176 4613 1359 4678; x_wconf 83' lang='lat' dir='ltr'><strong>confectum</strong></span> <span class='ocrx_word' id='word_1_716' title='bbox 1381 4611 1576 4694; x_wconf 87' lang='lat' dir='ltr'><strong>adspiciunt,</strong></span> <span class='ocrx_word' id='word_1_717' title='bbox 1599 4612 1773 4695; x_wconf 91' lang='lat' dir='ltr'><strong>reprobum</strong></span> <span class='ocrx_word' id='word_1_718' title='bbox 1796 4627 1829 4677; x_wconf 91' lang='lat' dir='ltr'><strong>et</strong></span> <span class='ocrx_word' id='word_1_719' title='bbox 1851 4612 2054 4694; x_wconf 87' lang='lat' dir='ltr'><strong>deploratum</strong></span> <span class='ocrx_word' id='word_1_720' title='bbox 2077 4631 2149 4676; x_wconf 90' lang='lat' dir='ltr'><strong>esse</strong></span> 
     </span>
     <span class='ocr_line' id='line_1_96' title="bbox 1176 4695 2149 4781; baseline 0 -20"><span class='ocrx_word' id='word_1_721' title='bbox 1176 4719 1242 4762; x_wconf 92' lang='lat' dir='ltr'><strong>nen</strong></span> <span class='ocrx_word' id='word_1_722' title='bbox 1276 4697 1437 4763; x_wconf 87' lang='lat' dir='ltr'><strong>dubitant.</strong></span> <span class='ocrx_word' id='word_1_723' title='bbox 1493 4695 1532 4762; x_wconf 78' lang='lat' dir='ltr'><strong>Si</strong></span> <span class='ocrx_word' id='word_1_724' title='bbox 1565 4698 1599 4762; x_wconf 91' lang='lat' dir='ltr'><strong>in</strong></span> <span class='ocrx_word' id='word_1_725' title='bbox 1630 4697 1695 4763; x_wconf 84' lang='lat' dir='ltr'><strong>tale</strong></span> <span class='ocrx_word' id='word_1_726' title='bbox 1728 4697 1951 4781; x_wconf 87' lang='lat' dir='ltr'><strong>spectaculum</strong></span> <span class='ocrx_word' id='word_1_727' title='bbox 1991 4696 2149 4762; x_wconf 88' lang='lat' dir='ltr'><strong>incideret</strong></span> 
     </span>
     <span class='ocr_line' id='line_1_97' title="bbox 1176 4781 2149 4866; baseline 0.001 -19"><span class='ocrx_word' id='word_1_728' title='bbox 1176 4804 1298 4865; x_wconf 89' lang='lat' dir='ltr'><strong>aequus</strong></span> <span class='ocrx_word' id='word_1_729' title='bbox 1327 4794 1361 4847; x_wconf 91' lang='lat' dir='ltr'><strong>et</strong></span> <span class='ocrx_word' id='word_1_730' title='bbox 1383 4782 1546 4848; x_wconf 87' lang='lat' dir='ltr'><strong>humanus</strong></span> <span class='ocrx_word' id='word_1_731' title='bbox 1576 4783 1714 4862; x_wconf 87' lang='lat' dir='ltr'><strong>arbiter,</strong></span> <span class='ocrx_word' id='word_1_732' title='bbox 1746 4783 1950 4866; x_wconf 90' lang='lat' dir='ltr'><strong>prudentiam</strong></span> <span class='ocrx_word' id='word_1_733' title='bbox 1981 4781 2149 4848; x_wconf 89' lang='lat' dir='ltr'><strong>adhiberet</strong></span> 
     </span>
     <span class='ocr_line' id='line_1_98' title="bbox 1176 4867 2149 4951; baseline -0.001 -18"><span class='ocrx_word' id='word_1_734' title='bbox 1176 4889 1274 4951; x_wconf 93' lang='lat' dir='ltr'><strong>quam</strong></span> <span class='ocrx_word' id='word_1_735' title='bbox 1299 4890 1386 4933; x_wconf 91' lang='lat' dir='ltr'><strong>nunc</strong></span> <span class='ocrx_word' id='word_1_736' title='bbox 1415 4867 1525 4933; x_wconf 90' lang='lat' dir='ltr'><strong>laudat</strong></span> <span class='ocrx_word' id='word_1_737' title='bbox 1550 4867 1669 4934; x_wconf 85' lang='lat' dir='ltr'><strong>David.</strong></span> <span class='ocrx_word' id='word_1_738' title='bbox 1714 4869 1783 4934; x_wconf 89' lang='lat' dir='ltr'><strong>Nos</strong></span> <span class='ocrx_word' id='word_1_739' title='bbox 1813 4889 1890 4934; x_wconf 88' lang='lat' dir='ltr'><strong>vero</strong></span> <span class='ocrx_word' id='word_1_740' title='bbox 1920 4868 1982 4934; x_wconf 89' lang='lat' dir='ltr'><strong>hoc</strong></span> <span class='ocrx_word' id='word_1_741' title='bbox 2011 4869 2149 4951; x_wconf 89' lang='lat' dir='ltr'><strong>spiritus</strong></span> 
     </span>
    </p>
   </div>
   <div class='ocr_carea' id='block_1_9' title="bbox 1231 5122 1945 5402">
    <p class='ocr_par' dir='ltr' id='par_1_12' title="bbox 1231 5122 1945 5402">
     <span class='ocr_line' id='line_1_99' title="bbox 1264 5122 1873 5206; baseline 0 -30"><span class='ocrx_word' id='word_1_742' title='bbox 1264 5123 1293 5192; x_wconf 69' lang='lat'><strong>⁸)</strong></span> <span class='ocrx_word' id='word_1_743' title='bbox 1310 5124 1347 5176; x_wconf 88' lang='lat' dir='ltr'><strong>du</strong></span> <span class='ocrx_word' id='word_1_744' title='bbox 1364 5141 1458 5194; x_wconf 83' lang='lat' dir='ltr'><strong>porra,</strong></span> <span class='ocrx_word' id='word_1_745' title='bbox 1476 5140 1510 5180; x_wconf 84' lang='lat' dir='ltr'><strong>ert</strong></span> <span class='ocrx_word' id='word_1_746' title='bbox 1527 5140 1634 5194; x_wconf 71' lang='lat' dir='ltr'><strong>merge:</strong></span> <span class='ocrx_word' id='word_1_747' title='bbox 1654 5123 1740 5206; x_wconf 63' lang='lat' dir='ltr'><strong>⁰¹¹.d9</strong></span> <span class='ocrx_word' id='word_1_748' title='bbox 1759 5122 1873 5193; x_wconf 81' lang='lat' dir='ltr'><strong>l’afilige&#39;.</strong></span> 
     </span>
     <span class='ocr_line' id='line_1_100' title="bbox 1248 5193 1744 5264; baseline -0.004 -17"><span class='ocrx_word' id='word_1_749' title='bbox 1248 5193 1280 5222; x_wconf 72' lang='lat'><strong>⁸*</strong></span> <span class='ocrx_word' id='word_1_750' title='bbox 1312 5207 1347 5247; x_wconf 82' lang='lat' dir='ltr'><strong>ert</strong></span> <span class='ocrx_word' id='word_1_751' title='bbox 1363 5209 1471 5263; x_wconf 72' lang='lat' dir='ltr'><strong>merge:</strong></span> <span class='ocrx_word' id='word_1_752' title='bbox 1490 5196 1613 5264; x_wconf 75' lang='lat' dir='ltr'><strong>asqavmr</strong></span> <span class='ocrx_word' id='word_1_753' title='bbox 1630 5195 1744 5263; x_wconf 85' lang='lat' dir='ltr'><strong>l’aillige.</strong></span> 
     </span>
     <span class='ocr_line' id='line_1_101' title="bbox 1231 5261 1815 5332; baseline -0.005 -15"><span class='ocrx_word' id='word_1_754' title='bbox 1231 5261 1280 5293; x_wconf 73' lang='lat'><strong>&#39;⁰</strong></span> <span class='ocrx_word' id='word_1_755' title='bbox 1312 5263 1473 5330; x_wconf 83' lang='lat' dir='ltr'><strong>eonfortera,</strong></span> <span class='ocrx_word' id='word_1_756' title='bbox 1491 5278 1527 5318; x_wconf 79' lang='lat' dir='ltr'><strong>est</strong></span> <span class='ocrx_word' id='word_1_757' title='bbox 1543 5278 1649 5332; x_wconf 74' lang='lat' dir='ltr'><strong>merge.-</strong></span> <span class='ocrx_word' id='word_1_758' title='bbox 1667 5263 1815 5331; x_wconf 80' lang='lat' dir='ltr'><strong>soulagera</strong></span> 
     </span>
     <span class='ocr_line' id='line_1_102' title="bbox 1911 5347 1945 5402; baseline 0.059 -2"><span class='ocrx_word' id='word_1_759' title='bbox 1911 5347 1945 5402; x_wconf 76' lang='lat' dir='ltr'><strong>rt</strong></span> 
     </span>
    </p>
   </div>
   <div class='ocr_carea' id='block_1_10' title="bbox 0 0 2341 5860">
    <p class='ocr_par' dir='ltr' id='par_1_13' title="bbox 0 0 2341 5860">
     <span class='ocr_line' id='line_1_103' title="bbox 0 0 2341 5860; baseline 0 0"><span class='ocrx_word' id='word_1_760' title='bbox 0 0 2341 5860; x_wconf 95' lang='lat' dir='ltr'><strong> </strong></span> 
     </span>
    </p>
   </div>
  </div>
 </body>
</html>
