4658 5856
94 327 158 393 ses
921 326 1137 396 cernuus
1160 330 1254 396 uix
1880 305 1882 309 ’
2016 336 2080 401 ees

94 540 167 586 sura
198 537 316 596 mm,
347 521 376 582 et
402 518 482 584 uide.
527 517 557 583 6.
580 516 625 581 Et
655 524 688 582 tu
719 517 834 583 Isbovc
863 517 952 584 Deua
980 537 1065 583 cacr-
1116 517 1208 584 Deus
1230 519 1381 584 auxiliari
1403 527 1544 585 maturet
1566 541 1663 602 quam
1685 520 1733 585 illi
1756 520 1795 586 ad
1824 522 1998 604 perniciem
2029 523 2079 588 in·

94 607 227 683 duum,
251 603 339 668 Deae
358 603 461 668 Israel
482 606 691 687 expergiscere
708 603 751 668 ed
771 604 948 669 viomadus
962 623 1065 668 manes
1115 605 1281 670 cumbunt.
1325 606 1455 670 Rursus
1478 617 1587 671 temen
1610 620 1648 670 ut
1669 607 1729 672 sibi
1758 607 1899 672 favorem
1930 608 2080 674 conciliet

92 696 212 775 psalm:
233 689 464 755 commercari:
481 691 618 754 omnium
636 689 744 772 inique
760 689 1062 774 commutantium.
1114 709 1223 755 coram
1246 690 1334 770 Deo,
1363 703 1478 755 testem
1502 712 1539 757 ao
1561 691 1700 758 iudicem
1723 712 1840 758 causas
1863 714 1940 758 suae
1970 694 2079 776 ipsum

96 776 200 842 seut.
1114 774 1268 858 appellat.
1319 777 1422 842 Porro
1452 797 1551 860 quum
1583 776 1660 842 dicit
1686 778 1770 861 uide,
1809 798 1941 846 sensum
1971 781 2079 846 carnis

1115 861 1288 944 permiscet
1305 862 1470 927 doetrinae
1486 863 1570 941 fidei,
1589 862 1724 945 perinde
1743 865 1831 928 enim
1848 885 1885 930 ac
1896 865 1923 928 si
1935 876 2078 948 praeter·

182 946 209 1011 1.
232 945 318 1010 Nota
339 956 390 1010 est
407 944 543 1010 historia
562 945 654 1010 cuius
670 945 723 1009 bio
741 947 780 1010 fit
796 946 929 1011 mentio.
965 943 1064 1010 Corte
1115 946 1207 1012 iisset
1228 946 1319 1013 Deus
1347 948 1466 1013 clausis
1495 948 1595 1014 oeulis
1618 969 1731 1014 omnes
1754 949 1894 1014 iniurias
1916 951 2078 1034 usquead

94 1054 196 1115 quum
212 1031 352 1095 militum
371 1044 479 1094 turma
497 1032 647 1096 obsessus
664 1031 752 1095 domi
769 1052 830 1096 sua
846 1040 933 1097 esset
944 1029 1064 1107 David,
1115 1031 1207 1096 illum
1231 1032 1325 1112 diem,
1348 1044 1443 1116 roget
1464 1046 1502 1098 ut
1523 1055 1612 1100 nuno
1633 1034 1767 1117 incipiat
1790 1034 1914 1100 videre:
1938 1036 1999 1102 boc
2021 1057 2079 1120 pro

94 1119 140 1205 (l.
162 1117 253 1184 Sam.
278 1118 326 1192 19,
350 1116 404 1200 11)
437 1127 470 1180 et
501 1136 615 1182 omnes
649 1117 739 1183 urbis
778 1117 886 1183 exitus
915 1125 1064 1181 tenerent
1115 1115 1259 1183 ruditate
1290 1120 1451 1183 humanae
1476 1120 1606 1184 mentis.
1649 1119 1781 1185 Interea
1808 1131 1918 1185 tamen
1948 1120 2080 1187 videndi

93 1205 185 1271 missi
208 1225 229 1268 a
249 1202 350 1268 Saule
368 1199 529 1279 custodes,
550 1201 644 1266 nulla
664 1222 739 1286 spes
761 1202 872 1287 effugii
896 1212 954 1267 aut
976 1201 1063 1266 vitae
1114 1213 1224 1285 partes
1246 1202 1318 1269 Deo
1341 1204 1496 1280 tribuens,
1518 1204 1583 1271 fide
1605 1206 1752 1289 agnoseit
1774 1206 1857 1270 nibil
1880 1207 1949 1272 eius
1971 1209 2079 1289 provi·
2200 1268 2207 1275 .

94 1290 226 1357 residua
253 1301 332 1354 erat.
377 1288 520 1353 Tametsi
549 1298 659 1353 autem
690 1287 804 1352 uxoris
834 1298 907 1353 astu
933 1287 1063 1370 elapsus
1115 1287 1243 1353 dentiae
1276 1309 1347 1354 esse
1378 1289 1615 1356 absconditum.
1670 1289 1865 1375 Quanquam
1900 1292 2078 1357 notandum
2112 1294 2119 1351 J

94 1390 160 1456 est,
188 1396 253 1440 uon
275 1383 385 1438 tamen
407 1372 483 1436 alibi
506 1393 603 1457 quam
626 1374 661 1437 in
683 1372 749 1437 Dei
771 1371 993 1439 misericordia
1014 1392 1063 1437 sa·
1113 1382 1173 1456 est,
1196 1373 1358 1441 Davidem
1381 1375 1571 1442 humanitus
1592 1377 1639 1441 ita
1662 1375 1837 1455 balbutire,
1860 1378 1984 1442 utiam
2006 1399 2079 1461 per·

94 1463 195 1527 lutem
219 1459 391 1543 quaesivit.
435 1459 480 1522 Et
500 1468 588 1524 certe
611 1459 762 1541 quamvis
784 1458 934 1524 fallendis
956 1457 1061 1541 patris
1114 1480 1231 1525 suasus
1252 1461 1295 1525 sit
1316 1480 1392 1525 suas
1415 1461 1606 1527 afflictiones
1629 1460 1727 1527 simul
1749 1481 1823 1527 cum
1841 1463 2029 1546 integritate
2047 1472 2080 1529 et

93 1547 253 1613 militibus
292 1548 486 1629 figmentum
527 1543 607 1608 illud
655 1544 890 1628 excogitaverit
928 1542 1062 1621 Michol,
1114 1545 1257 1611 hostium
1280 1545 1409 1612 iniuriis
1431 1547 1503 1612 Deo
1527 1568 1597 1613 esse
1618 1549 1777 1631 cognitas.
1821 1547 1888 1614 Sed
1911 1548 1972 1615 bac
1991 1570 2079 1628 vooe,

91 1647 218 1700 certum
250 1641 360 1696 tamen
393 1641 458 1709 est,
491 1630 582 1713 pium
613 1630 723 1694 virum
757 1631 887 1694 nonnisi
920 1629 1062 1709 mirabili
1113 1641 1213 1697 totam
1253 1652 1323 1696 rem
1362 1633 1425 1697 Dei
1464 1632 1583 1698 iudicio
1622 1631 1873 1699 examinandam
1918 1635 2078 1718 proponit.
2108 1709 2111 1715 ¹

95 1721 157 1786 Dei
181 1716 342 1802 praesidio
362 1724 510 1798 ereptum
527 1716 637 1781 luisse.
680 1715 771 1799 Ergo
791 1716 933 1781 melodia
953 1715 1063 1782 ἀοιιιιιε
1113 1715 1268 1782 Proximo
1300 1738 1396 1782 versu
1429 1717 1566 1784 eandem
1600 1721 1820 1802 precationem
1854 1718 2079 1786 vehementius

94 1806 148 1870 bic
176 1805 308 1887 ponitur
340 1822 377 1868 ao
407 1802 435 1866 si
467 1799 591 1866 dietum
624 1817 726 1879 esset,
758 1800 950 1866 conclusum
985 1810 1063 1866 tunc
1113 1802 1343 1885 prosequitur:
1365 1822 1403 1868 ao
1423 1805 1528 1887 primo
1549 1803 1657 1869 Deum
1680 1818 1775 1869 ornat
1798 1805 1895 1869 noris
1916 1803 2078 1887 epithetis,

93 1893 192 1956 fuisse
214 1890 248 1953 in
279 1888 393 1954 mortis
421 1888 600 1970 angustias.
645 1885 740 1952 Missi
769 1886 857 1950 enim
885 1888 1014 1951 fuerant
1042 1905 1063 1949 a
1114 1908 1233 1953 vocans
1255 1887 1359 1953 Deam
1388 1890 1579 1955 meatuum
1600 1895 1628 1955 et
1648 1888 1753 1955 Deum
1780 1889 1898 1956 Israel:
1938 1910 2079 1972 quorum

94 1975 211 2051 Saule,
249 1994 314 2040 non
347 1974 402 2057 qui
434 1972 547 2037 vivum
579 1981 748 2055 caperent,
781 1972 838 2037 sed
870 1971 926 2056 qui
960 1971 1062 2036 inter·
1113 1975 1222 2056 priore
1245 1974 1437 2040 immensam
1456 1976 1526 2039 eius
1545 1977 1720 2057 potentiam
1739 1976 1955 2051 commendat,
1979 1976 2080 2042 altero

93 2064 239 2127 licerent
1112 2058 1308 2142 peculiarem
1331 2081 1427 2143 quam
1451 2060 1491 2125 de
1512 2060 1589 2126 filiis
1607 2063 1684 2138 suis,
1706 2071 1739 2126 et
1758 2072 1826 2126 tota
1843 2061 1978 2128 ecclesia
1996 2063 2080 2145 gerit

179 2147 210 2211 2.
232 2144 363 2232 (Litas
382 2142 453 2228 me.)
497 2143 570 2224 Quo
591 2164 627 2208 se
648 2144 754 2227 magis
775 2143 816 2209 ad
838 2142 947 2207 Deum
969 2143 1061 2207 inro-
1112 2165 1234 2212 curam.
1289 2144 1519 2230 'Emphaticum
1553 2146 1652 2211 etiam
1685 2159 1735 2211 est
1771 2167 1951 2231 pronomen
1984 2161 2079 2232 m,

93 2232 234 2299 eandum
258 2231 418 2307 bortatur,
440 2228 616 2294 violentam
639 2229 780 2294 hostium
804 2228 981 2312 potentiam
1006 2227 1062 2293 de·
1111 2230 1205 2313 quasi
1227 2229 1349 2296 diceret
1370 2252 1434 2296 non
1458 2252 1552 2314 posse
1574 2231 1679 2316 magis
1697 2233 1769 2297 fieri
1788 2243 1824 2298 ut
1841 2231 1933 2297 Deus
1951 2233 2080 2299 abiiciat

93 2318 216 2384 scribit.
261 2315 419 2401 Sarqcadi
439 2315 527 2379 enim
552 2314 648 2380 verbo
671 2336 735 2379 non
765 2314 862 2379 modo
891 2313 1061 2379 audaciam
1111 2314 1276 2382 iudicandi
1310 2337 1429 2382 munus
1461 2338 1558 2400 quam
1581 2329 1618 2382 ut
1639 2338 1675 2384 se
1696 2317 1803 2399 ipsum
1837 2317 1992 2403 abneget,
2025 2318 2080 2384 rel

94 2414 200 2481 notat,
228 2403 280 2467 vel
303 2415 453 2467 strenuos
474 2418 511 2465 ae
533 2400 675 2467 fervidos
704 2402 864 2483 impetus,
895 2399 952 2464 sed
973 2399 1062 2464 vires
1111 2410 1213 2467 exuat
1241 2422 1334 2468 suam
1363 2403 1549 2468 essentiam.
1593 2401 1754 2468 Hortatur
1786 2414 1897 2468 autem
1930 2403 1970 2468 ad
2002 2405 2079 2469 visi·

93 2489 210 2573 quibus
233 2487 481 2572 praevalebant:
514 2502 548 2550 et
569 2496 677 2551 tamen
699 2487 734 2551 in
757 2485 860 2550 altum
883 2483 989 2550 attolli
1011 2503 1062 2549 ro-
1112 2486 1228 2552 tandas
1257 2508 1370 2553 omnes
1399 2500 1528 2572 gentes,
1562 2508 1627 2553 nou
1652 2487 1736 2572 quod
1764 2498 1831 2553 tam
1860 2488 1926 2554 late
1953 2500 2079 2572 pateret

94 2589 161 2660 gat,
183 2586 220 2639 ut
242 2574 391 2657 superior
413 2572 541 2637 sitista
562 2573 655 2654 quasi
678 2572 909 2637 exundatione.
949 2568 1061 2652 Atque
1112 2593 1231 2639 causae
1250 2593 1349 2656 quam
1371 2574 1439 2658 agit
1460 2575 1621 2657 cognitio,
1647 2573 1703 2639 sed
1726 2574 1938 2640 ratiocinatur
1967 2595 2077 2640 ama·

95 2662 174 2727 baec
197 2660 345 2743 loquutio
367 2656 511 2723 notanda
533 2669 600 2734 est,
630 2678 672 2721 ne
693 2656 880 2724 dubitemus
908 2653 1059 2721 servandi
1112 2659 1174 2724 iori
1196 2658 1237 2723 ad
1260 2658 1386 2724 miuus:
1409 2679 1510 2743 quum
1533 2679 1573 2725 ne
1588 2659 1715 2742 profani
1733 2659 1861 2743 quidem
1880 2670 1913 2724 et
1931 2660 2079 2725 extranei

93 2745 227 2812 modum
249 2747 285 2809 in
303 2743 367 2808 Dei
385 2764 484 2808 manu
506 2763 586 2817 esse,
609 2743 819 2826 quantumvis
836 2763 937 2826 supra
953 2741 1061 2825 capita
1112 2765 1245 2810 manum
1263 2755 1297 2809 et
1314 2743 1492 2810 vindictam
1511 2743 1574 2810 Dei
1592 2746 1761 2830 effugiant,
1785 2747 1904 2811 certius
1921 2757 1955 2810 et
1973 2746 2078 2828 magis

93 2842 206 2898 nostra
227 2831 338 2896 hostes
360 2831 535 2894 emineant.
580 2829 739 2912 Sequenti
761 2849 858 2894 versu
880 2848 946 2892 nou
963 2825 1061 2892 modo
1114 2829 1270 2895 horribile
1292 2829 1448 2895 iudicium
1476 2831 1600 2895 instare
1631 2830 1778 2897 hostibus
1807 2830 1991 2910 intestinis,
2023 2831 2079 2914 qui

93 2939 129 2983 se
151 2917 304 2984 obrutum
327 2935 399 2981 esse
421 2913 511 2990 dicit,
541 2915 598 2979 sed
620 2915 718 2980 etiam
740 2936 782 2979 ex
806 2914 927 2980 ostulat
948 2912 989 2978 de
1010 2911 1061 2976 in·
1112 2917 1173 2981 sub
1196 2917 1340 2981 fraterno
1369 2916 1463 2980 titulo
1492 2915 1555 2999 piis
1584 2916 1711 2981 molesti
1741 2926 1836 2993 sunt,
1868 2925 1902 2981 et
1929 2917 2078 2982 ordinem

92 3005 179 3068 iusta
200 3011 233 3067 et
252 3001 389 3068 scelesta
405 3000 546 3066 hostium
564 3020 698 3066 suorum
716 2937 919 3067 erudelitate.
941 2998 1062 3063 Postea
1113 3000 1271 3066 divinitus
1297 3001 1331 3065 in
1361 2999 1495 3066 ecelesia
1524 3001 1684 3066 sancitum
1712 3003 1917 3067 conturbant.
1962 3000 2078 3081 Quan-

94 3101 271 3171 utrumque
292 3087 532 3169 complectitur,
563 3106 680 3168 nempe
708 3107 744 3151 so
773 3084 899 3150 viribus
928 3081 1061 3149 destitui
1112 3106 1209 3170 quam
1231 3106 1310 3168 ergo
1332 3085 1453 3151 Davidi
1476 3082 1596 3151 bellum
1628 3106 1694 3151 nou
1724 3099 1796 3151 erat
1823 3107 1899 3152 cum
1927 3086 2078 3152 omnibus

93 3175 134 3239 ad
168 3172 403 3247 resistendum,
442 3183 475 3234 et
508 3180 617 3236 tamen
650 3170 741 3234 nulls
773 3192 833 3236 sua
864 3169 960 3253 culpa
992 3180 1060 3231 tam
1112 3172 1249 3254 populis,
1273 3172 1380 3236 Deum
1401 3171 1441 3234 ad
1464 3190 1576 3236 omnes
1592 3171 1769 3237 visitandos
1785 3171 1941 3249 excitans,
1964 3170 2077 3236 absur-

94 3280 213 3343 graves
239 3268 273 3323 et
301 3257 401 3323 duros
422 3255 564 3321 insultus
593 3257 726 3340 perpeti.
771 3255 925 3321 Diximus
949 3263 1058 3317 autem
1113 3256 1189 3321 dum
1211 3256 1280 3321 fore
1309 3255 1465 3337 ostendit,
1498 3255 1526 3322 si
1559 3255 1751 3323 domesticos
1783 3257 1935 3323 ecclesiae
1967 3257 2077 3324 bostss

94 3347 182 3423 alibi,
204 3347 270 3409 imo
293 3345 424 3427 saepius
446 3342 668 3424 repetivimus,
692 3362 754 3425 quo
771 3342 833 3407 sibi
850 3340 965 3405 melius
982 3357 1059 3405 aon·
1111 3343 1244 3423 impune
1266 3343 1408 3425 grassari
1430 3342 1527 3407 sinat.
1571 3342 1680 3408 Simul
1702 3344 1800 3408 etiam
1830 3355 1944 3408 eontra
1972 3354 2077 3408 tenta·

94 3432 152 3498 scii
180 3444 258 3496 sunt
284 3429 413 3508 fideles,
447 3448 485 3493 eo
516 3427 591 3509 plus
622 3425 663 3490 ad
696 3425 917 3510 quaerendum
952 3424 1059 3489 Deum
1112 3428 1234 3493 tionem
1256 3425 1414 3505 luctatur,
1447 3448 1512 3509 qua
1543 3427 1709 3510 probabile
1740 3438 1790 3494 est
1819 3426 1946 3494 duriter
1974 3428 2077 3494 fuisse

94 3517 233 3583 fiduciae
254 3515 319 3580 illis
341 3526 529 3597 suppetere:
557 3513 634 3596 quie
662 3512 794 3578 liberior
824 3520 915 3595 patet
943 3509 1051 3575 aditus
1111 3515 1280 3597 agitatum.
1302 3513 1517 3578 Premebatur
1531 3515 1618 3579 euim
1637 3535 1701 3579 non
1720 3536 1740 3580 a
1756 3526 1896 3597 quatuor
1913 3513 1966 3579 rel
1983 3515 2077 3597 quin·

93 3623 133 3667 eo
155 3601 240 3685 quod
263 3621 468 3668 communem
490 3600 676 3665 sustineant
696 3619 772 3664 oum
793 3599 877 3663 Deo.
892 3597 963 3681 ipso
984 3615 1060 3661 oau-
1111 3620 1175 3682 que
1196 3597 1371 3681 improbis,
1393 3598 1450 3663 sed
1472 3598 1514 3662 ab
1534 3598 1662 3683 ingenti
1684 3599 1796 3665 turba:
1831 3607 1945 3665 contra
1967 3612 2077 3663 tamen

94 3710 175 3754 sam.
218 3687 302 3752 Nam
325 3686 403 3768 quia
425 3686 515 3750 Deus
531 3684 677 3749 iustitiae
698 3694 840 3750 assertor
861 3693 923 3764 est,
945 3701 983 3749 eo
1005 3679 1060 3744 bo·
1111 3705 1147 3750 se
1169 3683 1299 3760 attollit,
1322 3684 1489 3768 proprium
1512 3683 1578 3749 Dei
1599 3705 1720 3750 munus
1742 3706 1812 3750 esse
1833 3693 1989 3768 reputans
2012 3704 2076 3749 non

94 3793 212 3838 narum
234 3792 406 3839 causarum
429 3785 601 3854 patronus,
629 3769 750 3835 bellum
771 3789 845 3834 cum
868 3789 906 3833 eo
927 3765 1061 3850 suscipit
1112 3769 1207 3835 modo
1229 3789 1348 3852 paucos
1369 3771 1402 3834 in
1426 3769 1574 3834 ordinem
1592 3789 1717 3854 eogere,
1739 3770 1795 3835 sed
1810 3790 1932 3852 poenas
1947 3772 2077 3854 exigere

95 3860 243 3942 quisquis
265 3859 415 3923 innoxios
436 3855 634 3940 aggreditur.
677 3855 789 3920 Primo
810 3874 888 3936 crgo
915 3853 1062 3937 queritur
1112 3856 1152 3920 de
1174 3855 1350 3921 sceleribus
1372 3855 1472 3920 totius
1494 3854 1620 3920 muudi.
1664 3856 1749 3920 Nam
1772 3854 1835 3919 Dei
1857 3855 2013 3921 iudicium
2036 3853 2077 3919 ad

95 3945 205 4010 valida
221 3944 459 4027 conspiratione
481 3962 516 4005 se
537 3941 687 4024 opprimi,
705 3952 738 4005 et
758 3939 886 4005 insidiis
907 3959 978 4004 esse
999 3938 1060 4002 cir·
1112 3942 1243 4006 ultimos
1260 3961 1363 4022 usque
1383 3948 1491 4005 terrae
1508 3941 1590 4005 fines
1607 3940 1797 4020 extendens,
1815 3959 1854 4004 ea
1870 3939 2079 4006 multitudiue

95 4040 324 4112 summatum,
366 4027 452 4092 unde
485 4027 633 4108 sequitur
669 4025 751 4090 nibil
791 4025 950 4107 reliquum
990 4044 1061 4088 esse
1112 4029 1230 4090 terreri
1252 4046 1318 4089 uon
1338 4023 1450 4090 debuit
1470 4045 1552 4108 quae
1569 4027 1689 4110 exigua
1706 4035 1778 4091 erat
1794 4027 1924 4108 generis
1942 4025 2078 4091 humani

95 4115 232 4182 subsidii
265 4116 301 4178 in
335 4112 466 4177 mundo.
521 4113 640 4177 Postea
672 4110 714 4176 ad
745 4110 949 4176 innocentiae
982 4128 1062 4173 suae
1112 4112 1229 4197 portio.
1262 4109 1459 4193 Quanquam
1477 4120 1514 4176 ut
1530 4111 1627 4194 paulo
1648 4120 1721 4195 post
1743 4113 1862 4177 iterum
1885 4111 2077 4190 videbimus,

95 4201 319 4267 testimonium
343 4197 519 4263 descendit.
564 4197 724 4278 Quamvis
745 4197 833 4262 enim
857 4195 962 4271 Deus,
985 4214 1062 4260 suos
1113 4217 1180 4261 non
1208 4195 1411 4262 incommode
1442 4207 1550 4280 potest
1583 4197 1646 4263 boo
1676 4196 1717 4263 de
1738 4196 1898 4263 Israelitis
1930 4197 2078 4281 intelligi,

95 4286 288 4370 affligendo,
318 4304 430 4350 eorum
459 4287 593 4366 peccata
620 4284 772 4366 castiget,
806 4281 922 4346 meritc
951 4290 1060 4345 tamen
1113 4282 1169 4366 qui
1192 4282 1227 4347 in
1249 4302 1325 4346 suas
1344 4282 1450 4347 tribus
1479 4283 1571 4365 quasi
1599 4283 1634 4348 in
1663 4283 1816 4367 populos,
1850 4283 1946 4349 divisi
1975 4293 2078 4348 erant.

96 4372 222 4448 David,
252 4371 364 4437 Saulis
385 4377 548 4452 respectu,
576 4369 617 4433 ab
639 4368 729 4434 omni
750 4367 847 4450 culpa
874 4388 910 4432 se
936 4365 1061 4447 eximit,
1113 4368 1177 4432 Dei
1198 4386 1277 4431 reru
1299 4366 1554 4434 misericordiam
1577 4369 1618 4433 ab
1641 4368 1761 4453 iniquis
1783 4368 2080 4453 transgressoribus

96 4473 193 4541 atque
215 4458 277 4523 hoe
299 4456 395 4521 modo
416 4455 616 4538 integritatis
638 4474 716 4519 suae
733 4453 805 4518 Deo
827 4451 983 4517 iudicium
1006 4449 1061 4515 de·
1112 4452 1305 4536 prohibens,
1335 4475 1400 4519 nou
1429 4452 1562 4518 dubium
1591 4463 1640 4519 est
1665 4453 1744 4537 quin
1773 4453 1926 4538 reprobos
1949 4461 2078 4519 tantum

96 4546 168 4621 lert,
191 4565 273 4628 quae
294 4540 457 4625 perversis
479 4540 649 4605 calumniis
671 4539 757 4622 apud
780 4539 927 4604 homines
949 4557 1062 4602 suoeu·
1112 4548 1214 4614 notet,
1232 4558 1370 4621 quorum
1392 4537 1561 4621 deplorata
1583 4549 1654 4604 eret
1674 4541 1838 4624 iniquitas.
1883 4538 2079 4621 Quanquam

96 4630 219 4695 buerat.
265 4625 432 4710 Quidquid
464 4626 604 4702 iactent,
632 4625 754 4708 inquit,
787 4645 851 4688 non
881 4624 1062 4707 reperietur
1112 4625 1209 4690 simul
1230 4623 1406 4689 tenendum
1428 4633 1478 4690 est
1499 4623 1585 4707 quod
1607 4631 1704 4690 antea
1726 4625 1904 4709 attigimus,
1928 4635 1995 4689 tam
2013 4622 2079 4707 pri-

95 4717 131 4781 in
170 4737 224 4780 me
262 4714 368 4780 scelus
407 4731 468 4777 nee
507 4718 685 4795 peccatam.
747 4708 907 4790 Quamvis
951 4719 1060 4773 temen
1112 4724 1190 4775 vato
1211 4710 1328 4774 affeetu
1350 4709 1452 4775 fuisse
1473 4722 1626 4792 exutum,
1659 4731 1757 4793 quam
1786 4720 1960 4794 purgatum
1990 4709 2079 4774 omni

96 4800 239 4868 bellandi
261 4800 389 4864 ratione
410 4807 559 4876 careant,
582 4796 659 4861 dicit
681 4816 736 4860 eos
757 4815 881 4861 mac
904 4794 956 4860 vel
976 4807 1061 4858 sata·
1113 4794 1245 4860 turbida
1265 4794 1466 4877 intemperie.
1509 4797 1742 4879 Praeterquam
1766 4816 1842 4878 ergo
1865 4794 1948 4878 quod
1978 4794 2079 4860 exitio

96 4909 191 4973 gere,
220 4886 336 4971 quibus
358 4884 468 4948 verbis
489 4881 647 4966 intelligit
667 4880 752 4946 nihil
772 4902 827 4947 eos
849 4880 1000 4946 omittere
1020 4877 1061 4943 ad
1112 4882 1178 4946 iam
1201 4877 1345 4946 addictos
1367 4901 1439 4945 esso
1460 4883 1567 4958 norit,
1596 4879 1637 4945 de
1659 4881 1775 4962 quibus
1797 4893 1864 4944 tam
1895 4901 2008 4946 severe
2030 4879 2078 4945 lo·

95 4986 278 5038 extremam
310 4968 530 5052 diligentiam:
564 4968 644 5033 adeo
672 4966 796 5034 scilicet
824 4968 858 5031 in
886 4965 1061 5047 perniciem
1112 4965 1232 5048 quitur,
1254 4986 1336 5047 puro
1358 4976 1392 5030 et
1412 4968 1590 5050 composito
1610 4966 1744 5048 spiritus
1766 4966 1851 5041 zelo,
1874 4986 2078 5032 communem

96 5059 208 5124 miseri
232 5056 372 5121 bominis
393 5053 511 5137 cupide
531 5056 675 5120 intentos
695 5073 776 5117 esse.
1112 5051 1220 5134 potius
1242 5051 1379 5117 eclesiae
1401 5070 1543 5130 causam,
1566 5071 1662 5134 quam
1686 5071 1778 5115 suam
1800 5053 1876 5134 agit.
1911 5050 1990 5117 Ideo
2012 5071 2078 5116 non

182 5144 212 5209 5.
235 5141 402 5227 (Eccitare
423 5141 458 5205 ia
479 5138 664 5224 occursum.)
706 5137 836 5203 Alludit
857 5140 898 5205 ad
920 5137 1062 5203 bostium
1112 5145 1162 5202 est
1184 5156 1243 5202 our
1264 5136 1334 5203 eius
1356 5136 1542 5221 exemplum
1561 5135 1741 5202 obtendant
1757 5157 1838 5220 quos
1856 5136 1897 5202 ed
1916 5135 2079 5221 crepauda

93 5229 350 5306 festinationem,
374 5226 414 5290 de
432 5246 497 5308 qua
512 5226 665 5309 loquutus
683 5238 741 5301 est,
765 5244 805 5289 ne
823 5225 933 5291 miuus
951 5221 1062 5290 sedulo
1114 5222 1324 5289 anathemata
1345 5221 1484 5305 impellit
1504 5222 1652 5305 privatus
1674 5220 1774 5289 dolor.

1826 5324 1876 5378 36*
