4658 5856
163 366 226 433 831
1006 362 1222 431 PSALMUS
1247 363 1324 431 XC.
2099 364 2167 430 832

165 555 228 621 Dei
251 554 468 621 communiter
490 551 643 636 loquutus
664 560 758 631 esset,
786 573 852 618 non
875 553 996 617 frustra
1019 571 1134 616 nume·
1185 571 1262 634 pere
1289 552 1326 617 in
1349 551 1413 616 Dei
1441 552 1581 619 laudem.
1628 556 1678 621 De
1707 553 1867 637 particula
1895 554 1998 619 Amaia
2019 558 2048 619 et
2068 572 2163 618 maen

163 662 238 706 rum
261 647 376 717 mutat,
400 649 437 703 ut
459 641 595 723 quisque
616 637 761 703 fidelium
784 638 889 719 magis
911 638 997 703 serio
1021 648 1134 722 tanga·
1185 637 1279 702 iacile
1311 638 1486 718 assentior,
1519 638 1743 726 distinguendi
1777 639 1851 705 libri
1883 658 1982 706 causa
2014 639 2087 720 hio,
2123 650 2161 702 ut

162 737 217 793 tur
238 724 280 790 ad
301 724 471 791 orandum.
515 722 682 789 Particula
711 723 811 789 etiam
833 725 868 790 ia
892 725 968 789 aiau
996 722 1131 805 empha-
1185 722 1271 788 Psal.
1294 723 1346 802 41,
1372 723 1413 787 14
1435 738 1468 789 et
1489 726 1540 804 72,
1565 726 1606 792 19
1632 748 1704 793 osae
1724 727 1874 809 positam.
1920 723 1987 791 Sed
2010 724 2162 808 quisquis

161 813 228 880 tica
249 820 308 889 est,
338 813 432 894 quasi
455 809 584 886 diceret,
612 809 730 891 impios
754 830 820 876 non
842 819 972 875 tantum
1002 811 1132 874 eminus
1184 808 1353 875 Psalmum
1380 812 1576 895 composuit,
1604 813 1666 879 hac
1693 812 1912 897 gratulatione
1942 810 2030 876 haud
2063 808 2160 875 dubie

161 899 281 964 iactare
303 917 362 962 sua
383 895 535 972 convitia,
565 893 622 960 sed
648 914 782 960 vomere
809 904 924 962 contra
949 894 1033 961 filios
1056 895 1130 972 Dei,
1184 895 1218 958 in
1252 895 1349 962 rebus
1372 896 1569 964 tristissimis
1596 898 1706 965 levare
1734 898 1850 965 statuit
1879 896 2000 963 doloris
2032 896 2160 980 magni·

162 1004 245 1066 quae
276 982 340 1065 ipsi
374 983 534 1067 patienter
565 1000 624 1046 suo
660 982 734 1045 sinn
772 982 924 1065 excipere
962 993 1131 1065 cogantur.
1184 979 1342 1058 tudinem,
1366 988 1405 1045 ut
1426 981 1566 1049 alacrius
1588 985 1726 1050 salutem
1750 991 1905 1069 speraret

162 1068 256 1135 Facit
289 1080 398 1133 autem
430 1066 549 1133 saeculi
584 1068 687 1132 nostri
720 1069 937 1150 perversitas,
970 1077 1007 1131 ut
1037 1066 1131 1132 nobis

162 1155 365 1219 necessarius
387 1154 430 1216 sit
452 1152 551 1218 huius
573 1151 739 1218 doctrinae
762 1173 857 1220 usus:
888 1154 965 1235 quia
987 1153 1131 1235 profanis

163 1252 197 1305 et
229 1237 377 1322 superbis
410 1236 473 1302 Dei
506 1236 786 1320 contemptoribus
817 1238 939 1305 referta
960 1247 1011 1303 est
1033 1251 1130 1320 terra,

163 1326 219 1409 qui
241 1325 334 1389 nobis
357 1324 516 1388 insultare
547 1343 612 1388 non
640 1322 812 1389 desinunt:
842 1336 876 1389 et
904 1345 1004 1407 quum
1028 1323 1130 1390 Satan

162 1408 321 1477 facundus
339 1411 382 1474 sit
399 1409 475 1475 talis
492 1409 673 1475 rhetoricae
692 1410 857 1494 magister,
879 1411 1047 1474 materiam
1067 1410 1131 1474 illis

163 1503 346 1580 suggerunt
367 1495 521 1560 ecclesiae
543 1495 753 1561 calamitates.
799 1495 897 1577 Quod
920 1497 1026 1561 sinam
1047 1497 1130 1562 acci·

163 1582 258 1666 piunt
280 1580 414 1664 quidam
435 1599 494 1663 pro
516 1601 635 1648 arcano
657 1581 764 1647 cordis
791 1584 920 1660 affectu,
951 1583 1049 1647 nimis
1079 1603 1130 1647 ar·

162 1682 278 1751 gutum
303 1666 440 1732 videtur.

247 1752 299 1817 52.
322 1750 426 1837 (Quae
446 1752 674 1833 exprobrarunt
694 1752 840 1838 inimici.)
877 1753 948 1819 Iam
968 1775 1035 1819 non
1053 1753 1131 1820 dicit

161 1839 279 1922 impios
307 1841 375 1903 suis
403 1837 530 1920 probris
559 1858 681 1902 vexare
709 1840 793 1904 filios
823 1841 901 1920 Dei,
936 1839 993 1906 ssd
1022 1840 1129 1906 Deum

161 1925 270 2009 ipsum
288 1922 511 2007 proscindere:
535 1924 610 2006 quia
633 1922 695 1989 hcc
716 1926 757 1989 ad
780 1924 1017 1991 conciliandum
1039 1927 1130 1992 favo·

161 2030 232 2076 rem
259 2010 357 2093 longe
385 2008 547 2075 efficacius
576 2018 640 2087 est,
670 2009 781 2089 Deum
811 2030 927 2095 rogare
948 2021 983 2077 et
1004 2012 1131 2077 hortari

160 2104 199 2161 ut
219 2116 312 2161 suam
333 2115 465 2160 causam
487 2094 651 2177 suscipiat,
674 2116 740 2160 non
763 2095 857 2162 modo
880 2098 956 2179 quia
979 2098 1131 2163 vulnera-

160 2189 215 2246 tur
236 2181 271 2244 in
293 2180 448 2246 ecclesiae
469 2200 547 2245 suae
568 2199 718 2264 persona,
741 2182 798 2248 sed
817 2183 893 2266 quia
914 2183 1131 2249 contumeliae

161 2288 285 2343 omues,
316 2267 431 2349 quibus
457 2266 644 2349 exagitatur
664 2266 742 2332 fidei
764 2269 968 2352 simplicitas,
998 2269 1032 2333 in
1055 2293 1131 2336 eum

160 2351 362 2417 redundant:
384 2352 470 2418 sicut
491 2352 578 2435 apud
601 2352 741 2417 Iesaiam
759 2353 812 2431 37,
830 2355 873 2420 22
896 2355 993 2421 dicit:
1023 2354 1131 2440 Super

159 2460 257 2521 quem
276 2446 373 2520 caput
389 2439 554 2504 concussit
571 2436 674 2503 hostis
694 2439 790 2505 tuus?
814 2450 846 2506 et
863 2443 914 2506 cui
932 2442 1131 2509 convitiatus

160 2533 218 2603 est,
239 2523 333 2607 virgo
350 2524 419 2589 filia
437 2522 541 2590 Sion?
565 2524 707 2589 Putabat
730 2526 861 2606 quidem
879 2527 1057 2594 sceleratus
1075 2529 1130 2594 ille

157 2609 242 2674 latro
272 2609 438 2692 Rapsaces
470 2609 598 2674 miseris
631 2608 761 2675 Iudaeis
794 2634 829 2677 se
860 2612 1014 2690 illudere,
1051 2636 1131 2696 quos

1517 1355 1724 1428 usauuus
1746 1318 1819 1428 xo]

1183 1542 1269 1599 ABG.
1288 1544 1356 1608 Quia
1368 1544 1457 1598 Moses
1475 1551 1532 1597 tam
1549 1545 1584 1598 de
1597 1546 1734 1598 brevitate
1752 1553 1781 1599 et
1796 1547 1912 1599 mmeriis
1930 1546 2065 1600 humanae
2078 1532 2157 1609 vilae,

1287 1630 1369 1681 quam
1380 1612 1415 1665 de
1427 1614 1523 1681 poenis
1541 1613 1691 1668 israelitico
1709 1614 1811 1684 populo
1822 1615 1932 1669 inflictis
1945 1617 2028 1669 verba
2040 1616 2158 1668 facturus

1286 1686 1353 1747 erat,
1371 1688 1402 1734 nt
1414 1681 1597 1736 consolatione
1616 1683 1708 1751 aliqua
1724 1689 1860 1751 temperet
1878 1701 1959 1753 quem
1977 1701 2010 1737 ex
2023 1684 2159 1737 communi

1286 1755 1400 1802 naturae
1423 1751 1496 1819 lege,
1524 1751 1641 1805 maxime
1666 1768 1731 1805 vero
1759 1769 1792 1805 ex
1819 1753 1938 1821 propriis
1965 1753 2158 1806 afflictionibus

1287 1818 1409 1872 dolorem
1427 1826 1456 1871 et
1473 1824 1576 1872 metum
1593 1821 1736 1888 concipere
1753 1827 1866 1889 possent
1887 1822 1993 1885 fideles,
2019 1822 2056 1875 de
2079 1837 2158 1890 pecn-

1286 1888 1348 1941 liari
1371 1888 1461 1956 gratia
1504 1888 1631 1953 raeiatur,
1657 1906 1711 1957 qua
1728 1890 1801 1943 Dens
1824 1891 1940 1943 electum
1964 1891 2097 1971 populum
2119 1890 2157 1942 di·

1287 1962 1385 2035 gnatus
1403 1964 1453 2010 aet.
1485 1905 1599 2010 beoitat
1615 1958 1714 2011 deinde
1732 1959 1824 2027 paucis
1843 1976 1924 2028 quam
1940 1976 2042 2013 misera
2060 1960 2097 2012 sit
2111 1958 2156 2011 ho-

1287 2041 1391 2077 minum
1409 2025 1529 2079 conditio
1547 2027 1571 2079 si
1588 2026 1617 2079 in
1635 2027 1735 2081 mundo
1754 2028 1904 2097 subsidant,
1930 2028 2095 2096 praesertim
2113 2027 2157 2080 ubi

1288 2093 1361 2145 Deus
1380 2093 1415 2146 ad
1430 2094 1550 2148 tribunal
1567 2111 1645 2147 suum
1664 2111 1725 2149 reos
1743 2096 1818 2150 citat.
1845 2096 1995 2165 Postquam
2012 2113 2079 2150 vero
2097 2112 2157 2150 con·

1292 2167 1403 2230 questus
1421 2169 1464 2215 est
1480 2163 1549 2216 filios
1568 2179 1676 2233 quoqne
1694 2165 1823 2218 Abrahae
1843 2166 1913 2219 hanc
1930 2168 2107 2219 severitatem
2125 2164 2158 2217 ad

1292 2238 1399 2310 tempus
1426 2247 1485 2284 esse
1512 2239 1654 2301 expertos,
1686 2240 1717 2284 ut
1742 2250 1866 2289 moerore
1892 2233 2156 2302 prope'conaumpti

1290 2298 1400 2367 fuerint,
1417 2300 1536 2367 gratuito
1553 2300 1646 2354 lavore
1665 2301 1715 2355 Dei
1731 2301 1818 2357 iratus
1836 2318 1890 2372 quo
1908 2303 1969 2356 illos
1980 2303 2034 2355 sibi
2046 2303 2157 2370 adopta·

1290 2376 1374 2431 verat,
1399 2376 1528 2437 precatur
1545 2376 1576 2422 nt
1593 2386 1622 2423 se
1640 2386 1733 2423 rursus
1751 2372 1919 2433 clementem,
1942 2372 2012 2425 sicut
2030 2372 2105 2439 olim,
2127 2387 2157 2424 ac

1290 2437 1437 2490 beneficum
1461 2438 1598 2500 exhibeat,
1621 2440 1697 2492 utin
1715 2439 1796 2494 finem
1815 2457 1900 2509 usque
1918 2448 2101 2510 prosequatur
2118 2446 2157 2493 to·

1288 2513 1345 2559 tum
1364 2507 1469 2573 gratiae
1487 2523 1552 2560 suae
1570 2523 1686 2560 aureum.

1271 2676 1414 2744 Precatio
1432 2677 1536 2744 Mesia
1552 2680 1616 2744 oiri
1634 2679 1708 2746 Dei.
1746 2683 1776 2744 1.
1794 2679 1929 2745 Domiae
1948 2678 2158 2744 babitaculum

158 2696 291 2760 tenebat
319 2694 483 2770 obsessos,
514 2704 546 2758 et
569 2714 649 2775 quos
671 2715 846 2776 persuasus
872 2707 943 2761 erat
973 2719 1048 2762 mox
1076 2701 1131 2764 de·
1283 2764 1289 2775 ,
1325 2763 1331 2775 ‚
1417 2765 1423 2777 ,
1468 2765 1474 2777 ,
1650 2767 1656 2777 ‚
1906 2767 1912 2780 Ι

159 2779 316 2844 ditionem
344 2780 504 2844 facturos:
538 2778 631 2842 Deus
655 2789 762 2844 tamen
786 2782 919 2863 perinde
949 2786 1073 2867 accepit
1094 2804 1132 2849 ac
1184 2766 1218 2825 lu
1237 2762 1331 2844 smil*
1351 2763 1440 2828 ”0⁶²⁸
1460 2784 1496 2827 m
1516 2770 1712 2846 teneram
1729 2771 1757 2829 el
1772 2771 1979 2849 deneralwlle·
2012 2764 2043 2829 2·
2060 2764 2155 2828 Am·

159 2867 186 2930 si
210 2865 279 2929 eius
302 2862 511 2947 blasphemiis
543 2875 631 2928 recta
660 2865 826 2948 impetitus
848 2867 938 2932 icret.
983 2869 1056 2936 Hae
1079 2892 1129 2935 ra·
1184 2868 1279 2928 duam
1296 2853 1411 2912 'mles
1428 2855 1637 2927 'lammis
1656 2856 1684 2914 ⁶⁶
1699 2851 1856 2932 smmi
1873 2857 1990 2917 terram
2003 2856 2032 2914 0⁶
2047 2850 2155 2928 ΨΜ,

159 2952 248 3014 tione
271 2950 369 3014 etiam
394 2963 487 3015 vocat
510 2951 619 3014 hostes
642 2949 717 3034 Dei,
740 2955 815 3034 quia
839 2954 1007 3020 ecclesiam
1033 2956 1131 3020 hosti·
1183 2933 1397 3000 ‘laistim
1417 2954 1516 3015 “⁸4¹⁴ss
1536 2936 1572 2999 ta
1592 2935 1750 3002 Samium
1771 2942 1805 3000 lu
1827 2957 1860 3002 ⁶8
1881 2936 1979 3002 Deus·

159 3037 235 3100 liter
268 3035 489 3118 persequendo
520 3037 642 3114 Deum,
672 3039 706 3101 iu
729 3040 821 3104 cuius
845 3042 1043 3122 protectione
1071 3050 1130 3121 est,

160 3122 293 3187 violant.
346 3120 443 3202 Quod
477 3121 518 3186 ad
552 3123 730 3186 seeundum
765 3125 946 3191 membrum
980 3128 1130 3209 pertinet,
1268 3120 1418 3186 Dubium
1449 3133 1500 3187 est
1529 3123 1770 3206 compositusne
1799 3126 1898 3189 luerit
1919 3124 2074 3190 Psalmus
2103 3123 2154 3190 hic

153 3208 284 3290 placatos
320 3206 437 3272 Christi
474 3207 581 3289 posuit
615 3229 673 3290 pro
707 3207 869 3289 adventu,
909 3213 1005 3277 sicuti
1045 3213 1130 3297 apud
1183 3206 1329 3284 aMoee,
1358 3228 1400 3272 au
1423 3229 1502 3273 vero
1524 3228 1565 3273 ex
1587 3207 1741 3292 precandi
1769 3210 1873 3274 forma
1893 3230 1953 3293 per
1974 3230 2092 3275 manus
2115 3210 2154 3275 ab

160 3294 242 3358 Iesa.
261 3293 312 3373 52,
331 3294 365 3356 i:
395 3293 504 3373 Quam
523 3291 627 3374 pulcri
647 3306 724 3359 scint
744 3295 841 3377 pcdes
863 3300 1131 3364 annuntiantium
1185 3312 1222 3358 ee
1241 3293 1362 3358 tradita
1379 3293 1539 3376 quispiam
1557 3295 1793 3377 prophetarum
1811 3297 1974 3362 canticum
1994 3295 2154 3379 aptaverit

161 3381 290 3463 pacem!
325 3379 410 3443 Nam
433 3380 494 3443 etsi
517 3391 602 3486 pr
624 3380 787 3446 interdum
817 3382 936 3448 calcum
960 3384 1132 3467 siguificat,
1184 3380 1218 3444 in
1240 3400 1337 3444 usum
1358 3377 1479 3461 populi.
1516 3378 1615 3445 (lerte
1637 3398 1702 3444 uon
1722 3381 1780 3446 abs
1797 3402 1833 3445 re
1851 3381 1937 3446 Mosi
1959 3382 2154 3464 inscriptum

162 3466 223 3529 boc
235 3478 343 3529 tamen
356 3465 434 3544 loco,
446 3465 540 3531 sicuti
562 3463 639 3529 alibi
662 3487 767 3548 saepe,
792 3470 919 3550 proprie
941 3483 991 3534 est
1009 3469 1131 3554 planta,
1184 3485 1255 3530 esse
1277 3464 1444 3547 probabile
1472 3472 1539 3529 est:
1568 3465 1643 3543 imo,
1672 3486 1774 3549 quum
1797 3468 1862 3532 iam
1885 3468 1955 3532 eius
1977 3477 2084 3532 aetate
2106 3466 2154 3531 vi-

164 3550 215 3615 vel
238 3551 372 3615 inferior
394 3571 468 3633 pars
491 3548 590 3632 pedis.
630 3551 698 3616 Alii
721 3553 926 3619 transferunt
947 3556 1130 3639 vestigium,
1185 3559 1276 3634 geret
1291 3550 1498 3615 Psalmorum
1516 3572 1605 3633 usus,
1633 3573 1706 3617 eum
1730 3572 1801 3619 esse
1823 3563 1970 3617 autorem
2000 3573 2068 3617 non
2096 3552 2154 3617 du·

163 3635 275 3701 eodem
296 3658 404 3702 sensu.
439 3635 536 3702 Certe
559 3636 695 3703 dubium
718 3661 782 3702 non
805 3649 854 3704 est
872 3641 951 3724 quin
974 3661 1031 3723 per
1053 3663 1131 3726 syn·
1185 3637 1262 3702 bito.
1312 3635 1378 3716 Qui
1410 3654 1490 3700 vero
1520 3636 1742 3721 inscriptionis
1774 3640 1933 3703 rationum
1967 3638 2054 3704 hanc
2085 3658 2154 3703 esse

164 3720 327 3787 eodochen
358 3721 455 3805 pedes
478 3721 627 3807 designet
653 3724 828 3806 propheta,
861 3739 893 3790 et
916 3748 1030 3792 rursus
1063 3749 1131 3791 me·
1185 3722 1315 3800 volunt,
1344 3720 1430 3802 quod
1453 3722 1493 3785 ab
1515 3725 1585 3788 eius
1612 3724 1749 3805 posteris
1778 3733 1928 3789 cantatus
1954 3724 2069 3802 suerit,
2097 3744 2155 3789 cur

165 3808 329 3891 touymice
351 3809 531 3872 adveutum
554 3808 693 3874 Messias
717 3809 886 3894 intelligat.
933 3812 1022 3892 Quia
1043 3813 1131 3876 enim
1185 3805 1226 3871 ad
1244 3815 1312 3871 tam
1330 3806 1486 3891 frigidum
1508 3821 1729 3873 commentum
1747 3809 1940 3894 confugiant
1957 3831 2023 3874 non
2041 3809 2154 3874 video:

163 3891 318 3957 videbant
339 3895 428 3976 impii
451 3916 507 3977 spe
530 3894 762 3978 redemptionis
790 3896 930 3962 Iudaeos
958 3919 1132 3980 suspensos
1184 3892 1251 3957 imo
1273 3904 1384 3975 aperte
1407 3913 1462 3957 eos
1482 3892 1600 3958 refellit
1622 3894 1709 3976 quod
1728 3916 1805 3959 mox
1823 3894 1953 3959 additur
1976 3895 2153 3977 epitheton.

164 3998 251 4056 csse,
283 3988 316 4044 et
344 3981 419 4061 quia
452 3981 630 4062 promissus
663 3991 735 4045 erat
767 3980 938 4058 liberator,
971 3986 1132 4065 patienter
1184 3977 1298 4059 Neque
1327 3977 1415 4043 euim
1446 3977 1502 4042 abs
1532 3999 1568 4042 re
1590 3979 1700 4044 Moses
1729 3979 1782 4045 hio
1812 3980 1932 4046 diserte
1965 3983 2154 4046 nominatur

164 4063 326 4147 quaslibet
347 4085 521 4131 aerumnas
543 4065 646 4130 ferre:
669 4065 824 4146 probrose
848 4066 997 4132 ridebant
1019 4090 1130 4134 eorum
1184 4065 1235 4128 cir
1256 4062 1329 4143 Dei,
1361 4061 1417 4127 sed
1449 4062 1626 4129 honorifico
1657 4066 1753 4130 titulo
1781 4075 1926 4145 ornatur,
1956 4068 2012 4149 qui
2032 4066 2154 4131 autori·

164 4150 364 4234 patientiam,
387 4172 424 4217 ac
439 4153 467 4215 si
482 4150 664 4217 fabulosum
686 4160 771 4215 esset
786 4152 942 4235 quidquid
958 4153 997 4217 de
1008 4153 1132 4220 Christi
1185 4159 1284 4213 tatem
1308 4147 1473 4215 doctrinae
1496 4148 1650 4216 conciliet.
1697 4149 1822 4231 Quodsi
1844 4151 2041 4235 permittitur
2067 4153 2154 4218 locus

164 4234 306 4301 adventu
336 4238 444 4300 testati
474 4238 602 4301 fuerant
631 4235 816 4318 prophetae.
861 4237 957 4303 Nunc
986 4241 1045 4303 etsi
1074 4262 1131 4304 ex·
1184 4234 1389 4314 coniecturis,
1415 4233 1568 4302 credibile
1591 4245 1649 4314 est,
1671 4256 1772 4318 quum
1793 4236 1859 4303 iam
1881 4238 2019 4303 instaret
2040 4238 2154 4303 mortis

164 4321 288 4385 hibitus
309 4321 410 4386 semel
433 4321 495 4385 fuit
515 4320 648 4399 mundo,
678 4323 754 4404 quia
784 4334 892 4387 tamen
921 4337 1070 4407 receptus
1097 4327 1131 4390 in
1184 4329 1325 4404 tempus,
1347 4332 1383 4384 ut
1400 4319 1592 4385 diuturnum
1614 4342 1794 4388 moerorem
1816 4322 1878 4389 snb
1902 4343 1964 4406 quc
1986 4323 2055 4388 fere
2077 4344 2165 4389 con··
2205 4336 2223 4351 ‘

164 4407 336 4472 coelestem
365 4406 512 4492 gloriam,
542 4406 672 4470 videtur
702 4407 811 4487 procul
843 4408 964 4474 distare
986 4433 1006 4474 a
1027 4410 1131 4488 nobis,
1185 4407 1335 4470 tabuerat
1366 4405 1520 4488 populus,
1548 4405 1680 4485 leniret,
1709 4418 1807 4491 atque
1836 4409 1961 4473 animos
1990 4409 2152 4473 malcrum

167 4510 199 4557 et
233 4493 401 4558 ecclesiam
436 4511 529 4556 suam
568 4490 764 4557 deseruisse:
806 4494 1013 4560 subsannant
1041 4517 1132 4579 spem
1185 4492 1336 4574 congerie
1368 4511 1538 4573 oppressos
1575 4501 1753 4576 recrearet,
1793 4495 2031 4577 praecationem
2067 4495 2152 4560 hauc

166 4592 309 4642 nostram
344 4578 466 4661 impuri
505 4596 622 4653 canes,
669 4599 706 4643 uc
745 4580 773 4644 si
813 4599 902 4643 mera
941 4594 1028 4646 esset
1066 4582 1132 4646 fru·
1186 4576 1334 4642 dictasse.
1372 4575 1446 4641 Etsi
1467 4579 1554 4642 anim
1577 4578 1736 4645 mirabilis
1756 4578 1791 4643 in
1815 4578 2036 4662 redemptione
2060 4578 2152 4643 afful-

165 4665 289 4730 stratio.
1186 4674 1271 4727 serat
1294 4662 1358 4727 Dei
1381 4663 1518 4746 bonitas,
1540 4684 1622 4745 quae
1644 4663 1783 4746 sepultis
1803 4665 1966 4747 prioribus
1986 4667 2153 4730 aerumnis

250 4751 302 4815 53.
325 4747 526 4836 (Benedictus
544 4747 658 4814 Ieboco
679 4748 714 4812 ia
736 4749 918 4836 oeternum.)
954 4750 1057 4816 Miror
1075 4771 1133 4819 cur
1185 4748 1310 4813 laetitia
1332 4768 1386 4813 eos
1408 4749 1557 4830 repleret,
1586 4748 1708 4815 scimus
1734 4759 1936 4816 tameneam
1960 4751 2152 4833 paulopost

166 4836 317 4901 nonnulli
339 4835 534 4917 interpretes
552 4855 685 4901 versum
708 4833 796 4900 hunc
814 4854 833 4897 a
851 4834 983 4901 librario
1005 4838 1133 4922 fingant
1184 4833 1314 4898 illorum
1332 4834 1571 4918 ingratitudine
1589 4834 1688 4900 fuisse
1708 4835 1919 4902 exstinctam:
1941 4838 1987 4901 ita
1999 4857 2056 4919 per
2068 4846 2150 4902 totos

165 4921 312 4987 additum
330 4921 438 4997 fuisse,
457 4923 533 5003 quia
550 4921 718 4987 contextui
737 4940 801 4984 non
818 4921 999 5004 respondet.
1029 4920 1133 5002 Quasi
1185 4918 1400 5003 quadraginta
1421 4939 1526 4985 annos
1546 4920 1718 4986 continuos
1740 4921 1880 5006 languor
1898 4923 1931 4987 in
1949 4921 2079 4987 deserto
2097 4942 2151 4988 ecs

164 5027 244 5073 vero
277 5028 341 5071 non
372 5026 472 5089 aeque
503 5007 538 5069 in
569 5005 712 5072 clausula
745 5009 918 5071 conveniat
952 5006 1131 5073 benedictio
1185 5005 1322 5070 attrivit.
1367 5003 1560 5089 Opportune
1587 5005 1689 5089 igitur
1718 5016 1797 5073 tunc
1827 5028 1940 5092 rogare
1963 5008 2072 5072 Deum
2097 5028 2151 5091 po·

164 5092 239 5173 Dei,
262 5101 359 5175 atque
380 5093 415 5155 in
435 5091 576 5157 exordio.
614 5093 702 5175 Ergo
723 5090 807 5155 mibi
829 5090 962 5157 dubium
986 5114 1050 5159 non
1072 5103 1131 5176 est,
1185 5091 1249 5155 tuit
1278 5090 1401 5169 Moses,
1436 5102 1472 5157 ut
1501 5092 1679 5158 secundum
1710 5113 1814 5158 anuos
1846 5094 1963 5178 quibus
1995 5094 2150 5177 populum

166 5189 337 5260 postquam
360 5176 461 5242 libere
483 5176 684 5243 calamitates
713 5174 867 5242 ecclesiae
896 5178 1029 5244 deflevit
1057 5200 1130 5261 pro·
1184 5197 1280 5241 suum
1313 5176 1491 5255 afflixerat,
1528 5178 1703 5243 clementer
1735 5189 1769 5244 et
1801 5178 1941 5263 benigne
1973 5199 2048 5244 cum
2081 5180 2150 5262 ipso

166 5261 274 5346 pheta,
297 5271 334 5328 ut
351 5261 471 5329 doloris
492 5262 701 5329 acerbitatem
724 5261 835 5337 leniat,
857 5264 1003 5330 consulto
1026 5284 1132 5330 erum·
1184 5273 1305 5346 ageret.
