4658 5856
218 347 280 413 419
1045 340 1263 447 essenus
1286 344 1382 411 xm.
2111 307 2114 312 ’
2142 341 2210 406 420

219 535 403 601 testimonio
443 532 618 614 admoniti,
657 531 807 598 cohibere
854 531 1016 599 discamus
1054 530 1191 596 nimiam
1244 543 1337 616 gunt.
1383 533 1485 617 Atqui
1508 533 1642 599 minime
1664 553 1788 598 novum
1810 543 1875 614 est,
1904 533 1960 618 qui
1989 539 2112 598 moesto
2135 543 2214 599 sunt

218 636 365 686 nostram
395 620 646 685 festinationem.
691 617 880 685 Prudenter
906 625 1015 683 autem
1044 617 1190 683 iudican-
1245 619 1364 702 animo,
1387 620 1544 686 coniicere
1566 640 1601 685 se
1623 621 1658 684 in
1675 619 1841 694 lectulum,
1863 631 1896 684 et
1916 618 2116 697 decumbere,
2138 620 2214 703 quia

220 706 297 771 dum
320 716 369 770 est
391 705 431 770 de
453 704 584 770 afflictis
607 704 778 783 iratribus,
806 714 843 767 ut
873 703 913 769 de
944 724 1057 769 eorum
1083 702 1191 768 salute
1245 702 1393 771 homines
1426 705 1532 789 magis
1560 705 1724 770 interdum
1755 705 1889 771 tristitia
1918 705 2086 770 exanimat
2114 726 2213 788 qnam

220 792 302 857 bane
324 810 514 874 speremus:
547 812 587 856 ne
609 791 639 856 si
666 790 880 856 inclementer
909 800 985 855 ante
1014 798 1144 872 tempus
1173 807 1192 852 a
1245 791 1387 857 morbus.
1443 790 1541 857 Certe
1574 791 1740 874 probabile
1772 801 1822 857 est
1855 793 2037 876 graviorem
2070 791 2214 873 aliquam

221 877 315 943 nobis
338 877 483 942 damnati
504 876 632 952 luerint,
656 875 710 942 hic
732 876 873 942 iniustus
902 876 992 960 rigor
1020 876 1056 940 in
1086 874 1193 957 capita
1244 874 1368 941 cladem
1391 884 1468 943 tuno
1495 876 1596 942 fuisse
1619 877 1739 942 Davidi
1769 877 1942 955 inflictam,
1970 896 2053 960 quae
2082 877 2214 960 signnm

222 972 333 1029 nostra
355 962 487 1028 recidat.
524 963 703 1045 Praecipue
715 972 824 1026 tamen
838 963 1016 1027 notandum
1038 959 1191 1042 estquod
1245 972 1331 1027 esset
1352 984 1419 1027 non
1441 963 1588 1047 vulgaris
1618 963 1686 1027 irae
1709 962 1781 1027 Dei.
1826 963 1867 1027 ln
1896 961 2039 1028 secundo
2068 962 2217 1027 membro

221 1070 320 1133 snpra
354 1050 457 1132 attigi,
491 1045 652 1113 Davidem
683 1047 836 1131 malignis
867 1049 1036 1130 saevisque
1064 1044 1193 1111 iudiciis
1247 1068 1360 1113 versus
1404 1048 1515 1114 subest
1554 1049 1662 1131 aliqua
1700 1050 1890 1117 obscuritas.
1943 1048 2085 1129 Quidam
2126 1052 2215 1113 enim

221 1136 289 1200 lere
311 1135 473 1212 obrutum,
496 1134 557 1197 hac
579 1133 800 1199 consolatione
824 1155 859 1198 se
881 1153 1035 1213 armasse,
1058 1152 1100 1196 ne
1124 1142 1191 1196 ten·
1244 1138 1375 1198 atratum
1392 1139 1507 1200 emere
1529 1134 1575 1198 ita
1597 1135 1772 1216 accipiunt,
1795 1136 1888 1216 quasi
1908 1133 2010 1212 Deus,
2033 1147 2071 1198 ut
2092 1135 2218 1199 relocil-

222 1221 340 1286 tationi
372 1218 602 1285 succumberet.
659 1217 835 1285 Discamus
868 1240 946 1303 ergo
984 1229 1016 1284 et
1049 1237 1126 1296 nos,
1166 1217 1193 1281 si
1245 1218 1398 1285 lationem
1430 1219 1522 1284 deret
1548 1240 1643 1285 servo
1672 1240 1747 1296 suo,
1783 1221 1952 1285 culcitram
1982 1221 2053 1283 eius
2089 1241 2219 1303 compo·

222 1304 350 1390 qnando
380 1303 529 1388 superbis
559 1304 731 1369 hominum
760 1304 890 1370 iudiciis
918 1304 1016 1370 iidem
1046 1312 1192 1369 nostram
1246 1306 1365 1384 suerit,
1394 1316 1430 1369 nt
1460 1305 1602 1390 aegrotis
1627 1306 1697 1370 fieri
1727 1306 1809 1370 solet
1837 1325 1900 1387 qno
1927 1304 2060 1370 mollius
2088 1326 2220 1371 recum-

222 1391 417 1457 labefactare
440 1390 575 1455 molitur
597 1388 719 1471 Satan,
748 1411 863 1455 sensus
884 1400 1011 1456 nostros
1040 1388 1080 1453 ad
1109 1387 1194 1452 hanc
1247 1389 1335 1456 bant.
1372 1392 1438 1456 Alii
1461 1391 1580 1456 rectius
1603 1390 1689 1478 (meo
1712 1389 1842 1477 indicio)
1863 1411 1995 1455 versum
2017 1390 2129 1456 dieunt
2148 1412 2221 1455 esse

246 1475 429 1542 rudentiam
463 1476 595 1555 referre,
629 1497 670 1541 ne
706 1475 889 1558 desperatio
923 1475 1017 1541 nobis
1049 1474 1193 1556 obrepat.
1246 1476 1378 1554 lectum,
1401 1477 1457 1559 qui
1480 1478 1592 1542 morbo
1615 1476 1796 1542 destinatus
1817 1488 1896 1552 erat,
1927 1475 1985 1541 ubi
2008 1475 2135 1541 reddita
2158 1476 2223 1541 luit

258 1562 287 1628 ic
309 1561 472 1646 genuinus
495 1572 544 1626 est
566 1561 924 1643 praesentisdoetrinae
946 1583 1036 1628 usus.
1070 1560 1125 1646 (Iu
1144 1560 1196 1625 die
1248 1561 1369 1627 Davidi
1392 1563 1532 1628 sanitas:
1565 1563 1626 1628 hoe
1645 1584 1759 1646 sensu,
1792 1561 1942 1644 quamvis
1965 1584 2052 1626 nuno
2074 1573 2223 1628 moestus

222 1647 308 1713 melo
329 1645 496 1734 liberabit.)
519 1647 683 1745 ,Quidam
706 1648 867 1731 superiori
889 1647 1035 1713 membro
1064 1646 1197 1712 coninn·
1246 1648 1350 1713 iaceat
1372 1669 1467 1730 quern
1480 1648 1645 1713 Dominus
1667 1649 1726 1713 sub
1749 1647 1974 1731 crnceerndit,
1997 1649 2090 1712 brevi
2109 1660 2222 1713 tamen

222 1745 322 1817 gunt:
346 1744 377 1798 et
399 1731 576 1799 tolerabilis
599 1748 685 1800 esset
706 1732 814 1814 lectio,
841 1734 902 1799 nisi
925 1733 1007 1802 haee
1029 1732 1196 1799 distinctio
1249 1733 1289 1798 ab
1312 1734 1458 1799 eiusdem
1480 1734 1546 1798 Dei
1569 1755 1668 1798 mann
1691 1735 1857 1818 continget
1881 1733 2010 1816 levatio,
2045 1755 2110 1817 qna
2133 1735 2223 1799 vires

223 1821 329 1902 aptior
352 1819 445 1897 loret,
467 1840 563 1902 quam
587 1830 619 1883 et
638 1828 789 1886 accentus
811 1819 955 1885 adiuvat.
999 1820 1097 1886 Certe
1120 1818 1196 1884 hino
1249 1831 1428 1903 recuperet.

222 1903 351 1988 plenior
371 1904 499 1970 elicitur
517 1904 673 1983 doctrina,
697 1905 876 1971 Dominum
900 1905 1107 1972 liberatorem
1129 1905 1197 1968 lore

223 1990 377 2073 pauperis
398 1989 433 2054 in
456 1988 508 2054 die
530 1989 676 2058 adverso.
714 1991 841 2056 Putant
863 1991 1011 2057 nonnulli
1034 1989 1197 2058 Davidem

224 2077 307 2141 bene
330 2075 455 2159 precari
477 2075 602 2142 dextris
624 2086 658 2142 et
678 2074 856 2142 moderatis
878 2077 1082 2154 hominibus,
1112 2095 1149 2141 ac
1170 2076 1198 2140 si

226 2161 364 2226 diceret:
391 2159 567 2242 Dominus,
591 2162 618 2227 si
641 2160 771 2245 qnando
793 2161 868 2228 illos
890 2163 1059 2247 contingat
1081 2164 1198 2228 misere

227 2247 350 2329 affligi,
390 2244 532 2312 vicissim
575 2245 735 2347 rependat
773 2248 966 2314 clementiae
1006 2248 1197 2315 mercedem.

227 2333 295 2399 Alii
317 2332 463 2398 sentiunt
473 2331 588 2397 referri
609 2332 864 2415 illorumvcrba,
887 2335 1064 2418 exquibus
1085 2356 1198 2401 eorum

226 2418 404 2503 prudentia
437 2430 469 2481 et
501 2418 662 2484 rectitudo
695 2419 836 2503 perspici
870 2431 977 2505 queat
1022 2420 1199 2486 Falluntur

227 2520 338 2569 tamen
362 2503 489 2586 utrique
512 2503 754 2591 (meoiudicio)
777 2503 854 2570 dum
883 2506 1083 2571 sententiam
1114 2507 1199 2571 hanc

226 2591 374 2673 optative
391 2589 513 2673 legunt.
549 2589 629 2656 Sive
648 2600 758 2655 antem
776 2592 811 2655 in
830 2612 899 2668 sua,
922 2593 992 2656 sive
1014 2591 1049 2655 in
1068 2593 1198 2658 illorum

225 2695 367 2761 persona·
386 2675 538 2757 loquatur
560 2674 688 2753 David,
722 2675 862 2741 breviter
892 2677 1088 2760 aequitatem
1111 2697 1199 2742 oom-
1339 2676 1370 2742 5.
1403 2674 1486 2761 (Epo
1519 2673 1614 2761 diei.)
1668 2673 1822 2739 Ostendit
1859 2674 1920 2741 hoc
1953 2695 2052 2741 versu
2091 2676 2126 2739 in
2158 2678 2227 2741 suis

227 2761 376 2839 mandat,
414 2781 496 2844 quae
530 2761 624 2825 nobis
657 2759 820 2826 servanda
853 2771 904 2827 est
937 2782 1016 2845 erga
1048 2764 1199 2829 miseros:
1252 2763 1346 2828 malis
1376 2783 1412 2826 se
1440 2761 1576 2826 minime
1606 2768 1752 2842 captasse
1781 2760 1965 2843 blanditias,
1995 2761 2091 2827 sicuti
2122 2764 2227 2825 maior

227 2868 345 2930 nempe
370 2847 520 2929 quamvis
546 2845 586 2910 ad
609 2854 739 2928 tempus
771 2868 806 2912 se
828 2847 920 2913 Deus
948 2848 1013 2912 illis
1034 2848 1199 2914 insensum
1252 2869 1327 2931 pars
1356 2847 1417 2913 sibi
1448 2845 1607 2928 adulatur,
1638 2855 1672 2910 et
1705 2864 1783 2911 suos
1816 2846 1943 2912 dolores
1978 2848 2069 2912 vanis
2102 2847 2226 2912 solatiis

1336 2024 1365 2090 5.
1390 2023 1458 2109 Epo
1479 2026 1559 2103 etet,
1582 2025 1697 2091 Ieboeo
1718 2024 1864 2090 miserere
1882 2026 1952 2102 mei,
1982 2045 2061 2090 aare
2083 2025 2225 2089 animam

1250 2129 1367 2175 aream:
1398 2113 1475 2193 quio
1496 2113 1624 2193 peccari
1656 2109 1723 2175 tibi.
1768 2110 1797 2175 6.
1821 2109 1952 2175 Inimici
1984 2112 2045 2175 reci
2077 2110 2225 2176 dicerunt

1250 2196 1369 2262 molum
1396 2198 1435 2262 de
1461 2218 1525 2262 me:
1558 2199 1689 2278 ρααηᾱο
1717 2196 1875 2270 morietur,
1909 2201 1936 2260 et
1965 2197 2082 2277 peribit
2114 2217 2226 2260 uomere

1251 2282 1344 2347 eiua?
1390 2281 1419 2346 t.
1445 2283 1533 2365 Quod
1553 2285 1584 2348 si
1602 2284 1685 2348 uertit
1712 2283 1755 2346 od
1776 2282 1948 2357 uisendum,
1971 2282 2158 2347 mendaciter
2180 2284 2225 2347 lo·

1250 2369 1368 2450 quitur,
1390 2386 1444 2432 cor
1461 2368 1721 2434 auraemalae
1739 2368 1935 2449 iniquitatem
1956 2368 2032 2432 eibi:
2053 2368 2107 2432 ubi
2123 2388 2226 2452 eures-

1251 2473 1308 2519 sus
1329 2455 1389 2518 erit
1407 2455 1510 2537 foras,
1532 2454 1679 2535 loquetur.

118 2982 120 2986 -
228 2932 388 3010 ostendat,
412 2933 589 3015 propitium
614 2940 724 2996 tamen
747 2933 824 3013 lore,
855 2934 907 2999 vel
930 2933 1046 2999 laetior
1068 2933 1199 2999 demum
1252 2934 1388 3000 mulceri
1411 2932 1511 3014 cupit.
1548 2932 1592 2996 Et
1604 2944 1692 2996 corte
1710 2933 1856 3013 quisquis
1878 2932 1996 3015 spiritu
2007 2932 2070 2997 Dei
2087 2933 2224 3015 regitur,

228 3020 335 3084 exitus
354 3025 520 3101 appareat,
543 3038 639 3100 quam
658 3016 815 3084 iudicium
834 3017 913 3084 ferri
931 3028 1029 3103 queat
1048 3041 1090 3085 ex
1106 3041 1200 3103 prae·
1253 3020 1365 3103 poenis
1384 3017 1571 3082 admonitus
1600 3029 1716 3100 sponte
1743 3037 1803 3081 sua
1833 3033 1964 3098 peccata
1986 3028 2155 3102 agnoscet,
2188 3040 2226 3081 ac

228 3104 315 3170 senti
345 3103 479 3168 intuitu.
523 3102 684 3169 Videmus
714 3125 801 3168 nuno
830 3113 950 3188 quanto
977 3104 1039 3171 hoo
1068 3105 1202 3171 uberius
1253 3103 1377 3188 placide
1399 3105 1538 3168 fratrum
1560 3123 1693 3168 suorum
1716 3105 1929 3168 correctiones
1960 3105 2129 3186 suscipiet:
2159 3104 2226 3167 imo

229 3193 272 3257 sit
293 3199 325 3255 et
336 3190 442 3274 magis
465 3188 697 3272 emphaticum,
720 3190 844 3273 sperari
862 3189 1036 3257 aDomino
1051 3193 1200 3270 salutem,
1254 3212 1309 3256 eas
1331 3189 1521 3274 praeveniet
1543 3189 1729 3253 voluntaria
1751 3190 1961 3254 consessione.
2014 3189 2133 3271 Porro,
2164 3188 2226 3254 hac

230 3276 328 3341 etiam
351 3277 384 3339 in
408 3275 459 3340 die
491 3276 592 3353 malo,
623 3294 699 3339 nam
729 3275 850 3359 alioqui
879 3276 992 3342 nullus
1021 3299 1062 3342 ex
1090 3276 1201 3343 dolore
1254 3287 1333 3342 nota
1360 3275 1516 3342 discernit
1544 3295 1580 3339 se
1611 3273 1721 3339 David
1752 3295 1771 3338 a
1798 3273 1946 3357 reprobis
1974 3285 2007 3341 et
2034 3273 2225 3358 desperatis,

230 3369 421 3445 emergeret.
482 3360 599 3443 Neque
631 3360 718 3426 enim
760 3361 865 3426 solum
907 3362 1057 3428 hortatur
1088 3363 1201 3429 fideles
1255 3362 1340 3446 quod
1363 3361 1554 3444 suppliciter
1576 3360 1703 3442 culpam
1726 3358 1918 3443 deprecatus
1940 3361 1999 3444 sit,
2030 3382 2128 3444 seque
2151 3381 2225 3425 con·

231 3447 366 3529 spiritus
389 3454 531 3526 sanetus,
554 3455 588 3510 ut
601 3447 752 3530 propensi
766 3447 833 3511 sint
851 3446 891 3512 ad
907 3447 1201 3530 mansuetudinem,
1255 3448 1368 3514 tulerit
1389 3447 1430 3512 ael
1443 3447 1504 3512 Dei
1528 3445 1791 3511 misericordiam.
1827 3446 1915 3510 Petit
1934 3446 2065 3529 quidem
2087 3466 2225 3528 poenam

232 3533 357 3616 quoties
379 3530 491 3595 vident
525 3531 643 3597 fratres
675 3552 752 3598 suos
785 3532 897 3617 affligi,
929 3531 985 3599 sed
1021 3535 1202 3600 remedium
1255 3535 1315 3600 sibi
1338 3531 1460 3598 laxari:
1493 3531 1548 3596 sod
1579 3532 1679 3596 altius
1711 3532 1848 3615 orditur,
1882 3553 1998 3615 nempe
2029 3542 2065 3596 nt
2097 3533 2228 3597 veniam

232 3637 360 3701 qnoque
383 3616 525 3683 ostendit
545 3617 688 3682 leniendi
710 3616 845 3697 doloris,
876 3619 1001 3702 quoties
1026 3620 1123 3686 rebus
1145 3621 1202 3686 ad·
1255 3620 1393 3703 adeptus
1414 3616 1643 3684 reconcilietur
1671 3618 1752 3682 Deo.
1797 3618 1999 3684 Pervertunt
2027 3619 2114 3682 enim
2143 3618 2227 3682 ordi·

230 3705 337 3770 versis
359 3702 542 3768 concutitur
564 3701 646 3768 fides
664 3712 786 3769 nostra.
1255 3727 1342 3788 nem,
1364 3717 1404 3768 ut
1425 3701 1501 3768 alibi
1519 3701 1671 3785 diximus,
1695 3705 1749 3784 qui
1772 3702 1918 3767 externis
1929 3703 2025 3769 malis
2046 3703 2226 3768 remedium

317 3789 347 3854 3.
371 3787 500 3872 (leaeo
522 3788 690 3869 custodiet.)
730 3789 947 3872 Prosequitur
969 3790 1104 3856 eandem
1128 3811 1202 3856 sen·
1255 3798 1417 3875 optantes,
1449 3808 1580 3856 causam
1611 3789 1716 3870 ipsam
1749 3788 1935 3872 negligunt:
1968 3789 2103 3873 perinde
2135 3809 2173 3854 ao
2201 3792 2228 3852 si

231 3877 379 3955 tentiam,
403 3873 488 3957 quod
500 3873 664 3940 Dominus
687 3876 842 3940 miserum
856 3876 1020 3941 hominem
1032 3875 1203 3956 custodiet,
1255 3879 1327 3959 quis
1350 3874 1463 3940 febrim
1498 3874 1632 3956 alendo,
1663 3884 1790 3939 tantum
1818 3876 1906 3939 sitim
1934 3874 2096 3959 restingui
2120 3874 2228 3938 vellet.

254 3981 329 4026 uem
362 3960 512 4026 crudeles
553 3972 586 4024 et
625 3960 730 4042 iniqui
763 3961 928 4043 perditum
967 3982 1037 4027 osse
1071 3962 1225 4028 iactant·
1255 3963 1346 4046 Ergo
1368 3970 1543 4042 antequam
1573 3956 1763 4024 de'animae
1788 3960 1927 4025 sanitate
1948 3959 2086 4027 verbum
2118 3962 2228 4042 faciat,

232 3982 372 4130 bemper
395 4056 503 4111 autem
527 4045 703 4129 repetenda
733 4059 782 4110 est
808 4046 982 4112 antithesis
1010 4048 1096 4113 inter
1119 4047 1203 4113 diem
1257 4048 1344 4131 dicit,
1369 4045 1521 4111 Miserere
1541 4046 1619 4110 mci:
1644 4046 1696 4111 cui
1719 4046 1815 4110 debet
1836 4047 1989 4128 coniungi
2016 4044 2101 4128 quod
2131 4044 2228 4130 paulo

233 4132 355 4196 malum
378 4144 411 4195 et
433 4131 634 4197 liberationis
663 4131 814 4216 gratiam.
865 4132 991 4197 Eodem
1021 4154 1120 4200 sensu
1150 4133 1204 4201 ad·
1256 4143 1329 4217 post
1357 4131 1518 4215 seqnitur,
1547 4132 1624 4212 quio
1646 4132 1770 4212 peceavi
1791 4131 1856 4196 tibi.
1901 4131 2010 4196 Deum
2042 4133 2128 4196 enim
2159 4152 2228 4196 me·

235 4217 324 4282 ditur
346 4218 508 4282 restitutio
530 4219 563 4281 in
586 4218 700 4293 vitam,
722 4225 755 4281 et
777 4216 915 4284 felicitas
936 4219 971 4282 in
995 4228 1092 4284 terra.
1129 4218 1203 4304 Sig·
1257 4221 1320 4285 rito
1343 4219 1405 4284 sibi
1428 4219 1589 4282 offensum
1608 4217 1739 4299 fatetur,
1762 4237 1822 4281 nec
1844 4216 1938 4282 alitor
1960 4218 2137 4301 propitium
2160 4218 2229 4282 fore

233 4303 346 4369 nificat
369 4303 457 4366 enim
479 4301 606 4381 David,
629 4303 782 4385 quamvis
804 4303 920 4368 similis
948 4305 1046 4369 luerit
1068 4315 1204 4385 mortuo,
1258 4325 1353 4389 quam
1380 4303 1508 4370 abolitis
1537 4303 1686 4385 peccatis.
1730 4302 1932 4367 Particulam
1962 4316 2003 4384 t)
2034 4305 2068 4367 in
2098 4303 2229 4386 proprio

234 4387 295 4454 sibi
318 4396 352 4453 ct
370 4389 432 4470 piis
454 4388 605 4452 omnibus
625 4408 717 4472 spem
739 4388 826 4454 vitae
854 4409 921 4454 non
944 4390 1043 4456 fuisse
1065 4391 1207 4457 exstinc·
1257 4402 1290 4456 et
1312 4391 1423 4455 nativo
1446 4410 1544 4454 sensu
1567 4388 1696 4472 accipio,
1719 4407 1787 4452 non
1799 4387 2015 4471 adversative,
2038 4397 2075 4453 ut
2095 4388 2228 4471 quidam

234 4481 312 4539 tam.
362 4474 478 4538 Posset
507 4473 637 4556 quidem
666 4471 772 4538 videri
802 4473 996 4554 absurdum,
1027 4474 1113 4559 qnod
1143 4477 1206 4544 sibi
1259 4476 1383 4542 volunt.
1417 4476 1506 4558 Ergo
1529 4472 1588 4538 sibi
1599 4474 1723 4557 ignosci
1736 4474 1827 4556 petit,
1850 4475 1927 4556 quia
1948 4475 2103 4559 peccavit.
2138 4474 2229 4538 Hinc

235 4561 362 4626 beatam
375 4559 475 4624 vitam
499 4559 533 4623 in
555 4558 678 4624 mundo
691 4560 868 4641 promittit:
892 4561 968 4644 quia
990 4562 1074 4627 male
1097 4563 1206 4628 nobis·
1258 4564 1390 4644 sanitas,
1413 4582 1495 4643 qnae
1517 4560 1734 4640 interponitur
1756 4559 1848 4643 quasi
1872 4560 2111 4625 misericordiae
2132 4561 2229 4625 effen

235 4668 309 4712 cum
322 4654 483 4731 ageretur,
505 4646 569 4710 nisi
592 4644 670 4710 alibi
682 4645 797 4710 melior
819 4668 878 4711 nos
895 4646 1037 4713 conditio
1049 4662 1204 4714 maneret.
1259 4664 1322 4732 tus,
1345 4648 1422 4730 quia
1444 4645 1577 4711 confidit
1594 4645 1714 4729 David,
1737 4645 1929 4729 impretrata
1952 4645 2047 4711 venia
2069 4666 2104 4712 se
2134 4667 2154 4710 a
2176 4666 2229 4712 ca·

235 4730 302 4798 Sed
325 4734 401 4815 qnia
424 4730 463 4797 de
485 4730 555 4815 ipso
583 4731 677 4794 multi
706 4730 973 4814 desperaverant,
1003 4733 1122 4798 diserto
1152 4756 1206 4800 ex·
1245 4735 1402 4800 lamitato
1424 4731 1568 4796 levatum
1591 4731 1641 4794 iri.

236 4819 356 4901 primit,
381 4838 415 4881 se
438 4815 544 4882 adhue
567 4825 677 4881 tamen
697 4817 765 4881 lore
783 4819 999 4899 superstitem,
1022 4818 1206 4901 etquidem
1344 4819 1373 4884 6.
1396 4816 1540 4903 (Inimici
1559 4817 1621 4882 mei
1650 4816 1820 4901 diemout.)
1869 4816 1988 4883 Dicere
2017 4837 2076 4899 pro
2107 4816 2228 4899 impre-

236 4924 301 4968 non
336 4907 406 4970 sine
439 4902 622 4968 manifestis
656 4903 781 4986 gratiae
814 4904 877 4967 Dei
910 4904 1021 4984 signis.
1076 4904 1205 4985 Quibus
1258 4906 1325 4972 cari
1348 4905 1401 4969 hic
1423 4903 1564 4986 ponitur.
1608 4902 1681 4969 Hae
1711 4924 1787 4967 vcro
1816 4903 2009 4985 indignitate
2038 4901 2078 4965 ad
2101 4903 2227 4968 miseri·

238 4990 347 5054 verbis
369 5009 460 5072 spem
484 4988 628 5053 melioris
650 4988 737 5053 vitae
757 4988 889 5054 minime
912 4988 1064 5054 excludit.
1110 4990 1205 5071 Quod
1259 4991 1413 5072 cordiam,
1436 4998 1471 5054 ut
1493 4987 1571 5053 alibi
1594 4987 1716 5054 dictum
1739 4987 1815 5072 fuit,
1839 4988 1946 5054 Deum
1970 4995 2143 5072 provocat,
2173 4990 2227 5072 qui

239 5076 384 5157 sequitur
407 5074 446 5138 de
469 5075 541 5139 lecte
562 5075 710 5151 dolorum,
734 5075 891 5156 quosdam
914 5074 1044 5139 induxit
1065 5074 1106 5139 ad
1125 5079 1207 5143 divi·
1260 5077 1298 5143 ad
1330 5097 1423 5158 opem
1459 5074 1586 5139 miseris
1617 5072 1780 5140 ferendam
1811 5094 1848 5139 eo
1877 5074 2052 5158 benignius
2080 5075 2227 5155 inclinat,

239 5162 403 5224 nationem
428 5164 512 5242 (meo
535 5159 667 5240 iudicio)
690 5180 807 5242 parum
825 5162 963 5225 firmam.
1001 5159 1098 5241 Quod
1117 5166 1206 5230 enim
1260 5164 1336 5228 dum
1359 5161 1572 5228 inclementer
1595 5180 1648 5226 eos
1672 5159 1803 5225 tracturi
1826 5160 1924 5226 videt.
1971 5163 2080 5242 Atque
2101 5160 2150 5225 ita
2170 5182 2227 5224 suo

239 5246 407 5310 indefinito
420 5244 460 5309 de
483 5245 658 5312 afflictione
670 5256 834 5326 narratur,
858 5245 898 5312 ad
910 5245 1058 5311 morbum
1072 5253 1207 5317 restrin-
1260 5248 1409 5331 excmplo
1441 5266 1501 5311 nos
1534 5244 1575 5310 ed
1608 5245 1761 5312 fiduciam
1795 5247 1915 5313 excitat
1946 5255 1979 5311 et
2006 5246 2120 5330 erigit,
2153 5246 2227 5330 quia
