4672 5864
178 346 238 413 241
980 344 1196 416 PSALMUS
1216 344 1352 412 XXIII.
2104 351 2169 417 242

264 534 294 599 5.
316 532 493 621 (Paralia.)
536 536 646 601 Verba
664 537 767 602 futuri
782 537 938 620 temporis
956 536 1144 603 continuum
1197 544 1301 601 neret.
1352 535 1426 601 Hoc
1458 556 1583 618 quoqne
1617 544 1732 602 notatu
1755 536 1890 621 dignum
1911 551 1971 614 ost,
2001 559 2102 621 quum
2125 561 2168 606 ex

178 628 285 686 aetum
314 621 376 684 boo
405 620 475 686 loeo
506 621 688 705 designant.
739 623 846 689 David
874 642 952 707 ergo
980 624 1047 687 iam
1075 625 1146 686 sine
1196 619 1346 705 praediis,
1373 621 1749 705 vectigalibusalioque
1771 624 1863 706 regni
1886 634 2051 704 proventu
2074 626 2166 692 vive·

177 708 282 790 ligura
310 708 429 788 repetit
454 727 537 789 qnae
559 707 620 772 sub
642 709 780 790 pastoris
801 707 1014 775 similitudine
1036 707 1144 773 baete·
1196 716 1247 771 ret
1268 705 1387 785 David,
1412 708 1481 771 Deo
1503 717 1612 772 tamen
1635 707 1759 791 gratias
1780 708 1894 792 egisse,
1925 729 1962 775 ae
1984 711 2013 774 si
2034 730 2076 775 ex
2098 714 2169 778 eius

177 812 238 856 nus
266 794 415 856 narravit
444 792 484 858 de
514 793 577 858 Dei
604 794 827 874 beneficentia,
862 793 940 858 dicit
968 794 1055 858 enim
1075 793 1146 857 eius
1196 813 1297 857 manu
1319 792 1462 874 quotidie
1491 792 1599 857 eibum
1622 794 1813 876 perciperet.
1857 793 1955 861 Unde
1983 794 2168 880 colligimus

176 877 327 962 largitato
348 877 410 943 sibi
432 888 604 962 suppetere
633 899 843 963 quaeeunque
866 880 1049 946 necessaria
1070 890 1148 944 sunt
1196 899 1263 943 non
1285 878 1386 944 luisse
1407 877 1521 961 opibus
1542 880 1611 942 suis
1633 887 1850 958 excaecatum,
1873 879 1930 944 sed
1953 878 2060 945 Deum
2081 904 2167 948 sem·

176 966 215 1029 ad
245 966 335 1028 vitae
362 985 468 1030 usum.
519 963 643 1030 Parare
670 985 808 1030 manum
836 965 1030 1030 tantundem
1060 964 1147 1029 valet
1197 984 1255 1046 per
1276 964 1429 1028 statuisse
1446 964 1724 1046 patremfamilias,
1746 967 1801 1046 qui
1819 966 1925 1030 eibum
1945 975 1977 1031 et
1996 975 2109 1049 potum
2125 988 2167 1034 ex

179 1049 309 1115 aesino
331 1049 480 1115 molestia
501 1049 750 1115 etdiffioultate
773 1051 899 1117 vietum
922 1051 1044 1134 largiri,
1074 1070 1147 1132 per·
1196 1069 1255 1114 suo
1277 1070 1364 1132 penu
1387 1047 1614 1132 depromptum
1637 1059 1818 1134 opportune
1840 1049 2060 1117 distribueret.

176 1135 252 1198 inde
273 1154 311 1199 ao
329 1135 358 1199 si
382 1144 474 1217 pater
495 1134 563 1200 filio
586 1134 692 1200 cibum
712 1136 903 1221 porrigeret.
927 1139 1036 1218 Atque
1051 1135 1147 1201 bene·
1283 1134 1314 1198 6.
1336 1132 1466 1234 (Utique
1487 1134 1600 1200 bouum
1622 1141 1651 1201 et
1671 1134 1854 1221 elementia.)
1897 1136 2074 1219 Postquam
2094 1160 2168 1222 gra-

175 1221 285 1286 lieium
317 1219 379 1285 hoe
410 1221 588 1304 amplificat
620 1221 867 1287 circumstantia
900 1222 1018 1302 addita,
1059 1220 1145 1304 quod
1197 1218 1260 1283 tias
1287 1218 1352 1284 sibr
1379 1219 1492 1285 aDeo
1514 1221 1649 1287 collatas
1671 1222 1844 1300 recensuit,
1874 1242 1963 1287 nunc
1985 1242 2098 1289 earum
2122 1235 2168 1289 te-

175 1305 250 1370 lieet
283 1305 346 1370 eibi
385 1306 556 1371 invideant
587 1306 682 1371 multi
714 1307 878 1384 malevoli,
918 1306 1146 1390 perditumque
1197 1324 1310 1369 norem
1336 1305 1487 1371 extendit
1514 1327 1617 1388 usque
1645 1306 1807 1372 adfinem
1832 1308 2029 1373 vitaesuae.
2073 1308 2169 1376 Unde

174 1392 319 1474 opplent,
350 1393 415 1456 imo
445 1391 510 1456 Dei
539 1390 765 1458 benedictione
794 1392 949 1458 fraudare
970 1402 1145 1457 conentur:
1196 1399 1307 1456 autem
1336 1389 1455 1456 fiducia
1481 1389 1571 1471 haee,
1601 1402 1641 1457 ιιι
1670 1390 1733 1457 Dei
1764 1392 2012 1458 beneficentiam
2042 1403 2075 1459 et
2104 1395 2168 1461 ele·

176 1477 267 1543 Deus
294 1484 406 1541 mmen
434 1477 506 1559 ipse
535 1477 701 1543 liberalem
732 1500 767 1544 se
788 1498 826 1546 ao
849 1479 1028 1543 beneficum
1050 1497 1145 1560 prae·
1196 1476 1354 1541 mantiam
1384 1486 1534 1542 aeternas
1563 1477 1624 1543 sibi
1647 1477 1717 1544 fore
1739 1479 1874 1544 comites
1895 1479 2073 1561 promittat,
2104 1482 2168 1546 nisi

175 1572 261 1627 stare
290 1582 358 1626 non
381 1563 519 1628 desinat.
566 1562 660 1644 Quod
683 1564 724 1630 de
743 1565 808 1630 olco
830 1564 972 1642 subiicit,
1002 1564 1146 1647 pertinet
1193 1583 1239 1625 ex
1260 1562 1475 1643 promissione
1496 1583 1559 1645 qua
1580 1563 1673 1629 Deus
1694 1583 1754 1629 aua
1775 1585 1856 1648 erga
1876 1564 1988 1629 fideles
2011 1565 2169 1631 beneficia

175 1647 213 1712 ed
236 1668 362 1713 morem
381 1658 460 1714 tunc
479 1649 653 1714 usitatum:
677 1650 797 1716 scimus
816 1651 903 1715 enim
927 1660 1006 1715 tunc
1028 1649 1145 1714 lautio·
1195 1649 1328 1712 oondiro
1355 1647 1447 1728 solet,
1477 1668 1518 1712 ne
1547 1647 1686 1732 insipido
1708 1649 1817 1732 palato
1839 1660 1963 1719 temere
1986 1651 2167 1716 vorentur?

175 1734 265 1799 ribus
294 1734 453 1798 conviviis
483 1734 628 1801 adbibita
656 1737 756 1801 luisse
778 1758 823 1800 un
849 1744 956 1815 uenta,
988 1743 1027 1799 ut
1048 1756 1143 1800 nemo
1195 1730 1281 1798 Nam
1314 1741 1413 1798 antea
1445 1754 1545 1816 quum
1579 1733 1641 1800 sibi
1676 1733 1798 1801 dieeret
1830 1734 1865 1799 in
1886 1736 2001 1801 mortis
2023 1736 2168 1802 tenebris

175 1841 250 1885 suos
272 1819 418 1902 hospites
439 1820 492 1885 vel
515 1821 671 1886 convivas
692 1757 862 1906 splendide
883 1823 1036 1904 excipere
1054 1820 1143 1885 vide·
1194 1819 1338 1885 intentos
1367 1819 1436 1883 fore
1465 1819 1575 1886 oeulos
1596 1820 1638 1885 ad
1660 1819 1945 1903 contemplandam
1974 1820 2038 1886 Dei
2061 1826 2169 1906 provi·

174 1918 264 1970 retur
290 1905 353 1970 nisi
381 1906 560 1988 ungnentis
591 1906 758 1973 delibutos.
803 1908 916 1984 Porro,
950 1914 1018 1972 tam
1040 1906 1145 1972 effusa
1194 1903 1350 1986 dentiam,
1378 1904 1460 1969 satis
1482 1913 1620 1972 testatus
1642 1914 1692 1971 est
1713 1927 1749 1971 ee
1769 1926 1837 1970 non
1860 1906 2004 1989 pendere
2027 1928 2047 1973 a
2069 1910 2167 1974 rebus

172 1992 232 2056 olei
255 1991 360 2074 eopia,
390 2011 489 2073 quam
512 1991 681 2075 plenitudo
704 1993 823 2071 calicis,
846 1991 887 2058 ad
909 1991 1143 2057 abundantiam
1194 1991 1350 2069 externis,
1374 2011 1433 2056 nee
1454 1991 1594 2074 gratiam
1617 1992 1681 2057 Dei
1699 1992 1809 2057 earnis
1826 2013 1904 2057 suae
1922 2013 2020 2058 sensu
2039 1994 2166 2058 metiri:

173 2075 285 2142 referri
309 2076 404 2141 debet
427 2096 510 2160 qnae
532 2086 709 2160 exsuperat
729 2079 930 2144 necessarios
952 2098 1041 2143 tusus.
1082 2077 1144 2142 Est
1195 2075 1252 2140 sed
1281 2075 1381 2139 etiam
1410 2074 1466 2141 ubi
1500 2078 1608 2141 omnia
1639 2088 1770 2143 terrena
1792 2078 1982 2144 adiumenta
2005 2076 2166 2156 deficient,

172 2165 257 2227 enim
294 2161 531 2227 commendatio
568 2163 689 2248 regalis
725 2163 813 2230 illius
841 2162 1039 2246 opulentiae,
1080 2183 1144 2244 qua
1194 2158 1256 2225 sibi
1278 2159 1376 2225 fidem
1399 2180 1534 2225 manere
1556 2163 1591 2226 in
1614 2161 1714 2228 verbo
1737 2161 1800 2228 Dei
1823 2165 1992 2229 inclusam.
2038 2163 2164 2247 Quem·

172 2268 263 2315 asem
292 2247 431 2312 historia
464 2259 605 2313 testatur
625 2270 701 2313 eum
724 2250 825 2315 fuisse
847 2269 914 2314 non
937 2249 1145 2313 mediocriter
1196 2247 1245 2310 vis
1275 2266 1353 2330 ergo
1383 2267 1458 2312 eum
1480 2248 1682 2330 experientia
1704 2246 1745 2311 ad
1769 2250 1851 2314 bene
1873 2248 2072 2333 sperandum
2095 2249 2167 2316 alli·

172 2342 335 2399 ornatum.
386 2333 583 2416 Quanquam
615 2349 724 2398 autem
756 2354 823 2399 non
851 2354 964 2399 omnes
984 2354 1145 2417 peraeque
1194 2339 1292 2411 aeret,
1314 2331 1490 2415 praecipue
1510 2341 1621 2397 tamen
1645 2332 1896 2416 promissionem
1914 2334 2088 2417 amplexus
2109 2348 2168 2413 est,

172 2418 349 2484 liberaliter
371 2427 563 2494 tractantur,
594 2441 688 2485 nemo
710 2435 820 2485 tamen
843 2420 1025 2502 reperietur
1048 2439 1144 2502 quem
1196 2437 1262 2501 qua
1283 2437 1359 2482 suos
1382 2417 1473 2482 Deus
1494 2418 1531 2481 in
1553 2428 1718 2500 posterum
1742 2420 1925 2484 confirmat.
1949 2420 1988 2485 Si
2012 2422 2086 2503 quis
2110 2423 2168 2487 ob·

173 2526 236 2569 non
260 2503 354 2568 Deus
376 2525 437 2568 sua
458 2505 673 2571 beneficentia
695 2505 894 2589 obstringat:
918 2512 955 2570 nt
972 2507 1066 2569 fateri
1086 2526 1143 2568 ne·
1196 2503 1295 2580 iieiat,
1318 2511 1442 2567 temere
1464 2502 1631 2569 hominem
1653 2506 1687 2569 in
1711 2504 1773 2570 hae
1795 2503 1918 2572 caduea
1940 2510 2009 2570 vita
2031 2507 2091 2571 sibi
2115 2527 2168 2572 ae·

171 2610 259 2656 ecsse
281 2590 325 2655 sit
338 2590 599 2656 beneficumsuis
616 2592 766 2656 omnibus
784 2612 854 2657 esse
873 2601 1018 2673 patrem:
1039 2589 1143 2654 inter·
1197 2586 1361 2671 quabilem
1393 2608 1568 2671 prosperae
1604 2591 1755 2656 fortunae
1789 2611 1920 2657 eorsum
1956 2593 2167 2674 promittere:

172 2696 207 2741 ea
234 2696 272 2740 se
299 2676 435 2758 quisque
457 2697 515 2759 pro
545 2677 692 2742 uberiore
715 2677 872 2741 donorum
894 2675 987 2758 eopia
1010 2675 1050 2740 ad
1068 2695 1142 2758 gra·
1198 2672 1386 2757 respondeo,
1406 2672 1569 2739 Davidem
1587 2696 1653 2740 non
1672 2675 1718 2740 ita
1736 2674 1906 2759 loquutum
1925 2697 1996 2742 osse
2015 2687 2051 2741 ut
2061 2678 2167 2762 legem

173 2760 348 2826 titudinem
367 2761 490 2859 incitet.
534 2761 618 2826 Nam
638 2766 664 2826 si
683 2762 849 2846 malignus
867 2762 990 2844 estqui
1008 2762 1043 2825 in
1061 2781 1144 2842 pane
1198 2759 1271 2825 Deo
1300 2759 1493 2841 imponeret,
1526 2760 1583 2826 sed
1612 2772 1771 2846 quantum
1793 2763 1856 2827 fert
1877 2762 1994 2827 mundi
2015 2763 2168 2843 conditio,

172 2847 291 2913 cibario
328 2855 497 2929 paternam
528 2847 591 2911 Dei
621 2848 861 2930 providentiam
890 2869 956 2912 non
987 2848 1143 2931 agnoscit,
1197 2844 1262 2911 Dei
1292 2865 1372 2930 erga
1398 2866 1433 2911 se
1460 2846 1708 2913 beneficentiam
1733 2866 1889 2930 sperasse
1910 2869 1975 2930 qua
1996 2860 2169 2917 contentus

173 2943 294 3016 quanto
323 2933 434 2997 minus
461 2933 637 2998 tolerabilis
666 2934 729 2998 erit
756 2954 867 2999 eorum
896 2932 1050 3013 socordia,
1080 2936 1136 3016 qui
1196 2932 1291 2997 foret.
1335 2931 1448 3015 Neque
1471 2932 1558 2997 enim
1582 2932 1660 2997 dicit
1681 2933 1813 2999 calicem
1837 2944 1995 3016 perpetuo
2012 2935 2080 3001 fore
2100 2937 2168 3019 ple·

174 3021 240 3084 sine
271 3031 368 3101 gustu
395 3019 528 3083 divinae
556 3018 709 3084 bonitatis
735 3020 832 3101 plena
854 3019 945 3100 eopia
967 3039 1002 3084 se
1024 3021 1136 3103 inger·
1199 3038 1294 3094 uum,
1309 3016 1361 3082 vel
1384 3024 1482 3100 eaput
1504 3016 1684 3082 delibutum
1705 3020 1898 3101 unguentis:
1920 3018 2030 3084 sedin
2049 3043 2169 3105 genere

174 3104 301 3189 gitant?
354 3104 463 3169 David
500 3125 578 3187 ergo
615 3124 674 3170 suo
711 3105 858 3186 exemplo
891 3104 1009 3169 divites
1040 3106 1136 3171 oflicii
1197 3104 1274 3185 quia
1306 3101 1518 3186 infatigabilis
1550 3111 1602 3168 est
1633 3102 1698 3168 Dei
1733 3103 1868 3179 bonitas,
1903 3102 2027 3188 colligit
2048 3108 2109 3172 sibi
2133 3111 2167 3172 in

174 3191 333 3271 admonet,
362 3200 400 3255 ut
428 3209 467 3255 eo
489 3192 610 3255 maiore
632 3191 742 3253 animo
764 3197 981 3273 prorumpant
1002 3190 1043 3255 ad
1066 3212 1136 3273 gra·
1197 3189 1296 3252 finem
1329 3207 1431 3269 usque
1463 3187 1532 3251 fore
1566 3189 1767 3270 beneficum.¹
1811 3187 1981 3272 (Habilebo
2013 3192 2049 3255 ia
2080 3193 2168 3257 doato

175 3280 288 3341 tiorum
313 3278 483 3355 actionem,
513 3297 576 3358 qno
598 3274 824 3358 indulgentius
846 3274 936 3356 ipsos
956 3274 1049 3339 Deus
1070 3295 1144 3356 pas·
1198 3270 1353 3356 choeoc.)
1403 3270 1476 3334 Hac
1505 3271 1652 3338 clausula
1681 3284 1794 3356 aperte
1821 3272 2031 3352 demonstrat,
2068 3297 2102 3341 se
2133 3279 2165 3342 in

175 3363 223 3428 cit.
269 3361 443 3427 Caeterum
475 3361 728 3437 meminerimus,
762 3361 860 3424 etiam
891 3360 1009 3441 quibus
1039 3361 1144 3424 affluit
1196 3357 1334 3422 terrenis
1364 3357 1584 3439 voluptatibus
1614 3367 1670 3424 aut
1698 3358 1876 3425 commodis
1904 3359 2041 3426 minime
2063 3361 2167 3427 subsi-

175 3445 293 3532 largior
315 3448 417 3530 copia,
448 3447 705 3518 moderationem
728 3444 944 3511 nibilominus
967 3444 1142 3509 tenendam
1195 3451 1291 3521 stere,
1327 3442 1383 3508 sed
1418 3463 1550 3525 scopum
1584 3444 1646 3510 sibi
1679 3444 1714 3509 in
1748 3444 1837 3510 coelo
1870 3447 1971 3530 figere
2004 3446 2165 3532 adquam

174 3554 249 3612 esse,
280 3535 434 3615 quamsi
464 3534 504 3597 ad
528 3533 723 3598 mediocrem
754 3538 787 3596 et'
808 3539 1025 3613 temperatum
1048 3530 1142 3595 modo
1194 3529 1303 3592 omnia
1332 3529 1461 3594 referat.
1506 3528 1649 3596 Perinde
1679 3531 1766 3595 enim
1789 3543 1839 3596 est
1861 3551 1898 3596 ac
1921 3532 1948 3596 si
1973 3531 2110 3599 dixisset
2132 3557 2167 3600 se

174 3638 265 3684 usum
294 3618 430 3683 facultas
464 3629 661 3701 suppeteret.
714 3619 797 3682 Nam
828 3637 929 3697 quum
959 3614 1034 3699 plus
1064 3617 1142 3681 satis
1194 3634 1258 3677 non
1283 3615 1395 3680 vivere
1417 3624 1544 3697 tantum
1568 3628 1605 3680 ut
1627 3617 1725 3695 vivat,
1749 3616 1805 3683 sed
1828 3618 1936 3701 potius
1959 3628 1995 3681 ut
2018 3641 2052 3684 se
2075 3641 2168 3684 exer-

173 3703 210 3768 ad
232 3705 398 3769 luxuriem
421 3706 515 3786 proni
539 3705 641 3771 simus
663 3714 790 3778 natura,
814 3723 879 3766 non
902 3700 975 3766 ideo
992 3703 1142 3783 profusus
1193 3708 1264 3765 oeat
1294 3702 1327 3765 in
1360 3702 1422 3766 Dei
1457 3703 1573 3766 timore
1596 3711 1629 3767 et
1650 3703 1750 3784 cultu,
1783 3705 1873 3768 etin
1897 3712 1965 3767 tota
1989 3705 2109 3785 pietate
2132 3707 2164 3770 in

173 3799 220 3855 est
250 3791 341 3854 Deus
367 3810 445 3871 erga
473 3789 594 3868 fideles,
635 3801 672 3855 ut
701 3791 790 3854 hune
817 3789 853 3852 in
880 3787 960 3869 ipsis
991 3789 1142 3853 morbum
1194 3785 1261 3851 dies
1283 3788 1440 3869 proficiat.
1485 3787 1699 3852 Manifestum
1722 3789 1807 3853 enim
1830 3787 2004 3854 discrimen
2024 3791 2113 3854 inter
2130 3812 2165 3856 se

172 3876 285 3941 irritet.
331 3874 487 3939 {Ponenda
516 3886 565 3940 est
595 3876 681 3941 enim
709 3874 858 3940 omnibus
888 3872 944 3936 illa
971 3871 1066 3937 Pauli
1091 3895 1141 3937 re·
1193 3883 1226 3936 et
1254 3874 1405 3956 profanos
1435 3871 1584 3936 homines
1614 3875 1738 3953 statuit,
1771 3874 1887 3956 quibus
1910 3874 1989 3937 satis
2012 3885 2062 3939 est
2085 3897 2163 3941 ven·

172 3961 256 4045 gula,
285 3959 373 4025 Phil.
402 3960 432 4040 4,
464 3961 505 4024 12
534 3971 572 4024 ιιι
601 3964 704 4025 seiont
733 3981 799 4024 non
839 3959 946 4023 minus
975 3958 1141 4023 abundare
1194 3968 1277 4022 trem
1300 3978 1395 4021 suum
1420 3958 1509 4020 laute
1531 3957 1656 4023 farciri:
1678 3978 1783 4041 neque
1805 3958 1837 4021 id
1857 3956 1963 4036 modo,
1986 3958 2042 4024 sed
2065 3965 2164 4027 etiam

173 4067 268 4129 quam
289 4046 460 4128 penuriam
485 4047 562 4128 pati.
608 4047 657 4110 Ne
676 4058 803 4130 egestas
821 4065 882 4109 nos
901 4045 1038 4119 deficiat,
1062 4044 1140 4107 tole·
1193 4045 1275 4108 tanti
1299 4044 1359 4107 sibi
1381 4062 1451 4107 esse
1474 4040 1637 4124 signifieat
1658 4043 1730 4107 Deo
1751 4045 1873 4121 vivere,
1897 4056 1934 4108 ut
1956 4044 2032 4109 inde
2051 4068 2164 4114 omnes

172 4133 279 4197 rantia
300 4131 408 4196 fnlciri
431 4153 511 4214 opus
531 4142 593 4195 est:
617 4153 731 4196 rursus
750 4133 895 4195 neultra
914 4131 1044 4193 medum
1063 4129 1140 4193 effe·
1192 4129 1300 4193 earnis
1339 4126 1585 4193 commoditates
1623 4131 1782 4194 aestimet.
1847 4130 1962 4194 Palam
2009 4132 2163 4211 affirmat,

171 4230 222 4282 rat
243 4213 389 4302 largitas,
424 4217 565 4281 cohiberi
588 4237 668 4298 opus
691 4226 739 4281 est
762 4217 996 4298 temperantiae
1018 4216 1139 4279 fraeno.
1193 4216 1281 4279 hune
1310 4234 1345 4277 sc
1369 4215 1469 4278 finem
1500 4213 1534 4277 in
1564 4215 1714 4280 omnibus
1736 4235 1820 4296 quae
1842 4214 1957 4279 retulit
1980 4215 2044 4282 Dei
2067 4221 2163 4285 bene·

170 4305 335 4369 Dominus
363 4305 462 4368 etiam
492 4302 568 4366 dum
597 4300 708 4367 fideles
737 4302 923 4385 locupletat,
956 4299 1054 4364 simul
1076 4301 1139 4364 las·
1192 4299 1273 4365 ficiis
1295 4310 1467 4382 spectasse,
1491 4309 1527 4363 ιιι
1546 4299 1709 4366 habitaret
1727 4303 1760 4364 in
1780 4300 1875 4365 domo
1894 4303 2036 4368 Domini.
2069 4304 2163 4371 Unde

168 4391 258 4454 cives
288 4390 395 4453 earnis
428 4388 619 4470 cupiditates
642 4389 811 4471 restringit
832 4387 1051 4452 continentiae
1073 4388 1139 4469 spi·
1192 4385 1348 4467 sequitur,
1388 4385 1516 4451 sublata
1555 4387 1650 4452 huius
1692 4388 1768 4452 boni
1804 4385 1960 4452 fruitione
1995 4410 2068 4454 eum
2104 4415 2164 4474 pro

169 4476 246 4552 ritu,
275 4485 313 4539 ut
342 4475 474 4539 modum
497 4483 612 4557 sponte
635 4473 694 4537 sibi
719 4474 941 4555 praescribant
962 4472 1043 4554 ipsi:
1073 4493 1138 4537 non
1191 4469 1295 4535 nihilo
1325 4470 1458 4536 duxisse
1487 4471 1615 4555 reliqua
1641 4473 1769 4538 omnia:
1798 4494 1836 4540 ao
1864 4475 1892 4539 si
1920 4473 2065 4553 dixisset,
2098 4498 2161 4541 non

169 4560 256 4644 quod
290 4562 382 4625 nefas
416 4562 458 4625 sit
490 4560 645 4624 divitibus
678 4560 740 4623 frui
780 4559 944 4623 liberalius
977 4561 1140 4640 praesenti
1191 4558 1287 4621 aliter
1308 4577 1343 4622 se
1364 4556 1519 4622 oblectari
1542 4560 1683 4623 terrenis
1705 4558 1892 4639 commodis,
1916 4560 1980 4624 nisi
2003 4561 2099 4626 simul
2122 4584 2160 4626 ea

168 4646 273 4730 eopia,
296 4667 395 4729 quam
419 4648 445 4711 si
468 4648 616 4711 restricte
639 4665 713 4709 eum
736 4646 802 4710 illis
824 4645 917 4711 Deus
939 4653 1059 4727 ageret,
1083 4645 1138 4708 sed
1192 4643 1253 4706 Dei
1277 4663 1376 4727 grege
1398 4652 1503 4708 esset:
1526 4644 1620 4709 sicuti
1645 4645 1743 4710 etiam
1766 4646 1843 4709 alibi
1866 4646 1994 4711 scribit:
2019 4647 2159 4712 Beatum

166 4731 246 4817 quia
267 4733 420 4797 omnibus
442 4733 622 4796 cavendum
645 4742 695 4795 cst
717 4729 874 4815 (adeoque
895 4733 975 4813 ipsis
993 4728 1138 4815 regibus)
1191 4729 1297 4794 dicent
1327 4729 1482 4812 populum
1515 4731 1607 4795 cuius
1634 4731 1713 4797 haee
1742 4744 1829 4808 sunt,
1870 4732 1983 4796 beatus
2023 4733 2162 4815 populus

167 4839 214 4883 ne
253 4818 376 4883 deliciis
416 4828 449 4882 et
481 4818 610 4882 luxuria
642 4815 802 4881 diffluant.
858 4817 1018 4897 Quamvis
1050 4815 1136 4879 cuim
1190 4816 1283 4882 cuius
1305 4812 1429 4879 Iehova
1450 4826 1499 4880 est
1523 4816 1622 4892 Deus,
1658 4817 1779 4882 Psalm.
1805 4817 1947 4897 144,15.
1993 4816 2160 4896 Quorsum

168 4905 281 4968 David
306 4904 366 4968 sibi
390 4905 463 4985 plus
487 4906 556 4967 iure
578 4902 770 4987 permiserit,
793 4923 888 4983 quam
912 4903 940 4967 si
963 4921 1047 4966 unus
1069 4901 1138 4982 qui·
1190 4903 1275 4965 enim
1300 4910 1470 4985 tantopere
1492 4915 1658 4984 appeteret
1682 4904 1713 4967 in
1738 4905 1859 4987 templo
1884 4903 2015 4981 versari,
2039 4905 2101 4969 nisi
2125 4921 2162 4970 ιιι

166 4990 358 5055 visiuisset
380 5011 397 5053 e
420 4990 528 5074 vulgo,
552 4999 607 5052 ιιιι
631 4989 713 5053 siin
736 4989 866 5072 tugurio
888 5000 1024 5070 paterno
1046 5007 1137 5049 man·
1189 4988 1346 5052 sacrifieia
1378 4986 1476 5052 simul
1509 5009 1582 5053 eum
1617 4989 1690 5052 aliis
1728 4989 1867 5062 offerret,
1912 4987 2047 5069 aliisque
2084 4991 2161 5056 fidei

165 5078 283 5142 sisset:
314 5076 376 5139 sibi
399 5083 508 5140 tamen
532 5074 718 5139 moderatus
741 5086 790 5139 est
812 5074 898 5137 inter
919 5072 1073 5150 lautitias,
1103 5082 1140 5136 ut
1188 5071 1352 5137 exercitiis
1371 5073 1543 5155 proficeret
1562 5074 1602 5137 ad
1621 5073 1863 5138 meditationem
1882 5072 2030 5139 eoelestis
2051 5077 2160 5143 vitae?

165 5183 245 5226 eum
276 5161 440 5245 pinguedo
469 5163 603 5224 minime
626 5162 806 5243 saginaret:
836 5156 924 5221 unde
946 5158 1068 5223 factum
1091 5168 1141 5222 est
1189 5159 1325 5224 Certum
1354 5158 1455 5240 igitur
1483 5170 1541 5238 est,
1573 5160 1733 5224 Davidem
1758 5160 1975 5240 praesentium
2000 5162 2160 5232 bonorum

166 5260 208 5312 ut
239 5255 386 5330 paratam
417 5247 477 5312 sibi
506 5247 665 5310 divinitus
687 5265 833 5310 mensam
856 5242 897 5307 ab
917 5241 998 5307 hara
1020 5243 1140 5307 discer·
1189 5244 1398 5308 adminiculis
1432 5243 1472 5309 ad
1505 5265 1595 5325 spem
1631 5255 1783 5310 aeternae
1818 5244 2029 5311 haereditatis
2058 5251 2162 5315 fuisse

276 5349 386 5405 Galeria
402 5366 496 5419 opera.
515 5349 629 5404 XXXI.
1923 5349 1956 5401 lo
