4658 5856
60 356 126 421 829
845 351 1062 420 PSALMUS
1086 350 1288 418 LXXXIX.
1998 352 2063 418 830

60 544 137 609 beat
168 556 304 626 patrem.
355 543 441 608 Nam
472 563 575 625 quum
604 540 644 605 ad
677 542 825 607 iumenta
857 551 891 607 et
922 541 1035 606 brutas
1059 565 1065 611 i
1087 539 1267 622 spiritualis
1290 539 1378 603 vitae
1401 558 1498 621 quam
1520 536 1663 603 decebat.
1695 538 1786 622 Ergo
1808 542 1958 622 quamvis
1980 542 2060 609 haec

60 630 204 711 pecudes
226 650 260 694 se
283 627 444 693 diffundat
466 629 537 694 eius
560 626 744 706 liberalitas,
768 648 827 693 nos
852 629 947 693 huius
965 646 1035 690 esse
1086 625 1249 690 sententia
1282 623 1419 689 deducta
1447 625 1489 688 sit
1519 645 1560 690 ex
1588 644 1667 688 vero
1696 625 1868 708 principio,
1903 628 2060 695 vitiosum

62 724 223 799 expertes,
247 715 344 779 nimis
367 714 543 780 absurdum
562 724 659 795 esset,
681 715 735 795 qui
754 715 839 778 inter
857 715 1036 778 animantia
1087 721 1196 775 tamen
1219 730 1388 776 excessum
1412 710 1536 792 resipit.
1571 709 1667 776 Unde
1691 720 1834 792 apparet,
1856 711 1889 775 in
1908 715 2061 795 precibus

61 801 264 867 excellimus.
301 799 339 865 Si
359 800 411 866 bic
429 802 503 865 finis
520 811 569 864 est
587 800 760 864 creationis
778 809 920 876 nostrae,
939 818 1033 882 prae·
1061 812 1063 817 ·
1087 797 1209 878 optime
1242 797 1429 878 compositis
1459 816 1588 876 semper
1617 796 1710 860 nobis
1739 817 1819 878 opus
1848 818 1919 863 esse
1947 802 2059 865 venia:

62 897 166 952 staret
195 906 361 968 nunquam
392 888 497 961 nasei,
531 905 628 968 quam
662 884 723 949 sub
751 886 917 950 continuis
947 882 1035 948 dolo·
1087 882 1163 965 quia
1185 882 1248 947 nisi
1271 881 1458 946 infirmitati
1480 891 1611 945 nostrae
1634 882 1725 945 Deus
1747 882 1906 964 ignoscat,
1932 908 2061 970 semper

62 974 153 1038 ribus
170 972 342 1037 tabescere.
375 970 590 1037 Hucaecedit
605 968 702 1036 breve
717 973 805 1036 vitae
820 971 1034 1037 curriculum:
1087 967 1210 1050 aliquid
1239 969 1376 1031 nimium
1399 968 1546 1031 elabitur.
1590 967 1748 1032 Proximo
1772 989 1868 1034 versu
1890 972 2061 1038 confirmat

61 1061 140 1142 quia
173 1058 236 1123 nisi
270 1068 399 1121 mature
432 1056 589 1122 acceleret
623 1055 713 1119 Deus
746 1057 909 1139 gustanda
942 1055 1036 1120 nobis
1060 1100 1063 1153 Ι
1087 1053 1170 1135 quod
1194 1053 1233 1117 de
1256 1053 1415 1118 brevitate
1438 1052 1602 1118 humanae
1626 1051 1711 1118 vitae
1733 1050 1811 1118 dixi.
1845 1054 1982 1121 Summa
2001 1069 2059 1136 est,

61 1144 217 1227 praebere
239 1163 298 1206 sua
321 1142 488 1220 beneficia,
512 1145 545 1206 in
568 1142 632 1206 isto
650 1143 789 1207 evanida
809 1143 949 1206 transitu
971 1162 1034 1204 non
1087 1139 1231 1204 clausam
1252 1139 1320 1203 fore
1342 1137 1473 1202 ianuam
1486 1137 1550 1201 Dei
1573 1138 1707 1222 gratiae,
1731 1139 1795 1204 nisi
1816 1151 1944 1208 mature
1966 1165 2060 1210 occu·

62 1230 126 1294 erit
147 1237 368 1311 opportunum
392 1240 529 1310 tempus.
565 1228 661 1291 Nunc
684 1241 839 1292 tenemus
856 1228 932 1311 quid
956 1227 1036 1291 velit
1088 1235 1143 1308 pet
1172 1234 1298 1305 patrem
1327 1243 1363 1288 se
1386 1224 1557 1289 ostendere
1580 1225 1777 1292 bominibus.
1822 1226 1866 1290 Et
1888 1229 1980 1308 ponit
2002 1252 2059 1296 no·

63 1314 223 1399 propbeta
252 1314 285 1377 in
317 1313 378 1378 hoc
406 1313 516 1379 ’versu
559 1314 673 1378 Primo
696 1312 861 1396 expendit,
891 1315 924 1377 in
949 1314 1036 1377 bunc
1087 1331 1161 1375 men
1193 1324 1277 1392 m,
1309 1308 1395 1392 quod
1430 1307 1604 1376 deductum
1634 1322 1683 1377 est
1714 1332 1733 1376 a
1759 1312 1962 1398 fortitudine,
1996 1337 2059 1400 quo

60 1403 161 1465 finem
185 1399 330 1465 conditos
351 1420 421 1465 esse
443 1399 596 1464 mortales
619 1412 656 1462 ut
679 1400 829 1463 fruantur
851 1399 914 1464 Dei
938 1400 1035 1464 bone·
1088 1396 1204 1460 melius
1235 1397 1412 1477 exprimat,
1447 1396 1611 1460 neminem
1641 1419 1660 1460 a
1691 1398 1803 1463 mortis
1832 1399 1969 1484 imperio
2001 1405 2062 1467 im·

60 1487 193 1551 ficentia
215 1488 250 1550 in
273 1485 402 1549 mundo.
441 1486 537 1551 Unde
559 1484 692 1568 colligit,
715 1485 838 1550 frustra
860 1486 947 1549 nasci
972 1485 1036 1549 nisi
1088 1503 1220 1546 munem
1244 1503 1324 1547 esse.

61 1593 98 1638 se
126 1572 191 1637 illis
213 1571 304 1636 Deus
332 1581 458 1655 patrem
481 1569 690 1635 demonstret.
735 1570 806 1634 Iam
829 1572 904 1653 qnia
928 1572 1036 1635 brevis

63 1668 113 1723 est
136 1659 223 1723 vitae
246 1678 370 1734 cursus,
396 1656 459 1722 nisi
481 1655 669 1720 benefacere
692 1657 825 1720 festinet
846 1657 947 1734 Deus,
970 1657 1035 1722 eol·
1173 1654 1223 1717 50.
1266 1653 1326 1719 Ubi
1361 1656 1595 1721 misericordiae
1631 1661 1702 1719 tace
1735 1658 1859 1738 priores
1893 1657 2075 1743 Domine?

62 1744 138 1827 ligit
170 1764 235 1807 non
268 1742 334 1807 fore
365 1743 504 1825 amplius
534 1742 639 1807 locum
670 1741 725 1806 ubi
757 1743 828 1807 vita
861 1744 1035 1807 effluxerit.
1089 1740 1204 1803 iterasti
1232 1739 1355 1805 Doridi
1383 1741 1419 1804 in
1446 1744 1574 1806 ueritate
1602 1747 1665 1806 tua.
1711 1742 1763 1807 51.
1795 1742 1969 1810 Recordare
1991 1745 2059 1810 Do-

63 1828 131 1895 Sed
161 1831 266 1912 primo
295 1827 450 1891 videntur
480 1829 582 1893 sancti
613 1827 712 1892 nimis
745 1828 914 1893 licentiose
944 1851 1035 1910 prae·
1088 1826 1171 1889 mirre
1201 1826 1358 1906 oraprobrii
1390 1847 1550 1892 servarunt
1583 1834 1722 1893 tauream:
1754 1830 1893 1894 sustinui
1922 1833 1958 1894 iu
1984 1833 2059 1897 sinu

61 1915 204 1981 scribere
227 1923 356 1996 tempus
374 1912 455 1978 Deo.
489 1913 616 1977 Deinde
640 1915 791 1996 quamvis
815 1936 873 1981 nas
896 1915 1036 1979 assiduis
1087 1931 1152 1975 ineo
1174 1912 1279 1975 martia
1309 1912 1440 1993 fortiam
1465 1913 1661 1993 rapidorum,
1697 1914 1747 1981 52.
1782 1916 1868 1996 erae
1889 1918 2059 2003 eaprobra·

62 2001 237 2065 tormentis
260 2000 349 2064 Deus
379 2001 543 2064 excruciet
573 1999 650 2062 dum
682 2000 717 2063 in
744 2001 867 2064 mundo
891 2001 1036 2083 peregri·
1087 2002 1161 2060 rarat
1190 1996 1312 2060 ‘laterici
1341 2000 1390 2063 tai
1419 1998 1547 2079 terina,
1578 2022 1656 2081 quae
1686 2001 1915 2083 exprobrarant
1937 2003 2060 2083 pluatis

62 2107 190 2162 namur,
215 2094 419 2167 praepostere
443 2096 554 2148 tamen
576 2086 651 2149 inde
673 2086 813 2150 infertur
836 2087 958 2151 frustra
978 2108 1036 2151 nos
1089 2081 1226 2147 Moesiae
1258 2085 1313 2148 tui.
1370 2085 1421 2149 53.
1456 2085 1646 2152 Benedictus
1678 2087 1793 2153 Ielioea
1825 2088 1861 2151 ia
1893 2094 2059 2154 aeterruan.

62 2192 133 2236 esse
153 2172 310 2253 centibus,
341 2172 417 2253 quia
440 2170 609 2234 melioria
633 2171 720 2235 coelo
743 2173 812 2235 vita
834 2192 893 2236 nos
917 2184 1034 2244 manet,
1088 2166 1199 2241 Amen,
1222 2173 1249 2233 et
1270 2190 1369 2235 amen.

63 2260 97 2321 in
129 2258 219 2322 cuius
249 2278 339 2338 spem
368 2256 446 2320 dum
470 2256 672 2339 adoptamur,
704 2278 769 2321 non
793 2258 913 2321 mirum
937 2269 985 2322 est
1007 2259 1035 2322 si

62 2364 151 2408 nunc
179 2342 368 2408 abscondita
391 2343 488 2406 sitin
513 2343 608 2407 torris
631 2344 698 2406 vita
721 2352 841 2407 nostra.
888 2343 1034 2425 Respon·
1173 2339 1224 2404 50.
1254 2337 1334 2424 (Udi
1363 2342 1617 2427 misericordiae.)
1666 2344 1799 2427 Colligit
1829 2346 1954 2411 animos
1983 2368 2060 2428 pro-

61 2428 138 2507 deo,
171 2429 234 2493 Dei
264 2430 468 2493 concessione
501 2440 630 2493 sanctos
663 2429 746 2492 hene
779 2429 841 2493 sibi
872 2429 1034 2493 licentiam
1088 2424 1187 2507 pheta
1210 2447 1250 2490 ex
1273 2426 1496 2492 recordatione
1527 2429 1758 2495 beneficiorum
1781 2427 1862 2495 Dei:
1896 2451 1933 2497 ae
1955 2432 1984 2496 si
2006 2454 2058 2496 ra·

65 2535 208 2590 sumere,
244 2525 279 2576 ut
310 2516 415 2578 Deum
448 2515 515 2578 suis
545 2513 694 2595 precibus
723 2513 763 2578 ad
793 2515 1033 2578 festinationem
1088 2512 1270 2587 tioeinetur,
1305 2511 1413 2577 Deum
1445 2535 1511 2577 non
1543 2535 1637 2596 posse
1667 2517 1720 2580 sui
1753 2536 1823 2580 esse
1850 2514 2057 2581 dissimilem:

60 2600 215 2664 incitent:
233 2599 327 2663 modo
338 2600 435 2664 simul
451 2600 599 2666 iniiciant
614 2600 675 2663 sibi
688 2602 860 2665 modestiae
877 2601 1034 2680 fraenum,
1059 2556 1062 2669 l
1088 2597 1222 2678 ideoque
1245 2618 1311 2661 nou
1331 2620 1424 2681 posse
1447 2600 1569 2664 aboleri
1594 2602 1842 2667 beneficentiam
1865 2623 1961 2684 quam
1980 2603 2059 2668 olim

62 2695 94 2749 et
117 2684 260 2749 cohibito
283 2687 408 2750 fervore
431 2695 514 2750 totos
536 2708 571 2750 se
593 2687 662 2750 eius
680 2685 813 2750 arbitrio
832 2687 1033 2768 permittant.
1089 2684 1235 2764 patribus
1257 2684 1415 2748 exhibuit.
1460 2686 1576 2750 Posset
1601 2686 1683 2752 haec
1705 2688 1835 2770 quidem
1859 2690 2059 2770 comparatio

62 2771 115 2835 De
148 2770 290 2835 secundo
323 2772 370 2835 sic
402 2770 587 2836 babendum
622 2782 686 2850 est,
720 2773 747 2837 si
777 2793 835 2855 per
864 2772 1035 2836 continuos
1088 2768 1257 2833 debilitare
1279 2772 1404 2834 animos
1427 2771 1563 2852 piorum,
1591 2773 1668 2836 dum
1692 2794 1727 2837 se
1750 2774 1859 2838 minus
1880 2775 2059 2839 clementer

63 2858 228 2922 eruciatus
268 2857 338 2921 vita
380 2856 458 2921 baec
492 2858 585 2922 nobis
619 2878 716 2941 aegre
749 2857 909 2921 trahenda
942 2858 1033 2936 foret,
1059 2860 1062 2937 l
1088 2854 1192 2918 olleo
1212 2856 1343 2920 tractari
1363 2855 1488 2920 vident:
1512 2859 1573 2922 nisi
1593 2860 1732 2922 alterum
1751 2860 1848 2923 simul
1865 2874 2058 2938 occurreret,

63 2964 177 3006 verum
207 2943 336 3026 quidem
370 2951 432 3019 est,
467 2944 547 3007 satis
576 2964 646 3008 esse
676 2942 783 3007 solatii
813 2943 852 3005 ad
883 2943 1033 3007 ferendas
1088 2939 1197 3003 Deum
1220 2960 1324 3021 neque
1347 2944 1468 3004 mutari
1492 2964 1651 3025 unquam,
1686 2964 1790 3026 noque
1813 2945 1847 3008 in
1871 2965 1949 3009 suae
1979 2947 2057 3009 libe-

63 3029 221 3103 miserias,
253 3030 278 3092 si
311 3037 438 3092 mentes
460 3029 492 3091 in
517 3029 642 3093 eoelum
662 3029 819 3093 tollimus:
851 3029 907 3092 sed
930 3051 1033 3109 neque
1087 3025 1225 3089 ralitatis
1252 3047 1348 3090 cursu
1371 3026 1511 3109 fatigari.
1557 3028 1745 3094 Secundum
1775 3031 1956 3094 membrum
1986 3032 2057 3110 qui-

63 3114 97 3177 in
122 3122 212 3178 tanta
234 3115 424 3178 infirmitate
446 3115 479 3177 id
501 3116 672 3196 quisquam
695 3115 798 3191 faciet,
828 3114 891 3178 uisi
914 3114 948 3177 in
973 3115 1034 3180 hae
1088 3110 1161 3174 dam
1184 3114 1379 3193 interpretes
1401 3125 1579 3179 contexunt
1602 3117 1793 3199 interposito
1815 3115 1963 3194 relative,
1993 3116 2057 3181 Ubi

63 3200 133 3262 vita
161 3200 420 3282 praegustaverit
443 3201 506 3264 Dei
536 3200 723 3264 bonitatem.
770 3198 897 3263 Deinde
920 3209 1033 3264 notau-
1088 3196 1326 3261 misericordiae
1349 3219 1430 3280 quas
1452 3200 1589 3265 iurasti?
1625 3201 1721 3281 Quod
1754 3203 1892 3266 libenter
1921 3202 2057 3283 recipio:

63 3284 142 3348 dum
165 3296 222 3363 est,
246 3285 389 3350 fidelium
413 3287 553 3368 gemitus
575 3307 641 3350 non
665 3288 780 3351 debere
798 3285 839 3348 ad
858 3287 1033 3366 perfectam
1087 3283 1163 3363 quia
1185 3284 1303 3347 omisso
1325 3285 1461 3348 relativo
1483 3286 1568 3350 idem
1592 3289 1659 3352 fere
1681 3298 1793 3352 manet
1815 3308 1940 3351 sensus.
1972 3287 2057 3351 Nam

63 3370 208 3453 regulam
237 3373 332 3454 exigi,
363 3373 437 3454 quia
469 3393 534 3437 non
564 3373 715 3437 oriuntur
736 3394 777 3436 ex
801 3372 978 3453 composito
1001 3382 1034 3435 et
1087 3368 1183 3431 fidem
1207 3369 1328 3433 oraculi
1359 3371 1450 3434 Deus
1479 3371 1576 3437 claris
1606 3374 1839 3456 experimentis
1869 3374 2058 3455 comproba-

63 3457 240 3539 tranquillo
262 3479 370 3540 sensu,
392 3458 449 3522 sed
472 3480 512 3521 ex
536 3460 721 3540 passionum
741 3457 947 3521 vehementia
965 3470 1033 3520 tur·
1057 3480 1062 3573 p
1087 3460 1188 3532 verat,
1217 3454 1353 3536 ideoque
1382 3465 1449 3519 tam
1473 3459 1718 3538 promissionem
1742 3480 1838 3541 quam
1863 3460 2058 3540 multiplices

63 3542 235 3607 bulentum
263 3544 384 3625 aliquid
409 3544 552 3608 trabunt.
597 3544 718 3609 Fateor
740 3544 882 3625 quidem,
911 3544 939 3607 si
961 3543 1034 3625 quis
1086 3539 1156 3602 eius
1179 3539 1314 3605 effectus
1342 3539 1499 3606 obiiciunt
1529 3544 1641 3610 fideles
1663 3545 1745 3610 Deo.
1791 3544 1918 3609 Dicunt
1948 3556 2057 3608 autem

62 3629 218 3693 metiatur
240 3628 305 3693 Dei
327 3651 471 3694 amorem
494 3651 535 3694 ex
556 3631 721 3711 praesenti
743 3640 839 3705 statu,
863 3649 1033 3710 perperam
1084 3625 1119 3688 ia
1139 3626 1274 3700 vereare,
1298 3647 1359 3708 quo
1382 3627 1422 3691 ad
1446 3650 1480 3692 se
1503 3632 1719 3695 confidentius
1741 3630 1876 3694 trabant
1898 3629 2056 3713 quidquid

62 3735 138 3778 eum
149 3715 459 3797 facere:quiaDeus
470 3736 549 3797 quos
562 3715 669 3798 diligit
680 3716 826 3798 castigat,
839 3714 942 3797 Hebr.
954 3714 1033 3793 lae
1085 3711 1162 3774 olim
1189 3710 1281 3775 Deus
1310 3714 1532 3793 praestiterat:
1566 3719 1643 3799 quia
1672 3716 1854 3782 communis
1885 3725 1933 3780 est
1964 3718 2056 3793 ratio,

61 3799 119 3865 sed
141 3802 217 3881 quia
239 3822 408 3884 nunquam
432 3810 498 3864 tam
518 3812 665 3866 austerus
683 3812 732 3865 est
750 3821 930 3883 ergasuos,
954 3803 1032 3881 quin
1056 3788 1061 3869 l
1085 3818 1184 3878 quum
1219 3795 1311 3861 Deus
1350 3799 1404 3881 qui
1440 3821 1569 3883 semper
1608 3802 1672 3867 sibi
1711 3814 1856 3880 constat,
1896 3802 2057 3866 iuraverit

62 3886 202 3968 gratiam
224 3906 316 3952 suam
339 3908 374 3951 re
396 3895 430 3950 et
451 3888 653 3968 experientia
669 3888 749 3969 ipsis
768 3885 925 3960 ostendat,
949 3907 1033 3950 sem·
1085 3885 1119 3946 in
1154 3903 1268 3947 omnes
1309 3893 1431 3950 aetates
1464 3907 1498 3950 se
1533 3888 1775 3954 misericordem
1812 3888 1883 3951 fore
1918 3889 2057 3970 posteris

62 3992 121 4053 per
154 3971 215 4037 hoc
249 3992 363 4036 verum
393 3988 517 4048 manet,
551 3973 651 4037 vitam
687 3973 855 4037 hominum
885 3973 1033 4035 inutilem
1087 3967 1234 4032 Davidis.

62 4078 142 4139 esse,
174 4057 239 4122 nisi
267 4059 301 4122 in
330 4077 369 4121 ea
397 4058 542 4123 sentiant
572 4059 679 4122 Deum
709 4059 770 4123 sibi
799 4079 868 4122 esse
897 4069 1032 4139 patrem.
1171 4054 1222 4118 51.
1242 4053 1434 4138 (Recordare
1448 4056 1607 4143 Domine.)
1642 4060 1772 4124 Rursus
1789 4057 2057 4142 adducuntquod

62 4142 159 4223 Quod
182 4164 260 4207 vero
283 4142 324 4207 ad
346 4142 523 4208 secundum
547 4144 729 4208 membrum
753 4154 886 4226 spectat,
910 4141 1032 4206 dictum
1057 4142 1061 4271 Ι
1086 4138 1126 4203 ad
1149 4138 1387 4222 provocandam
1407 4140 1469 4207 Dei
1494 4146 1748 4211 misericordiam
1772 4167 1838 4208 non
1861 4166 1977 4228 parum
2000 4166 2058 4209 va-

61 4228 138 4293 alibi
162 4229 233 4305 fuit,
256 4249 322 4293 non
345 4230 446 4294 fluere
465 4231 623 4312 aequabili
640 4241 752 4319 tenore
768 4250 879 4313 preces
896 4246 1032 4306 nostras,
1058 4276 1061 4346 p
1085 4226 1181 4304 lebat,
1203 4224 1343 4290 ludibrio
1366 4248 1400 4291 se
1424 4227 1536 4295 haberi
1560 4233 1598 4294 ab
1622 4231 1740 4312 impiis.
1786 4230 1874 4295 Nam
1897 4251 1959 4313 quo
1982 4251 2056 4313 gra·

56 4313 119 4379 sed
142 4314 307 4379 interdum
331 4315 450 4381 doloris
472 4317 696 4397 intemperiem
715 4314 861 4398 prodere.
893 4314 1034 4397 Ideoque
1086 4311 1157 4375 vior
1175 4326 1225 4376 est
1242 4314 1305 4376 ista
1327 4314 1462 4378 tentatio
1481 4325 1514 4379 et
1534 4317 1717 4393 molestior,
1741 4316 1841 4381 rideri
1864 4317 2057 4398 patientiam

62 4402 182 4465 mirum
206 4421 270 4465 non
293 4410 352 4480 est,
376 4400 453 4464 dum
475 4402 602 4484 piorum
624 4423 739 4467 sensus
758 4409 894 4483 occupat
913 4411 1034 4465 etcon-
1086 4410 1231 4461 nostram
1261 4398 1301 4461 ab
1330 4398 1456 4482 impiis,
1493 4409 1531 4466 ut
1564 4402 1717 4467 damnata
1746 4402 1811 4467 Dei
1840 4402 1902 4466 fide
1931 4423 1990 4465 nos
2019 4402 2055 4465 in

61 4488 191 4552 strictos
213 4494 303 4550 tenet
325 4485 516 4551 immodicus
540 4487 631 4552 dolor
654 4488 707 4552 vel
726 4497 841 4564 metus,
865 4487 891 4551 si
908 4487 1034 4568 obrepit
1085 4482 1343 4565 desperationem
1366 4486 1590 4570 praecipitent,
1613 4509 1651 4551 eo
1675 4491 1819 4570 paratior
1840 4496 1891 4551 est
1908 4489 1997 4551 Deus
2014 4486 2055 4550 ad

62 4571 137 4637 talis
160 4573 379 4655 incogitantia,
403 4581 439 4636 ut
460 4573 604 4637 futuram
629 4573 731 4639 vitam
752 4595 829 4655 prae
847 4572 949 4636 oculis
968 4593 1033 4635 non
1084 4589 1178 4651 opem
1205 4570 1386 4646 ferendam,
1418 4593 1458 4635 ue
1488 4575 1659 4637 tentationi
1689 4573 1902 4639 succumbant
1933 4572 2055 4636 debiles

62 4678 193 4741 semper
221 4658 373 4723 habeant.
418 4657 544 4722 Putant
568 4657 661 4723 multi
685 4658 747 4723 hoc
769 4680 839 4723 esse
863 4657 956 4722 valde
980 4659 1033 4721 ab·
1085 4656 1194 4719 animi.
1239 4654 1353 4737 Neque
1376 4657 1463 4721 euim
1487 4659 1677 4741 simpliciter
1699 4659 1857 4741 intelligit
1883 4658 2054 4741 propbeta,

62 4742 208 4821 surdum,
237 4743 265 4808 si
295 4744 354 4808 filii
377 4744 440 4808 Dei
469 4745 575 4826 prima
601 4765 727 4827 quaque
749 4745 945 4828 cogitatione
967 4765 1033 4807 non
1084 4741 1297 4817 contumelias
1320 4740 1463 4806 hostium
1485 4745 1545 4809 sibi
1570 4766 1639 4810 esse
1662 4745 1894 4822 intolerabiles,
1918 4744 1975 4808 sed
1998 4764 2053 4825 pe-

63 4831 171 4893 statim
196 4830 231 4892 in
253 4829 378 4894 coelum
401 4837 582 4912 penetrent.
621 4829 723 4909 Quasi
747 4852 826 4896 vero
849 4851 914 4895 non
937 4850 1033 4911 saepe
1057 4858 1060 4885 ι
1084 4826 1260 4891 tulantiam
1283 4826 1376 4905 hanc,
1407 4849 1470 4910 qua
1492 4829 1566 4894 fidei
1590 4840 1622 4893 et
1644 4830 1820 4912 patientiae
1846 4831 1972 4911 piorum
2002 4830 2054 4893 in·

62 4916 231 4998 contingat
246 4913 447 4981 intercedere
466 4936 590 4982 crassas
602 4916 738 4981 nebulas
750 4938 832 4999 quae
844 4917 1033 5000 adspectum
1083 4913 1222 4988 saltant,
1249 4912 1491 4994 reprimendam
1520 4937 1590 4981 esse
1613 4937 1632 4979 a
1654 4918 1732 4993 Deo,
1761 4937 1802 4980 ne
1824 4915 1991 4998 pudefiant
2020 4915 2055 4978 in

64 5008 212 5065 nostrum
238 5000 418 5083 impediant
439 5001 490 5067 vel
517 5012 696 5067 morentur.
740 5003 841 5067 Aliud
865 5002 951 5067 enim
974 5011 1032 5078 est,
1083 4998 1154 5080 ipso
1171 5010 1348 5081 sperantes.
1380 5000 1455 5066 Hoc
1474 5001 1559 5066 idem
1583 5002 1688 5087 magis
1710 5011 1888 5085 exaggerat
1910 4999 2055 5065 secundo

63 5087 159 5150 fidem
192 5085 354 5162 hebetari,
387 5086 475 5153 aliud
505 5106 638 5169 prorsus
667 5089 843 5170 exstingui.
890 5089 932 5152 Et
953 5107 1032 5151 sane
1084 5082 1238 5162 membro,
1261 5102 1360 5164 quum
1384 5083 1461 5150 dicit
1482 5087 1794 5171 omnelprobrorum
1816 5108 1920 5170 genus
1943 5108 1978 5151 se
2000 5106 2055 5149 su·

64 5172 208 5255 quisquis
240 5173 439 5240 exercitatus
471 5184 521 5239 est
553 5174 587 5237 in
616 5173 679 5237 Dei
710 5174 837 5239 iudiciis
866 5185 899 5238 et
928 5183 1033 5238 tenta·
1083 5171 1247 5247 stinuisse,
1276 5171 1428 5236 amultis
1451 5173 1590 5256 populis,
1613 5173 1666 5238 vel
1689 5173 1826 5255 magnis,
1858 5194 1934 5238 nam
1957 5184 2054 5255 0³27

64 5258 190 5323 tionum
219 5258 350 5339 militia,
379 5257 533 5323 fatebitur
563 5280 628 5324 non
657 5268 724 5324 tam
754 5278 931 5325 memorem
962 5279 1031 5323 esse
1083 5266 1220 5340 utroque
1243 5256 1337 5320 modo
1359 5268 1467 5339 potest
1489 5260 1599 5342 accipi.
1635 5259 1739 5325 Porro
1761 5279 1863 5341 quum
1885 5257 1926 5323 de
1948 5258 2054 5324 servis
