4658 5856
161 330 234 408 183ο
941 334 1157 403 Psanites
1182 338 1380 404 LXXXIV.
1733 436 1736 441 Ι
2098 332 2159 398 ’184

160 530 248 607 1188,
278 528 454 615 sedetiam
479 525 837 611 perasperadeserta:
873 535 906 590 et
935 525 1042 606 potius
1071 523 1132 589 sibi
1185 528 1247 592 hoe
1276 536 1386 591 tamen
1416 536 1561 591 meretur
1590 524 1699 590 unctio
1726 544 1792 607 qua
1818 544 1870 587 me
1906 531 2022 605 typum
2053 519 2160 585 fecisti

159 618 304 682 facturos
331 615 491 680 cisternas
525 614 667 678 maximo
700 612 826 685 labore,
860 632 956 694 qaam
989 610 1133 693 regionis
1186 613 1272 677 unici
1305 611 1530 694 redemptoris.
1581 608 1710 691 Quibus
1744 609 1852 674 verbis
1885 607 2058 682 doeemur,
2094 628 2159 671 uon

159 703 289 768 siccitas
322 721 434 765 eorum
468 701 532 763 iter
565 697 731 781 impediat.
786 696 878 761 Idem
913 705 947 760 et
985 697 1132 778 proximo
1186 698 1281 763 aliter
1303 697 1396 762 nobis
1418 696 1585 781 propitiari
1608 696 1727 775 Deum,
1749 716 1846 778 quam
1868 694 1923 759 ubi
1946 692 2104 759 Christus
2125 694 2159 757 iu

161 808 258 851 versu
281 787 413 870 repetit:
436 786 513 868 quis
535 785 622 848 enim
641 804 681 847 ex
704 783 787 866 legis
809 784 1020 865 praescripto,
1044 790 1132 863 post·
1185 784 1327 847 medium
1349 783 1474 867 prodit,
1507 783 1600 848 cuius
1623 781 1780 863 adspectu
1803 780 2024 845 discutiuntur
2046 800 2160 845 omnes

159 894 257 957 quam
280 892 355 937 8188
376 870 513 936 foederis
540 871 573 934 in
597 880 740 933 montem
764 867 845 935 Sion
875 867 1034 932 translata
1062 867 1131 931 fue·
1185 871 1338 934 vitiorum
1363 882 1548 933 nostrorum
1571 867 1718 932 nebulae.

159 968 221 1038 rat,
243 958 311 1023 illic
333 970 429 1022 eraut
450 955 533 1020 sacri
556 965 753 1019 conventus:
792 953 871 1018 dicit
892 951 1004 1018 fideles
1026 966 1131 1016 certa·
1272 954 1445 1038 11.(11811
1466 954 1575 1018 melior
1603 958 1647 1018 est
1672 950 1764 1036 dies.)
1809 949 1920 1032 Quum
1949 952 2058 1015 maior
2087 971 2160 1033 pars

160 1046 220 1108 tim
259 1044 338 1108 illue
379 1053 542 1107 venturos.
597 1040 724 1104 Nomen
757 1016 824 1125 bin
863 1060 937 1103 raro
970 1040 1132 1121 significat
1185 1041 1300 1106 mundi
1322 1042 1392 1104 sine
1415 1040 1540 1104 ratione
1562 1041 1673 1103 vivere
1692 1046 1834 1121 appetat,
1857 1058 1915 1101 nec
1934 1036 2022 1102 aliud
2043 1036 2161 1102 habeat

160 1142 313 1206 turmam,
335 1127 464 1210 saepius
486 1136 595 1191 autem
620 1126 799 1208 potentiam
822 1125 873 1189 vel
900 1124 1008 1189 robur.
1052 1123 1132 1188 Ideo
1184 1127 1217 1190 in
1249 1128 1335 1191 votis
1365 1147 1462 1208 quam
1495 1123 1555 1189 sibi
1587 1126 1688 1189 vitam
1716 1124 1901 1207 prorogari:
1936 1134 2081 1187 testatur
2109 1121 2160 1188 hic

160 1215 201 1279 ad
235 1234 439 1281 communem
473 1212 603 1295 linguae
632 1232 727 1275 usum
759 1213 866 1293 aptius
900 1210 962 1275 erit
995 1219 1130 1286 vertere,
1184 1211 1295 1276 David
1319 1234 1385 1276 uon
1403 1211 1498 1275 modo
1518 1210 1715 1293 propositum
1735 1208 1797 1273 sibi
1817 1228 1887 1272 esse
1906 1208 2041 1272 vivendi
2062 1210 2161 1273 finem

168 1301 296 1366 Venient
315 1320 331 1365 e
350 1300 463 1364 uirtute
484 1300 519 1362 in
539 1299 699 1361 virtutem:
731 1318 769 1362 ac
796 1297 823 1361 si
854 1295 990 1373 diceret,
1021 1295 1133 1360 fideles
1186 1313 1222 1361 nt
1249 1298 1358 1363 Deum
1388 1298 1487 1375 eolat,
1522 1295 1580 1360 sed
1608 1296 1670 1360 sibi
1700 1295 1802 1376 pluris
1832 1314 1903 1358 esse
1931 1294 2018 1359 diem
2049 1316 2160 1372 unum,

160 1387 303 1453 collectis
335 1383 474 1449 subinde
509 1384 631 1447 viribus
664 1382 862 1448 adscendere
903 1381 945 1446 ad
987 1392 1132 1445 montem
1186 1405 1282 1467 quem
1303 1383 1492 1465 impendere
1514 1380 1623 1446 licebit
1646 1382 1680 1444 iu
1709 1380 1833 1445 cultum
1856 1380 1936 1461 Dei,
1965 1400 2067 1462 quam
2096 1380 2162 1445 lou·

163 1472 259 1550 Sion,
290 1491 350 1536 neo
379 1467 572 1535 lassitudine
604 1469 673 1532 ulla
701 1466 840 1545 tardari,
871 1465 973 1533 donee
1002 1467 1133 1549 conspi-
1185 1492 1264 1551 gum
1294 1480 1422 1551 tempus
1452 1467 1634 1551 transigere
1663 1468 1750 1530 iuter
1780 1466 1928 1530 homines
1957 1466 2115 1546 profanos
2143 1487 2160 1530 a

160 1560 248 1624 ciant
280 1556 344 1620 Dei
386 1556 511 1620 faeiem.
567 1554 673 1620 Sicuti
714 1567 824 1618 tamen
864 1554 968 1636 magis
995 1552 1134 1635 „placeat
1185 1555 1301 1638 quibus
1323 1554 1454 1620 exsulat
1477 1554 1599 1636 religio.
1636 1551 1724 1632 Quia
1743 1572 1819 1615 vcro
1838 1551 1915 1616 solis
1938 1549 2161 1616 sacerdotibus

162 1645 294 1717 Turma,
317 1662 435 1707 sensus
458 1641 528 1717 erit,
552 1659 617 1703 nou
638 1660 756 1723 paucos
774 1638 868 1703 modo
887 1648 1053 1717 venturos,
1076 1637 1133 1703 sed
1186 1643 1234 1706 tas
1256 1652 1327 1705 erat
1349 1639 1509 1722 templum
1543 1636 1687 1722 ingredi,
1719 1637 1841 1701 diserte
1862 1638 2018 1719 exprimit
2040 1636 2159 1714 David,

184 1727 341 1793 ermultas
359 1736 516 1793 88181188.
551 1726 655 1790 Porro
674 1724 834 1808 quomode
852 1726 1040 1806 apparuerit
1057 1724 1133 1788 olim
1187 1726 1281 1791 modo
1302 1724 1470 1790 subsidere
1492 1726 1526 1788 in
1549 1725 1632 1788 atrio
1655 1724 1758 1801 liceat,
1782 1724 1843 1786 hac
1864 1734 1953 1787 sorte
1970 1731 2159 1786 contentum

196 1836 255 1880 eus
283 1813 318 1877 in
348 1812 469 1893 templo
498 1813 602 1876 servis
632 1812 714 1890 suis,
745 1810 821 1875 alibi
851 1809 974 1875 dictum
1005 1819 1069 1889 est,
1098 1829 1136 1873 ne
1187 1814 1316 1877 881818.
1348 1811 1432 1875 Ν8111
1451 1823 1495 1903 qn
1516 1820 1639 1893 postem
1659 1809 1712 1874 vel
1734 1808 1834 1872 limen
1854 1807 1968 1873 domus
1986 1808 2160 1890 siguificat

160 1900 353 1984 praesertim
377 1898 498 1963 Psalm.
521 1898 573 1973 27,
596 1897 626 1962 4.
656 1898 685 1962 5.
731 1896 803 1961 Etsi
834 1896 921 1959 enim
951 1895 1041 1959 nulla
1069 1895 1135 1960 illie
1187 1899 1290 1963 Porro
1312 1899 1510 1979 comparatio
1533 1896 1595 1961 ista
1617 1894 1757 1959 multum
1781 1893 1966 1976 amplificat,
2004 1915 2107 1977 quum
2128 1915 2161 1959 se

161 1985 302 2050 visibilis
323 1995 394 2048 erat
417 1984 479 2048 Dei
503 1984 629 2066 imago,
658 1983 734 2064 quia
756 1992 866 2045 tamen
895 2001 968 2045 arca
997 1979 1135 2045 foederis
1186 1984 1280 2050 malle
1303 1982 1383 2048 dicit
1403 1983 1439 2046 in
1461 1982 1543 2063 ipsis
1564 1981 1671 2062 tempii
1697 1979 1820 2062 [oribus
1849 1979 2035 2056 subsistere,
2068 2000 2160 2062 quam

162 2071 347 2155 symbolum
369 2079 439 2134 erat
461 2070 531 2133 eius
549 2067 760 2151 praesentiae,
783 2067 912 2149 experti
930 2080 1008 2131 sunt
1025 2065 1136 2130 fideles
1188 2088 1337 2150 occupare
1358 2068 1558 2133 tabernacula
1583 2067 1768 2149 impietatis:
1798 2065 1891 2147 qussi
1914 2064 2047 2146 diceret,
2071 2087 2108 2130 so
2129 2068 2159 2129 iu

162 2156 223 2222 hoe
245 2178 281 2221 se
304 2154 503 2220 adminiculo
527 2154 653 2219 utiliter
675 2153 780 2217 iuvari
802 2166 838 2217 ut
859 2152 901 2217 ad
919 2152 1027 2217 Deum
1046 2171 1134 2217 acae-
1189 2155 1359 2239 vulgarem
1389 2165 1423 2217 et
1449 2153 1626 2236 ignobilem
1656 2152 1761 2217 locum
1798 2149 1897 2214 malle
1925 2151 2035 2233 rsiiei,
2068 2151 2160 2216 modo

164 2240 289 2306 darent.
1187 2249 1359 2308 censeatur
1380 2240 1415 2303 iu
1438 2239 1500 2303 Dei
1524 2237 1660 2321 populo,
1683 2257 1781 2319 quam
1804 2237 1998 2319 primarium
2022 2237 2161 2320 gradum

1188 2340 1299 2392 tenere
1328 2327 1414 2390 inter
1443 2325 1569 2407 impios.
1614 2324 1740 2388 Rarum
1770 2331 1858 2387 certe
1887 2321 2021 2404 pietatis
2050 2344 2161 2388 exem·

250 2411 280 2475 9.
310 2410 425 2477 181888
459 2409 548 2475 Deus
587 2411 775 2474 exercituum
814 2410 893 2475 audi
927 2411 1138 2491 precationem
1189 2415 1288 2496 plum.
1334 2411 1497 2491 Quamvis
1518 2411 1607 2474 enim
1631 2409 1726 2474 multi
1748 2409 1855 2472 locum
1877 2408 1939 2471 sibi
1960 2406 1996 2471 in
2026 2409 2162 2473 ecelesia

165 2516 283 2577 1118811,
320 2496 461 2562 8118111118
499 2496 589 2561 Deus
617 2495 719 2561 Iacob.
765 2494 869 2560 Seiab.
922 2498 972 2561 10.
1004 2494 1139 2576 Ctppeus
1189 2521 1259 2564 esse
1282 2497 1431 2580 cupiant,
1460 2493 2161 2576 8181818811ρ188181818111111118,111ρ811·

165 2588 268 2648 888181
296 2582 422 2663 adspice
449 2582 555 2660 Deus,
585 2586 613 2645 et
640 2582 759 2646 intuere
785 2582 900 2663 sociem
930 2581 1050 2645 Gir-isti
1075 2582 1139 2644 tui:
1188 2585 1327 2650 cissimis
1350 2582 1492 2647 sufficiat
1513 2582 1548 2645 in
1570 2580 1736 2645 communi
1754 2599 1889 2643 numero
1908 2599 2049 2643 manere.
2085 2578 2163 2645 Om-

167 2671 217 2733 11.
244 2668 328 2749 Quia
349 2669 458 2733 metior
479 2673 523 2732 est
544 2667 611 2730 dies
637 2686 721 2730 uuus
749 2667 785 2728 in
812 2666 907 2730 atriis
934 2667 1013 2747 tuis,
1043 2686 1139 2746 quam
1189 2692 1248 2734 nes
1277 2670 1365 2733 euim
1394 2669 1461 2732 1818
1491 2667 1611 2750 abripit
1641 2686 1764 2730 1888118
1793 2665 1890 2729 altius
1923 2665 2161 2730 conscendendi

165 2752 267 2831 mille,
307 2753 384 2834 eiepr‘
412 2753 506 2815 limen
533 2756 634 2815 tenere
662 2752 697 2814 iu
725 2751 813 2815 domo
841 2749 905 2815 Dei
930 2752 1007 2829 mei,
1031 2753 1139 2833 potius
1190 2754 1360 2837 cupiditas,
1381 2763 1419 2816 ut
1436 2753 1546 2834 quieta
1563 2752 1627 2815 illis
1646 2771 1710 2815 nou
1730 2752 1773 2815 sit
1790 2752 1886 2815 statio
1904 2751 2162 2822 nisiemineant.

166 2858 262 2921 quam
287 2836 428 2902 babitare
456 2838 492 2901 in
519 2835 729 2901 tobcmoautis
759 2834 935 2916 impietatis.
982 2836 1031 2900 12.
1057 2836 1166 2935 <Mal
1280 2840 1328 2904 12.
1351 2838 1450 2923 (Quia
1471 2839 1518 2902 sat
1539 2843 1566 2900 et
1587 2836 1734 2984 clppcusp
1768 2834 1854 2902 Solis
1876 2836 2077 2918 comparatio
2100 2835 2162 2901 hue

165 2921 1025 3006 8811811888[8188811818818118818191811811
1052 2921 1140 2986 dabit
1191 2924 1305 3004 tendit,
1339 2922 1612 3006 quemadmodum
1643 2923 1690 2986 sol
1733 2942 1790 2986 nce
1813 2943 1873 2987 sua
1894 2921 2057 2985 mundum
2082 2922 2162 2986 1111·

166 3007 300 3088 Iebova,
328 3028 392 3073 nau
412 3008 534 3073 81881181
556 3007 667 3071 bonurn
695 3006 926 3072 ambulantibus
955 3008 991 3071 in
1018 3009 1141 3072 18811111-
1190 3013 1276 3088 ficet,
1300 3010 1398 3088 fovet,
1421 3022 1520 3090 atque
1542 3006 1713 3083 exhilarat,
1736 3009 1782 3071 ita
1799 3028 1914 3072 sereno
1925 3005 1989 3070 Dei
2007 3005 2163 3090 adspectu

165 3096 247 3161 dine.
294 3092 344 3157 13.
368 3093 482 3159 Ichana
504 3094 712 3173 exercituum,
735 3092 839 3157 beatus
861 3092 1139 3175 118118ᾳαί8811-
1192 3097 1330 3163 recreari
1364 3093 1493 3160 fideles:
1527 3095 1593 3157 imo
1622 3115 1687 3158 nou
1721 3093 1815 3157 aliter
1839 3093 1949 3157 vivere
1971 3102 2005 3156 et
2027 3093 2163 3175 spirare,

167 3182 213 3246 dit
235 3182 270 3245 in
289 3184 328 3244 te.
1192 3184 1257 3248 nisi
1290 3192 1451 3265 quatenus
1483 3180 1548 3245 illis
1570 3180 1662 3244 Deus
1695 3178 1840 3263 affulget.
1884 3177 1998 3260 (llypei
2032 3179 2164 3244 nomine

1192 3268 1348 3353 intelligit
1369 3266 1537 3349 propheta,
1569 3266 1708 3331 salutem
1741 3275 1897 3340 nostram,
1930 3285 2013 3346 quae
2045 3265 2165 3347 alioqui

250 3350 280 3426 9,
304 3348 434 3432 (lebona
455 3348 568 3433 Deus.)
609 3347 696 3428 Quia
718 3349 819 3414 stulte
841 3358 874 3413 et
896 3349 967 3415 sine
990 3349 1138 3432 profectu
1192 3352 1373 3419 innumeris
1396 3352 1548 3435 periculis
1577 3351 1725 3434 exposita
1754 3362 1847 3426 esset,
1878 3349 1948 3414 eius
1977 3348 2164 3415 defensioue

165 3436 293 3519 profani
323 3434 473 3499 homines
501 3455 536 3498 se
565 3444 733 3499 macerant
764 3445 796 3499 81
825 3446 979 3516 torquent
1008 3436 1042 3499 in
1072 3437 1140 3500 suis
1193 3440 1336 3523 protegi:
1371 3440 1448 3521 quia
1470 3456 1538 3501 non
1560 3437 1640 3502 satis
1662 3444 1755 3515 esset,
1788 3436 1953 3501 vivificum
1977 3436 2074 3501 nobis
2096 3456 2165 3502 esse

166 3520 344 3594 desideriis,
367 3520 546 3603 prudenter
569 3518 677 3584 David
700 3541 759 3584 sua
782 3530 858 3585 1818
876 3521 917 3584 ad
936 3520 1043 3585 Deum
1064 3543 1140 3586 con·
1192 3527 1257 3590 Dei
1289 3526 1447 3606 favorem,
1481 3524 1544 3587 nisi
1577 3524 1663 3587 iuter
1696 3534 1746 3586 tot
1779 3521 1967 3587 discrimina
2006 3523 2165 3587 virtutem

166 3607 277 3672 vertit.
321 3605 433 3689 Atque
456 3605 533 3669 binc
555 3607 655 3669 etiam
683 3616 819 3688 apparet
847 3627 911 3670 nou
942 3607 1041 3671 fuisse
1072 3629 1139 3670 am·
1165 3634 1168 3643 ·
1193 3631 1322 3695 quoque
1361 3629 1453 3674 suam
1493 3608 1533 3672 ad
1568 3628 1628 3672 nos
1660 3607 1797 3671 tuendos
1826 3614 2013 3689 opponeret.
2071 3606 2167 3688 Quod

165 3692 292 3757 bitiosis
321 3691 485 3757 iactantiis
515 3691 677 3754 deditum:
715 3694 810 3756 sicuti
841 3693 960 3757 mirum
991 3691 1139 3755 ardorem
1194 3709 1306 3779 postes
1327 3696 1483 3778 sequitur,
1504 3696 1646 3778 gratiam
1668 3694 1847 3774 etqloriam
1869 3691 1965 3770 dabit,
1988 3694 2035 3756 ita
2057 3708 2167 3775 posset

166 3800 244 3861 prae
267 3799 302 3842 88
324 3779 434 3841 ferunt
457 3777 549 3839 multi
573 3776 778 3858 hypocritae,
807 3797 887 3858 quos
910 3779 999 3841 intus
1020 3778 1141 3861 frigere
1194 3782 1304 3865 accipi,
1327 3802 1407 3863 quos
1427 3781 1516 3845 Deus
1534 3782 1569 3844 in
1593 3778 1654 3845 hoc
1677 3779 1798 3843 mundo
1820 3799 1879 3842 sua
1897 3779 2004 3862 gratia
2026 3781 2167 3855 81118111,

167 3865 262 3929 188118
292 3875 344 3927 881
371 3861 471 3926 Deus.
524 3861 638 3925 Primo
667 3874 775 3926 autem
807 3863 1005 3946 generaliter
1035 3862 1169 3927 audiri!
1195 3864 2054 3949 tandeminrcguosuocoelestigloriacoronare.
2103 3863 2169 3931 Sed

167 3949 326 4032 postulat:
357 3946 475 4011 deiude
497 3947 573 4028 quia
596 3946 700 4011 videri
724 3957 849 4029 poterat
870 3949 910 4012 sb
932 3950 1069 4014 ecclesia
1091 3971 1141 4012 re·
1166 3924 1170 4069 1
1195 3955 1269 4035 quia
1292 3972 1407 4016 vereor
1430 3974 1472 4015 ne
1495 3962 1611 4033 arguta
1633 3953 1677 4014 sit
1698 3950 1755 4014 illa
1777 3950 1949 4026 distinctio,
1978 3952 2167 4032 praestabit,

168 4046 285 4117 sectus,
305 4035 380 4098 huic
396 4032 569 4097 tentationi
589 4034 737 4111 occurrit,
755 4053 789 4097 se
805 4054 989 4116 aggregans
1005 4044 1038 4098 et
1053 4035 1141 4098 colli·
1166 4080 1170 4127 ἰ
1194 4060 1266 4103 meo
1289 4038 1418 4116 iudicio,
1440 4039 1486 4100 ita
1507 4037 1669 4100 resolvere
1692 4038 1900 4099 sententiam:
1926 4035 2106 4117 Postquam
2126 4038 2170 4102 18-

169 4141 249 4203 gens
271 4139 346 4182 cum
368 4118 520 4182 omnibus
548 4117 611 4200 piis
640 4119 699 4182 sub
723 4118 786 4181 Dei
818 4117 1025 4200 praesidium.
1070 4120 1142 4184 Nisi
1167 4136 1170 4193 ι
1195 4145 1273 4188 1818
1295 4144 1353 4187 suo
1376 4122 1565 4205 complexus
1587 4120 1788 4184 fueritDeus
1810 4121 1932 4197 fideles,
1956 4121 2094 4185 extollet
2115 4143 2169 4187 eos

168 4207 256 4270 euim
280 4204 432 4268 eeclesiae
454 4203 571 4267 fuisset
592 4204 789 4280 membrum,
813 4225 879 4268 nen
902 4214 1028 4287 poterat
1056 4226 1142 4269 com·
1167 4200 1170 4221 ¹
1195 4212 1228 4273 in
1252 4229 1413 4273 summam
1437 4208 1638 4289 dignitatem,
1670 4227 1728 4270 nec
1757 4206 1882 4270 desinet
1904 4227 1958 4270 eos
1980 4207 2050 4272 suis
2072 4208 2170 4273 donis

169 4290 315 4354 munitor
337 4289 431 4369 quasi
453 4289 488 4351 in
509 4288 655 4352 omnium
684 4310 824 4369 perseus
853 4289 978 4367 dicere,
1010 4290 1143 4372 Olppeus
1195 4294 1401 4376 locupletare.
1447 4292 1542 4372 Quod
1565 4294 1663 4356 etiam
1685 4293 1855 4356 coufirmat
1887 4293 2038 4373 proximo
2066 4314 2170 4358 mem·

168 4380 282 4441 1188181.
316 4374 396 4438 Mox
414 4374 513 4437 etiam
533 4373 630 4439 altius
650 4375 849 4452 conscendit,
872 4376 996 4457 regiam
1016 4379 1142 4440 unctio·
1196 4380 1262 4455 bro,
1280 4400 1341 4444 non
1354 4378 1526 4460 prohibebit
1543 4379 1654 4443 boumn
1673 4377 1906 4443 ambulantibus
1922 4378 1957 4441 in
1968 4378 2173 4444 rectitudine:

170 4481 255 4538 nem,
274 4481 338 4541 qus
355 4458 448 4522 Deus
465 4479 524 4540 per
544 4479 677 4524 manum
689 4459 863 4537 Samuelis,
889 4462 916 4523 1.
930 4458 1019 4525 Sam.
1037 4462 1086 4537 16,
1103 4463 1142 4525 12
1196 4487 1232 4530 88
1256 4467 1282 4529 81
1305 4464 1433 4537 diceret,
1457 4484 1625 4546 nunquam
1648 4463 1816 4527 exhauriri
1837 4463 1899 4527 Dei
1918 4461 2171 4529 beneficentiam

171 4566 247 4610 oum
268 4545 423 4628 dignatus
451 4544 574 4619 fuerat,
604 4545 638 4606 in
669 4546 813 4608 medium
841 4547 1017 4626 proterens.
1063 4548 1143 4610 lim·
1195 4552 1272 4633 quin
1297 4551 1426 4614 assidue
1449 4550 1537 4612 fluat.
1583 4548 1712 4612 luteres
1729 4549 1912 4632 colligimus
1931 4571 1971 4612 ex
1990 4550 2030 4612 iis
2049 4550 2172 4627 verbis,

170 4631 302 4716 phatica
323 4632 409 4694 euim
433 4642 482 4695 est
506 4628 666 4710 loquutio,
700 4651 796 4711 qnam
819 4630 918 4694 multi
946 4633 1142 4713 interpretes
1195 4635 1351 4717 quidquid
1374 4649 1422 4699 est
1445 4636 1478 4697 in
1502 4634 1593 4698 uobis
1617 4636 1843 4715 praestantiae,
1866 4655 2058 4699 1118881881
2078 4657 2174 4703 mora

170 4716 269 4782 nimis
292 4716 409 4799 lrigide
427 4715 669 4793 transmittunt,
686 4714 822 4796 Adspice
841 4717 1005 4798 infaciem
1025 4717 1144 4782 Obristi
1197 4723 1258 4785 Dei
1282 4722 1395 4803 gratia.
1441 4719 1548 4784 Simul
1572 4719 1637 4783 Dei
1656 4719 1832 4783 cultoribus
1856 4722 2021 4801 propriam
2056 4734 2173 4787 notam

170 4803 229 4867 tui.
275 4800 362 4866 Nam
394 4801 456 4864 Dei
486 4802 630 4863 favorem
662 4798 738 4864 hinc
767 4801 828 4864 sibi
858 4803 1036 4884 promittit,
1067 4804 1143 4884 quia
1166 4818 1169 4893 ζ
1195 4808 1359 4882 adscribit,
1383 4805 1469 4886 quod
1491 4826 1604 4869 corum
1628 4806 1697 4868 vita
1719 4804 1759 4869 ad
1783 4806 2005 4887 integritatem
2027 4807 2071 4870 sit
2081 4829 2174 4873 com·

171 4889 242 4952 eius
265 4885 418 4950 mandato
451 4896 570 4950 unctus
589 4886 696 4949 tuerat
724 4886 759 4948 iu
782 4906 902 4968 regem.
948 4886 1035 4967 Quia
1066 4910 1142 4952 vero
1166 4904 1170 4973 1
1195 4894 1310 4973 posits.
1355 4890 1449 4969 Quod
1480 4891 1642 4954 exclamat
1670 4890 1703 4952 in
1734 4892 1797 4953 fine
1821 4891 1944 4954 Psalmi
1974 4891 2077 4957 beatos
2106 4914 2175 4960 esse

171 4973 296 5038 sciebat
316 4992 453 5055 regnum
476 4991 572 5035 suurn
595 4971 726 5034 nonnisi
755 4991 824 5035 esse
852 4972 1042 5052 umbratile,
1075 4995 1141 5037 non
1167 4986 1170 5063 1
1195 4979 1306 5056 quiin
1329 4976 1395 5040 Deo
1416 4976 1580 5055 8811111111,
1607 4975 1736 5039 videtur
1759 4976 1871 5040 referri
1894 4976 1934 5039 ad
1957 4977 2064 5041 exsilii
2087 4992 2174 5045 tem·

173 5057 306 5121 dubium
337 5069 387 5120 est
413 5057 492 5139 quin
521 5056 583 5120 sibi
612 5057 752 5138 gratiam
780 5057 952 5121 conciliare
981 5059 1170 5131 studuerit!
1196 5083 1266 5144 pus.
1302 5062 1399 5125 Prius
1422 5061 1550 5125 dixerat
1572 5062 1683 5125 beatos
1705 5080 1775 5124 8888
1793 5062 1848 5144 qui
1868 5061 2175 5132 habitantinatriis

173 5143 297 5207 obiecto
327 5142 520 5219 mediatore,
553 5143 643 5205 cuius
673 5162 846 5224 personam
874 5143 1022 5226 gerebat:
1056 5165 1101 5210 ac¹
1115 5147 1142 5210 si
1197 5148 1276 5212 Dei:
1311 5169 1398 5211 nuuc
1431 5147 1580 5229 quamvis
1614 5147 1675 5211 hoc
1697 5145 1782 5210 bono
1804 5147 1844 5210 ad
1867 5159 1995 5229 tempus
2017 5153 2174 5231 caruerit,

173 5227 324 5306 dixisset,
356 5226 517 5307 Quamvis
539 5227 692 5309 indiguus
715 5230 776 5291 sim
798 5248 895 5310 quem
919 5241 955 5291 tu
978 5230 1148 5308 restituas,
1197 5254 1231 5297 se
1254 5246 1363 5297 tamen
1383 5244 1482 5317 negat
1500 5253 1632 5315 prorsus
1650 5232 1750 5297 fuisse
1763 5233 1933 5297 miserum:
1953 5234 2028 5316 quia
2046 5239 2173 5319 optimo
