4658 5856
224 339 286 404 507

228 528 368 596 mentia:
393 523 535 609 perfidos
557 532 721 605 apostatas
743 535 776 585 et
799 517 991 603 foedifragos
1013 519 1071 601 qui
1093 517 1194 582 desci-

228 627 342 683 verant
364 634 383 676 a
405 609 554 675 doctrina
583 607 714 691 pietatis
744 606 777 670 in
807 626 870 687 qua
899 605 1027 669 fuerant
1057 603 1195 682 educati,

226 721 341 767 rursus
363 696 403 762 ad
426 717 460 761 se
478 693 609 773 inritat,
633 702 668 757 ut
686 693 792 758 locum
811 691 980 757 obtineant
997 691 1032 754 in
1050 689 1197 756 ecclesia.

227 788 272 852 Et
291 796 379 849 certe
402 779 484 846 nibil
507 779 561 844 hic
583 779 701 844 dicitur
721 777 807 860 quod
826 798 887 842 nos
906 797 1026 860 magna
1043 797 1085 840 ex
1103 785 1197 858 parte

227 894 292 937 non
315 871 418 935 simus
440 865 578 949 experti,
599 885 678 947 quos
695 864 787 929 Deus
810 860 993 928 incredibili
1012 861 1196 926 misericor·

229 957 282 1022 dia
304 975 419 1020 rursus
442 952 476 1018 in
499 951 586 1016 ovile
603 971 700 1016 suum
717 949 858 1033 collegit,
879 968 981 1030 quum
999 946 1124 1030 perfida
1141 945 1197 1010 de·

227 1042 322 1109 lectio
347 1062 406 1105 nos
428 1039 467 1104 ab
490 1058 527 1101 eo
546 1035 728 1102 alienasset.
773 1034 962 1099 Notandum
984 1032 1092 1108 simul,
1110 1030 1197 1114 quod

227 1128 382 1193 admonet
403 1123 573 1208 propheta,
609 1122 673 1185 nisi
694 1129 860 1187 maturent
882 1118 923 1183 ad
944 1117 1056 1183 Deum
1079 1116 1196 1197 redire,

229 1213 286 1299 qui
303 1213 344 1277 ab
375 1232 412 1277 eo
442 1207 666 1290 desciverunt,
696 1228 764 1273 non
793 1225 924 1288 semper
951 1212 1098 1287 apertam
1128 1203 1197 1267 fore

229 1301 373 1365 ianuam.
418 1295 463 1358 Et
496 1315 573 1358 sane
607 1292 788 1358 cavendum
820 1311 948 1372 semper
981 1299 1029 1354 est
1063 1311 1105 1353 ne
1138 1309 1198 1370 per

229 1385 394 1469 ignaviam
414 1379 505 1444 nobis
523 1378 635 1444 elflnat
653 1388 782 1462 tempus
802 1376 1001 1459 beneplaciti,
1022 1384 1059 1440 ut
1076 1375 1198 1438 frustra

231 1469 363 1546 deinde,
394 1464 543 1548 exemplo
573 1465 678 1540 Esau,
708 1465 889 1539 ululemus,
919 1461 1037 1526 Genes.
1061 1461 1114 1536 27,
1144 1459 1197 1524 34.

230 1556 306 1621 Huc
329 1552 417 1619 enim
435 1551 578 1636 pertinet
595 1550 818 1625 comminatio,
842 1546 897 1612 ubi
926 1549 1071 1629 rapuerit
1093 1547 1197 1626 Deus,

231 1640 358 1709 nullum
381 1639 448 1702 fore
470 1638 685 1704 liberatorem.

317 1725 368 1789 23.
395 1721 604 1808 (Sacrificant
633 1720 781 1807 laudem.)
830 1718 902 1783 Iam
932 1719 1029 1784 tertio
1059 1717 1198 1782 inculcat

231 1812 399 1897 propheta,
421 1809 493 1874 Deo
516 1807 597 1872 nihil
620 1828 691 1873 esse
713 1806 877 1890 acceptius
901 1805 1058 1870 sacrificio
1080 1801 1198 1883 laudis,

1096 329 1312 398 PSALMUS
1338 330 1397 398 Ll.

1588 515 1795 588 essenus
1817 521 1876 587 tl.

1249 693 1331 749 Aac.
1350 690 1492 762 Inscriptio
1511 705 1592 757 qnam
1610 689 1851 755 moxridebimus,
1873 690 1994 743 ostendit
2012 690 2120 758 quade
2138 705 2222 747 cause

1353 760 1518 832 compositus
1535 758 1619 810 fuerit
1636 758 1680 810 hio
1698 759 1829 824 Psalmus,
1854 776 1916 811 nam
1940 776 2022 828 quum
2040 766 2103 826 post
2121 762 2220 815 admis-

1351 845 1410 883 sum
1428 827 1618 900 gravissimum
1636 827 1732 890 scelus,
1756 828 1802 879 diu
1820 829 1849 880 in
1867 827 1974 880 letifero
1993 836 2103 895 torpore
2122 831 2218 884 iacuis-

1352 907 1395 952 set
1403 897 1505 952 David:
1524 904 1668 963 postquam
1686 912 1747 948 eum
1765 913 1814 948 sua
1831 896 2019 965 obiurgatione
2037 900 2221 967 expergefecit

1352 967 1470 1033 Nathan,
1494 981 1548 1018 non
1572 964 1652 1017 modo
1676 965 1728 1017 sibi
1752 965 1824 1018 serio
1846 966 1991 1034 displicuit,
2015 976 2044 1017 et
2061 967 2219 1020 humiliatus

1353 1047 1396 1089 est
1419 1051 1510 1090 coram
1530 1033 1594 1097 neo,
1618 1032 1665 1085 sed
1688 1034 1777 1101 palam
1801 1034 1873 1102 apud
1896 1050 1989 1087 omnes
2013 1037 2111 1086 testari
2134 1038 2220 1090 voluit

1353 1121 1429 1157 suam
1453 1101 1656 1173 poenitentiam,
1681 1102 1793 1170 eiusque
1814 1112 2015 1156 monumentum
2038 1102 2072 1155 ad
2095 1112 2219 1171 posteros

1354 1174 1514 1242 relinquere.
1551 1172 1592 1222 Ac
1609 1170 1688 1224 initio
1705 1171 1828 1291 guidem,
1850 1171 1960 1225 sceleris
1983 1172 2024 1223 sui
2048 1176 2219 1227 atrocitatem

1353 1244 1404 1296 sibi
1422 1254 1584 1311 proponens,
1604 1248 1634 1290 ut
1647 1255 1707 1291 sea
1743 1257 1818 1308 spem
1838 1243 1930 1293 veniae
1949 1241 2043 1308 erigat,
2060 1241 2220 1295 immensum

1355 1312 1403 1364 Dei
1427 1306 1641 1363 misericordiam
1659 1309 1739 1361 varin
1763 1309 1858 1376 elogiis
1881 1309 2021 1378 magnifice
2044 1311 2165 1363 extollit:
2193 1321 2221 1363 et

1353 1380 1513 1449 suppliciter
1529 1375 1631 1429 latetur
1648 1393 1700 1429 nou
1719 1393 1772 1429 uno
1791 1378 1871 1430 modo
1889 1394 1918 1430 se
1937 1394 2011 1430 reum
2030 1394 2098 1440 esse,
2116 1380 2165 1432 scd
2180 1380 2218 1431 di·

1353 1465 1435 1517 gunm
1458 1445 1550 1500 multis
1572 1446 1716 1497 mortibus:
1743 1462 1796 1513 quo
1814 1446 1910 1498 melius
1928 1446 1977 1499 Dei
2002 1447 2217 1501 misericordiam

1352 1525 1489 1585 provocet.
1527 1512 1629 1566 Deinde
1653 1515 1717 1582 quia
1733 1522 1872 1567 aeternam
1891 1514 2088 1568 abdicationem
2107 1517 2220 1569 meritus

1352 1593 1419 1649 erat,
1438 1592 1469 1638 nt
1480 1582 1579 1637 merito
1597 1583 1753 1650 spoliandus
1770 1593 1842 1636 esset
1860 1585 1983 1637 omnibns
2002 1584 2114 1651 spiritus
2132 1586 2219 1637 sancti

1353 1655 1436 1722 donis,
1459 1651 1574 1706 sollimte
1592 1659 1718 1718 precatur
1741 1652 1770 1703 in
1788 1653 1923 1721 integrum
1947 1653 2064 1705 restitui.
2100 1653 2221 1706 Tandem

1352 1724 1376 1775 si
1401 1723 1506 1776 renium
1529 1721 1730 1787 impetraverit,
1757 1737 1785 1772 se
1807 1731 1915 1786 gratnm
1942 1730 1971 1774 et
1992 1738 2139 1775 memorem
2164 1724 2220 1776 fore

1354 1791 1478 1844 affirmat
1515 1787 1557 1841 Ad
1580 1787 1646 1841 haec
1664 1787 1784 1843 ostendit
1806 1791 1890 1842 totins
1915 1790 2043 1842 ecclesiae
2068 1791 2220 1844 referrent

1353 1878 1370 1912 a
1395 1860 1452 1912 Deo
1479 1856 1647 1912 exaudiatur.
1688 1858 1725 1909 ιιι
1748 1864 1821 1910 certe
1846 1859 1910 1928 quia
1934 1858 2006 1911 Dens
2032 1859 2105 1939 apud
2133 1861 2220 1928 ipsum

231 1920 293 1981 (luo
317 1908 460 1960 ¹¹⁰⁸tffim
483 1915 561 1977 erga
579 1915 654 1958 eum
673 1891 905 1977 &alludium
925 1901 1093 1955 mamm·
1130 1888 1199 1954 N⁰⁰
1388 1929 1458 1980 stiae
1476 1942 1540 1980 snae
1557 1925 1652 1978 foedus
1675 1925 1845 1994 deposuerat,
1869 1928 1956 1980 videri
1979 1936 2071 1996 potmt
2095 1945 2123 1981 ιιι
2143 1929 2221 1982 unius

231 2001 434 2066 supervacua
456 1994 505 2045 est
527 1981 695 2062 repetitio,
725 1979 764 2044 ob
788 1976 869 2042 duas
898 1997 1027 2053 causas,
1062 1970 1136 2039 nam
1166 1986 1199 2038 et
1353 1946 1469 2050 irremissis
1488 2010 1604 2064 persona
1620 1994 1740 2062 copam,
1756 2011 1815 2048 „⁸0
1833 1998 1953 2050 omnium
1970 1997 2051 2051 satus.

232 2067 463 2136 beneficiorum
488 2064 550 2129 Dei
573 2065 667 2129 facile
694 2062 787 2129 nobis
814 2060 939 2144 obrepit
968 2061 1103 2139 oblivio,
1133 2060 1199 2124 imo

233 2155 332 2221 etiam
365 2174 406 2216 ex
435 2150 524 2216 mille
552 2151 613 2215 vix
646 2170 748 2215 unum
780 2148 898 2214 leviter
931 2157 964 2212 et
996 2145 1199 2211 defunctorie

1339 2151 1368 2215 1.
1393 2146 1555 2229 Praefecto
1577 2149 1730 2212 suatim
1751 2112 1901 2215 Daetds‘s.
1945 2151 1975 2215 2.
2010 2151 2114 2232 ριιιιιι
2137 2155 2221 2218 vertit

232 2254 410 2324 gustamus.
447 2235 576 2301 Deinde
598 2236 727 2301 laudem
748 2235 810 2300 Dei
833 2232 967 2297 minime
985 2253 1048 2316 quo
1066 2230 1199 2296 decebat
1250 2238 1294 2305 aa
1316 2258 1387 2302 eam
1411 2232 1541 2300 Nathan
1563 2232 1720 2315 Propheta
1737 2240 1906 2318 postquam
1928 2236 2089 2320 ingressas
2115 2239 2220 2319 fuerat

232 2325 337 2409 pretio
369 2322 588 2389 aestimamus.
644 2321 728 2385 Nam
763 2339 863 2402 quum
903 2320 1116 2402 praecipuum
1158 2315 1200 2381 sit
1250 2324 1294 2391 aa
1316 2322 1483 2388 Battneba.

256 2410 363 2476 ietotis
386 2408 539 2484 officium,
562 2410 597 2470 in
618 2427 681 2490 quo
705 2428 765 2472 nos
787 2415 857 2469 tota
876 2404 944 2469 vita
962 2403 1106 2469 exerceri
1126 2400 1200 2468 vult

232 2434 335 2580 iteca
358 2494 449 2578 quasi
472 2494 608 2576 vulgare
631 2492 755 2575 aliquid
778 2512 816 2557 ac
837 2490 992 2555 frivolum
1011 2489 1199 2574 negligitur.
1339 2495 1369 2559 2.
1392 2492 1511 2578 (Quam
1533 2492 1615 2556 eem't
1632 2491 1673 2555 ad
1696 2510 1767 2554 eam
1790 2491 1944 2579 Nathan.)
1987 2493 2145 2559 Consulto
2169 2495 2220 2558 hic

233 2583 350 2666 Itaque
382 2580 590 2662 pronuntiat,
626 2579 657 2642 le
682 2579 808 2641 'timum
840 2576 903 2640 Dei
935 2575 1058 2640 cultum
1095 2573 1200 2639 landis
1253 2593 1454 2646 memoratur
1476 2576 1661 2659 Prophetae
1683 2575 1862 2658 adventus,
1892 2580 1932 2643 ad
1960 2593 2128 2661 stuporem
2152 2581 2217 2645 Da·

233 2667 390 2735 sacrificio
413 2665 583 2730 contineri.
630 2664 659 2728 G
710 2661 838 2744 ificcndi
859 2661 945 2725 enirn
965 2661 1068 2725 verbo
1097 2659 1200 2744 sigui·
1253 2666 1340 2730 vidis
1357 2661 1616 2746 coarguendum:
1645 2661 1707 2726 luit
1729 2663 1815 2727 enim
1845 2664 1906 2729 hoc
1936 2664 2085 2748 prodigio
2107 2667 2220 2746 simile,

233 2756 310 2819 litat
332 2753 440 2826 Deus,
470 2749 533 2815 rite
561 2749 692 2814 demum
713 2770 751 2815 ac
773 2767 850 2812 vere
871 2747 933 2812 hoc
955 2767 990 2811 se
1012 2744 1108 2810 modo
1129 2744 1199 2823 coli,
1253 2752 1337 2834 quod
1361 2753 1466 2834 potnit
1485 2759 1595 2813 tantus
1617 2748 1679 2826 vir,
1700 2758 1857 2831 tantaque
1878 2750 2013 2835 spiritus
2028 2751 2221 2816 excellentia

235 2847 270 2904 st
291 2837 391 2904 tribui
412 2857 510 2919 quam
533 2835 675 2919 postulat
696 2833 849 2917 gloriam,
880 2832 937 2897 ubi
963 2853 1022 2897 sua
1044 2831 1201 2897 beneficia
1254 2836 1437 2920 praeditus,
1460 2835 1547 2898 ultra
1568 2854 1692 2898 annum
1715 2845 1843 2916 torpere
1860 2834 1895 2899 in
1917 2856 1978 2902 suo
2002 2836 2100 2913 vitio,
2131 2838 2217 2903 acsi

234 2926 360 2991 sincero
383 2930 541 3006 gratoque
563 2923 672 2986 animo
693 2921 901 2986 celebrantur
922 2919 1009 2982 iuter
1037 2915 1200 2982 homines:
1254 2932 1363 2987 mente
1381 2922 1542 2986 alienatus
1559 2927 1654 2984 esset.
1690 2917 1775 2999 Quis
1793 2920 1879 2984 enim
1898 2942 1964 2986 non
1983 2921 2105 2986 diceret
2122 2923 2219 2988 tonse

235 3009 300 3076 alia
320 3028 400 3073 vero
422 3007 591 3086 sacrificiu,
613 3006 732 3090 quibus
753 3002 866 3070 sedulo
883 3002 1078 3068 incumbunt
1096 3002 1201 3086 hypo·
1254 3028 1274 3073 a
1297 3005 1422 3074 Satana
1442 3002 1658 3083 fascinatum,
1688 3004 1774 3087 quod
1795 3007 1902 3087 sopite
1923 3007 2136 3087 conscientia,
2159 3008 2219 3073 Dei

234 3097 346 3173 oritac,
369 3092 453 3158 nihil
476 3116 511 3158 se
533 3091 664 3170 morari,
687 3110 747 3156 nec
768 3091 804 3154 in
826 3090 919 3155 cultu
941 3100 1105 3174 reputare.
1144 3087 1201 3151 In·
1254 3090 1411 3158 iudicium
1432 3090 1674 3173 contempserit,
1698 3090 1749 3155 vel
1772 3091 1888 3157 saltem
1910 3092 2117 3178 neglexerit?
2142 3094 2221 3158 haec

236 3192 325 3246 terea
344 3178 521 3245 tenendum
544 3198 670 3262 quoque
693 3174 848 3261 estquod
870 3195 969 3257 supra
997 3174 1121 3258 attigi,
1142 3172 1202 3239 sub
1254 3199 1333 3263 ergo
1350 3177 1524 3244 vecordiae
1546 3186 1624 3240 nota
1644 3177 1769 3243 crimen
1798 3178 1993 3261 amplificat,
2022 3180 2108 3262 quod
2132 3180 2222 3244 nulla

234 3266 331 3331 laude
353 3264 585 3347 comprehendi
609 3276 676 3328 tam
699 3261 797 3328 fidem
823 3281 922 3343 quam
945 3261 1201 3327 invocationem:
1255 3264 1434 3348 punctione
1455 3276 1572 3346 sponte
1594 3273 1700 3328 tactus
1722 3272 1787 3342 est,
1817 3263 1920 3329 donec
1941 3265 1983 3331 nd
2005 3286 2079 3330 enm
2103 3267 2221 3330 missus

234 3353 305 3417 ecla
328 3351 414 3416 enim
437 3349 640 3433 experientia
661 3349 753 3414 nobis
769 3368 806 3413 os
823 3347 928 3430 aperit
945 3346 986 3413 ad
1003 3346 1114 3412 Deum
1131 3344 1202 3410 lau·
1255 3360 1342 3417 esset
1362 3350 1533 3434 propheta.
1577 3346 1644 3413 Sed
1666 3347 1780 3413 eadem
1802 3351 1888 3415 ratio
1915 3350 1959 3415 ad
1987 3350 2221 3417 illustrandum

237 3436 393 3502 dandum.
438 3436 539 3517 Atqui
560 3435 626 3500 Dei
648 3433 828 3500 bonitatem
855 3454 921 3498 non
949 3432 1110 3498 sentimus
1140 3429 1203 3496 nisi
1254 3436 1320 3501 Dei
1341 3437 1482 3521 gratiam
1505 3454 1569 3498 non
1591 3454 1708 3517 parum
1730 3435 1828 3511 valet,
1851 3435 1937 3519 quod
1959 3457 2080 3520 vagum
2109 3446 2144 3502 et
2171 3457 2219 3500 er·

236 3522 312 3588 fide.
355 3519 453 3587 Unde
475 3520 635 3602 sequitur,
664 3519 893 3603 apostoriori,
920 3518 974 3583 vel
1004 3516 1046 3582 ab
1075 3516 1204 3600 effectu,
1255 3531 1384 3587 rentem
1413 3542 1472 3606 per
1500 3540 1633 3584 manum
1663 3520 1714 3584 sui
1744 3522 1921 3604 prophetae
1943 3521 1985 3586 ad
2007 3543 2042 3588 se
2064 3521 2219 3588 reducere

237 3617 343 3673 totum
371 3605 574 3690 spiritualem
602 3604 729 3671 cultum
759 3604 812 3671 hic
841 3603 967 3668 notari:
1003 3602 1076 3667 idco
1107 3600 1204 3685 paulo
1255 3617 1405 3675 conatur:
1430 3625 1493 3689 qno
1513 3606 1655 3688 pertinet
1667 3606 1816 3689 repetitio
1827 3608 1973 3674 eiusdem
1986 3608 2076 3675 verbi
2087 3608 2220 3682 Venire,

237 3704 311 3777 post
338 3691 535 3776 generaliter
567 3689 705 3774 requirit
736 3688 896 3773 propheta
929 3700 966 3754 ut
995 3687 1082 3754 viam
1116 3698 1205 3753 recte
1255 3696 1291 3758 in
1313 3713 1378 3777 qno
1396 3694 1508 3759 subest
1528 3692 1708 3757 antithesis.
1746 3692 1922 3777 Postquam
1946 3696 2089 3758 venisset
2112 3691 2220 3760 David

236 3779 412 3844 instituant
447 3777 502 3860 qui
529 3775 666 3859 cupiunt
694 3796 753 3843 sua
781 3775 935 3859 obsequia
963 3772 1101 3858 probare
1122 3772 1203 3839 Deo.
1256 3779 1296 3844 ad
1329 3778 1513 3856 Bathseba,
1555 3777 1674 3844 dicitur
1706 3777 1748 3843 ad
1781 3798 1871 3844 enm.
1889 3780 2019 3845 vennae
2052 3779 2221 3863 Propheta

236 3864 323 3929 Nam
352 3861 440 3947 quod
468 3861 555 3929 aum
578 3881 711 3944 peaes,
745 3861 877 3944 quidam
906 3859 987 3925 nihil
1015 3856 1104 3926 alind
1134 3880 1205 3925 esse
1256 3864 1399 3930 Nathan.
1444 3863 1545 3946 Atqui
1567 3864 1696 3947 impuro
1716 3862 1774 3928 illo
1802 3885 1950 3943 accessu,
1981 3865 2078 3949 lenge
2106 3866 2218 3930 aDeo

237 3960 355 4033 putant
376 3970 475 4033 quam
497 3958 630 4032 peccata
651 3947 816 4015 confiteri:
840 3946 896 4012 alii
918 3957 1027 4013 antem
1043 3946 1205 4029 interpre·
1255 3960 1435 4016 recesserat
1444 3969 1461 4013 ι
1486 3949 1604 4014 clarius
1634 3969 1711 4032 ergo
1738 3950 1774 4015 in
1797 3973 1834 4017 eo
1855 3951 1973 4016 enituit
1993 3951 2058 4017 Dei
2084 3952 2221 4027 bonitas,

237 4045 360 4111 tantur,
383 4032 496 4099 tollere
517 4033 746 4100 offendiculae
763 4032 880 4112 medio,
903 4043 937 4099 et
955 4034 1040 4098 viam
1059 4040 1205 4098 sternere
1255 4035 1333 4101 dnm
1355 4035 1396 4101 ad
1419 4035 1594 4120 fugitivum
1617 4036 1861 4117 retrahendum,
1880 4057 2013 4102 manum
2036 4058 2130 4103 suam
2151 4055 2223 4120 pro·

238 4140 337 4203 quam
358 4139 471 4186 omnes
493 4131 687 4203 sequantur,
711 4132 886 4203 utrumqne
907 4119 1039 4185 videtm
1059 4137 1131 4184 esse
1151 4138 1204 4182 cc·
1255 4122 1308 4188 cul
1330 4121 1487 4187 extendit.
1531 4119 1646 4203 Neque
1666 4131 1777 4187 tamen
1798 4123 1978 4207 putandum
1997 4134 2062 4202 est,
2093 4124 2141 4189 sic
2168 4141 2219 4187 ca·

239 4213 359 4270 actum.
402 4205 475 4289 Ego
497 4217 604 4271 autem
628 4226 693 4270 non
722 4206 835 4272 dubito
862 4205 940 4287 quin
969 4213 1091 4271 rectam
1118 4201 1205 4267 viem
1256 4209 1359 4274 ruisse
1379 4208 1468 4272 omni
1486 4227 1596 4287 sensu,
1618 4207 1699 4289 quin
1716 4207 1823 4273 Deum
1842 4211 1875 4273 in
1895 4229 2014 4294 genere
2032 4217 2223 4293 agnosceret

238 4292 399 4375 propheta
431 4291 585 4356 flexuosis
618 4311 731 4356 eornm
761 4291 925 4356 erroribus
954 4301 1116 4373 opponat,
1149 4287 1205 4371 qui
1256 4293 1370 4358 mu'ndi
1392 4293 1550 4357 iudicem:
1585 4290 1728 4374 quotidie
1750 4305 1953 4376 precaretur:
1986 4316 2047 4361 nec
2069 4294 2166 4360 modo
2188 4312 2221 4358 se

239 4377 348 4442 Deum
374 4396 409 4440 se
438 4396 593 4458 quaerere
619 4375 791 4443 simulant:
825 4387 923 4459 atquc
951 4376 998 4439 ita
1032 4375 1205 4458 significet,
1258 4388 1426 4445 exerceret
1446 4379 1481 4442 in
1504 4378 1573 4443 eius
1595 4377 1694 4454 uultu,
1717 4382 1774 4444 scd
1796 4378 1898 4445 vit'am
1918 4401 2045 4464 qnoque
2063 4392 2098 4446 et
2116 4380 2222 4445 officia

240 4483 307 4526 non
336 4461 401 4526 nisi
429 4463 555 4526 sincero
586 4461 682 4526 corde
711 4473 744 4527 et
772 4462 911 4544 simplici
941 4460 1138 4527 rectitudine
1165 4458 1207 4525 ad
1258 4464 1385 4530 snaed
1414 4462 1496 4546 legis
1526 4484 1674 4528 normam
1700 4466 1831 4549 exigere
1861 4466 2016 4532 studeret.
2068 4465 2221 4532 Sciamus

240 4547 349 4613 Deum
371 4545 489 4612 accedi.
526 4545 666 4612 Salutem
687 4546 751 4613 Dei
773 4568 838 4612 non
861 4547 983 4630 accipio
1005 4568 1065 4630 pro
1086 4545 1207 4629 insigni
1259 4571 1352 4635 ergo,
1376 4570 1442 4614 non
1464 4551 1552 4614 omni
1575 4549 1638 4614 Dei
1660 4551 1775 4616 timore
1797 4550 1898 4618 luisse
1921 4553 2051 4636 penitus
2069 4570 2221 4627 vacuum,

240 4645 273 4698 et
295 4631 515 4697 memorabili:
550 4629 600 4716 (ut
622 4631 772 4696 nonnulli
794 4631 925 4718 volunt)
954 4631 1011 4698 sed
1034 4633 1143 4699 Deum
1173 4630 1208 4696 in
1259 4637 1316 4702 sed
1338 4645 1547 4702 excaecatum
1570 4637 1604 4700 in
1627 4655 1692 4700 una
1712 4638 1832 4721 specis,
1856 4649 1894 4702 ut
1915 4657 2047 4703 sensnm
2068 4640 2138 4703 irae
2160 4635 2222 4700 Dei

241 4719 339 4783 tertia
360 4738 497 4801 persona
518 4716 559 4783 de
581 4738 616 4783 se
638 4717 808 4801 loquutum
837 4719 993 4796 arbitror,
1023 4729 1059 4784 ut
1088 4716 1209 4784 clarius
1259 4722 1422 4804 perversis
1451 4720 1617 4787 blanditiis
1642 4723 1771 4806 sopiret.
1822 4724 1876 4788 Ita
1907 4726 2009 4809 pietas
2039 4724 2109 4790 eius
2139 4741 2222 4806 qnae

241 4804 456 4887 exprimeret,
486 4825 521 4870 se
543 4801 784 4886 patefacturum
810 4804 895 4871 veris
922 4806 992 4872 suis
1021 4801 1208 4881 cultoribus,
1259 4806 1378 4890 alioqui
1406 4806 1526 4871 multas
1559 4808 1720 4875 scintillas
1749 4808 1932 4887 emittebat,
1967 4810 2029 4876 hac
2061 4812 2095 4875 in
2128 4822 2223 4893 parte

241 4909 337 4972 quam
361 4911 428 4955 non
447 4890 571 4955 frustra
593 4889 720 4956 censeri
743 4889 824 4956 velit
844 4911 956 4957 eorum
979 4902 1136 4958 serrator.
1259 4893 1416 4958 suffocata
1444 4893 1514 4958 luit.
1561 4894 1680 4970 Porro,
1714 4915 1815 4976 quum
1845 4908 1958 4961 sancto
1985 4896 2163 4980 prophetae
2191 4904 2224 4958 et

1259 4980 1539 5063 praestantissimo
1561 4981 1630 5065 regi
1652 4980 1833 5064 obrepserit
1853 4993 1920 5046 tam
1943 4982 2042 5048 bruta
2066 4979 2223 5057 secordia,

1260 5085 1356 5129 nemo
1378 5078 1428 5130 est
1455 5066 1511 5148 qui
1535 5087 1600 5132 non
1622 5066 1664 5133 ad
1690 5068 1760 5134 eius
1791 5070 1979 5153 exemplum
2007 5085 2226 5153 expavescere

1260 5149 1384 5216 debeat.
1429 5150 1526 5232 Quod
1548 5162 1659 5219 antem
1690 5152 1732 5218 ad
1760 5153 1940 5238 prophetae
1969 5175 2082 5222 vocem
2111 5153 2224 5220 statim

1259 5236 1427 5319 perculsus
1448 5246 1508 5320 ast,
1529 5259 1566 5306 ac
1587 5241 1733 5327 deposita
1753 5242 1843 5307 omni
1864 5242 2067 5310 contumacia
2087 5239 2225 5307 docilem
