4658 5856
142 394 204 461 297
365 465 375 473 ,
957 399 1174 468 PSALMUS
1198 400 1313 466 XXX.
2071 404 2134 470 298

145 594 247 664 verat,
277 597 315 651 ut
344 585 493 672 frigidior
523 598 608 655 osset
636 587 677 656 ad
706 590 915 671 precandum,
948 611 1013 655 non
1036 610 1116 672 pen·
1253 592 1304 657 10.
1337 589 1440 676 (Quae
1478 588 1625 673 amcos.)
1679 590 1840 670 Nonnulli
1872 594 1918 656 ita
1950 604 2135 674 exponunt:

145 672 237 737 deret
257 693 278 737 a
299 671 363 738 Dei
385 675 507 753 favore,
534 675 673 759 denique
695 677 804 742 fluxae
826 689 860 744 et
880 677 1022 744 caducae
1044 675 1115 741 feli·
1167 675 1255 756 Quid
1272 677 1434 760 profuerit
1451 697 1504 741 me
1521 675 1656 756 vixisse,
1673 677 1738 742 nisi
1756 698 1897 760 eousque
1914 679 2013 743 vitam
2029 700 2136 744 meam

143 758 232 823 citati
255 760 396 824 nimium
418 761 606 827 confideret.
1166 783 1331 846 prorogas,
1353 763 1456 828 donec
1478 781 1610 828 cursum
1632 764 1810 829 vocationis
1832 776 1923 829 meae
1945 762 2136 832 absolvero?

229 843 259 909 8.
282 844 412 930 (lcbooc
441 845 477 910 iu
506 848 694 929 beneplacito
722 851 796 938 irco.)
839 852 912 916 Hoc
940 870 1037 916 vorsu
1059 869 1115 912 no·
1166 847 1291 913 Verum
1314 848 1414 913 nimis
1446 847 1597 912 restricta
1618 847 1748 914 videtur
1769 870 1842 915 esse
1863 851 2024 914 sententia
2046 850 2137 930 haee,

145 938 232 994 tatur
255 928 430 997 discrimen
461 933 549 998 inter
577 934 730 1001 fiduciam
759 959 843 1021 quae
872 939 907 1002 in
929 936 1030 1002 verbo
1051 933 1116 999 Dei
1165 954 1226 998 nec
1247 944 1335 999 certe
1356 935 1490 1017 sanquis
1512 932 1565 997 hio
1586 951 1646 1014 pro
1669 935 1744 1012 vita,
1768 936 1824 999 sed
1842 955 1903 1017 pro
1920 948 2025 1000 morte
2043 939 2137 1018 poni·

144 1015 283 1081 fundata
305 1026 363 1096 est,
399 1028 432 1081 et
463 1021 573 1085 carnis
605 1022 813 1090 securitatem
846 1043 929 1107 quae
962 1044 1004 1087 ex
1027 1042 1115 1085 arro·
1166 1031 1237 1083 tur:
1261 1039 1298 1086 ao
1320 1020 1348 1083 si
1366 1019 1500 1098 diceret,
1522 1038 1619 1100 quem
1641 1038 1681 1083 ex
1705 1030 1810 1084 morte
1827 1040 1901 1085 mea
1916 1022 2058 1087 fructum
2078 1023 2136 1088 eli-

143 1102 255 1183 gantia
279 1104 428 1186 emergit.
471 1104 587 1189 Neque
604 1108 694 1171 enim
712 1107 834 1194 fideles,
857 1110 936 1173 dum
954 1110 988 1173 in
1008 1108 1114 1172 Deum
1166 1104 1253 1170 cies?
1308 1104 1404 1185 Quod
1440 1126 1482 1169 ex
1514 1105 1617 1169 altero
1649 1106 1796 1170 membro
1828 1108 1950 1172 certius
1982 1106 2136 1192 colligere

143 1186 348 1263 recumbunt,
367 1211 483 1273 segnes
501 1192 628 1257 interea
645 1202 724 1258 sunt
741 1197 783 1261 ad
800 1193 1018 1279 precandum:
1035 1193 1115 1275 quin
1165 1190 1250 1266 licet,
1272 1189 1329 1254 ubi
1346 1191 1487 1256 cadaver
1504 1210 1601 1254 suum
1619 1188 1659 1252 ad
1678 1192 1921 1258 annuntiandas
1940 1191 2004 1258 Dei
2022 1193 2135 1260 laudes

142 1274 254 1357 potina
282 1274 395 1340 sedulo
423 1287 615 1359 reputantes
648 1291 770 1362 quanta
791 1281 1017 1349 discriminum
1039 1299 1114 1345 con-
1164 1276 1282 1341 inutile
1315 1276 1386 1341 fore
1416 1275 1634 1359 conqueritur.
1697 1277 1827 1343 Diserte
1860 1288 1970 1343 tamen
2005 1277 2136 1346 videtur

144 1361 232 1441 gerie
259 1360 444 1444 cingantur,
480 1375 512 1426 et
549 1373 704 1448 quotquot
738 1367 902 1434 humanae
929 1365 1114 1450 fragilitatis
1165 1363 1251 1427 facta
1273 1383 1345 1428 esse
1365 1363 1504 1427 cucutia
1527 1363 1666 1425 mentio:
1690 1364 1767 1445 quia
1789 1377 2046 1430 consentaneum
2068 1388 2135 1432 non

143 1445 294 1529 exempla
316 1458 464 1524 cernunt,
498 1448 550 1514 his
572 1451 732 1517 admoniti
754 1454 795 1519 ad
813 1454 921 1519 Deum
940 1453 1114 1535 suspirant.
1165 1461 1235 1512 erat
1256 1447 1420 1512 Davidem
1443 1449 1622 1513 immatura
1643 1456 1749 1513 morte
1770 1472 1788 1515 e
1811 1449 1917 1515 medio
1940 1450 2056 1532 abripi,
2079 1473 2136 1517 an·

141 1531 213 1595 Hac
233 1531 335 1614 igitur
358 1533 392 1596 in
422 1541 515 1614 parte
545 1535 680 1618 deliquit
708 1541 878 1622 propheta,
911 1538 996 1621 quod
1019 1557 1113 1602 anco·
1165 1543 1293 1616 tequam
1323 1543 1504 1616 praestaret
1537 1530 1630 1597 Deus
1667 1534 1752 1615 quod
1789 1536 1829 1601 de
1858 1537 1967 1601 futuro
1998 1536 2135 1603 haerede

143 1638 212 1681 ram
234 1639 328 1683 suam
361 1618 468 1701 figens
502 1622 537 1685 in
571 1626 734 1705 praesenti
767 1625 935 1709 opulentia
964 1632 997 1688 et
1026 1643 1114 1705 pace,
1166 1621 1369 1700 promiserat.
1431 1619 1515 1684 Nam
1549 1639 1648 1700 quum
1683 1629 1797 1685 mutua
1829 1623 1872 1687 sit
1903 1621 2016 1685 relatio
2049 1624 2136 1688 inter

143 1716 199 1767 aut
220 1703 297 1768 vela
319 1702 510 1785 expandens
532 1707 572 1772 ad
595 1710 753 1778 secundos
776 1721 899 1784 ventos,
930 1709 1114 1793 agratuito
1164 1704 1228 1769 Dei
1257 1706 1487 1787 promissiones
1516 1716 1548 1769 et
1577 1702 1673 1768 fidem
1703 1715 1857 1787 nostram,
1893 1707 2013 1772 veritas
2041 1710 2134 1790 quasi

142 1787 205 1852 Dei
226 1788 339 1854 favore
362 1811 426 1853 non
449 1794 612 1876 pependit,
643 1804 679 1860 ut
702 1798 840 1881 singulis
861 1794 1035 1860 momentis
1057 1815 1113 1877 pa·
1164 1791 1353 1868 mediaest,
1386 1812 1451 1873 qua
1483 1790 1574 1856 Deus
1600 1789 1709 1873 palam
1738 1793 1881 1858 ostendit
1909 1815 1943 1857 so
1969 1814 2034 1858 non
2062 1794 2135 1859 ideo

142 1884 230 1941 ratus
263 1883 349 1940 esset
382 1875 539 1958 quidquid
572 1882 766 1962 contulerat,
809 1885 843 1948 in
876 1881 947 1947 eius
979 1901 1113 1946 manum
1164 1874 1343 1942 liberaliter
1364 1877 1473 1942 verbis
1494 1875 1664 1941 nobiscum
1686 1896 1791 1960 agere,
1822 1889 1859 1943 ut
1881 1899 1941 1944 nos
1963 1880 2054 1943 inani
2076 1901 2134 1963 spe

142 1961 317 2043 resignare.
361 1961 514 2027 Notanda
534 1976 585 2031 est
607 1967 693 2031 enim
717 1968 890 2034 antithesis
911 1968 999 2031 inter
1016 1966 1113 2032 stabi-
1164 1962 1263 2027 lactet
1291 1983 1328 2027 ac
1358 1961 1489 2026 demum
1518 1962 1703 2027 frustretur.
1749 1965 1853 2030 Porro
1883 1975 1922 2029 ut
1950 1964 2132 2048 longiorem

141 2045 276 2127 litatem,
306 2047 397 2112 cuius
426 2045 547 2116 fiducia
575 2072 616 2116 ex
646 2072 726 2135 pace
755 2055 945 2136 concipitur,
976 2062 1009 2117 et
1030 2072 1114 2133 quae
1165 2048 1266 2112 vitam
1290 2048 1443 2124 obtineat,
1477 2058 1706 2130 argumentum
1735 2048 1826 2117 dnoit
1847 2071 1867 2115 a
1888 2050 1952 2114 Dei
1975 2049 2133 2124 laudibus,

142 2132 267 2197 locatur
300 2133 334 2196 in
366 2134 508 2215 gratuito
541 2137 605 2202 Dei
637 2138 760 2205 favore.
810 2138 908 2221 Quod
940 2138 1115 2204 stabilitam
1164 2132 1308 2215 adquae
1337 2132 1548 2198 celebrandas
1577 2134 1647 2197 nati
1675 2155 1790 2200 sumus
1818 2147 1852 2200 et
1872 2136 2013 2201 conditi:
2047 2138 2134 2202 acsi

142 2218 236 2282 monii
257 2238 316 2282 arro
344 2217 441 2283 robur
462 2220 562 2287 fuisse
584 2222 671 2302 dicit,
704 2225 835 2307 qnidam
857 2227 1052 2305 interpretes
1075 2222 1114 2287 de
1164 2218 1302 2283 diceret:
1336 2218 1503 2300 Quorsum
1533 2239 1585 2282 me
1607 2221 1726 2284 creasti
1748 2242 1767 2286 o
1792 2223 1894 2301 Deus,
1923 2223 1984 2287 nisi
2007 2235 2044 2287 ut
2068 2234 2134 2286 toto

141 2312 250 2367 monte
274 2303 356 2368 Sion
380 2317 557 2386 exponunt.
585 2309 669 2374 ..atii
690 2311 855 2393 accipiunt
872 2331 931 2392 pro
949 2330 1024 2375 arce
1041 2330 1113 2373 mu·
1166 2305 1251 2368 vitae
1290 2325 1381 2368 meae
1414 2303 1576 2369 curriculo
1616 2304 1710 2368 testis
1744 2326 1781 2372 ac
1815 2326 1931 2390 praeco
1964 2308 2025 2372 sim
2059 2319 2134 2373 tuae

141 2389 218 2469 nita,
249 2390 326 2470 quia
346 2389 425 2454 olim
448 2390 595 2458 solebant
615 2396 649 2459 in
672 2398 839 2462 montibus
861 2408 895 2460 et
916 2395 995 2459 locis
1017 2394 1114 2458 editis
1164 2391 1287 2473 gratiae
1315 2391 1355 2453 ad
1393 2387 1624 2454 illustrandum
1653 2410 1771 2455 nomen
1802 2392 1918 2457 tuum?
1954 2393 2045 2475 atqui
2073 2393 2133 2460 hoc

141 2474 384 2558 propugnacula
407 2479 543 2543 exstrui.
599 2480 672 2565 Ego
694 2481 790 2546 sicuti
812 2479 1033 2562 metaphorice
1054 2501 1113 2562 pro
1164 2474 1307 2540 studium
1330 2496 1417 2539 mors
1449 2495 1524 2539 mea
1555 2476 1734 2557 abrumpet,
1770 2480 1846 2560 quia
1879 2479 2060 2544 exstinctus
2092 2480 2132 2544 ad

141 2559 242 2624 solida
263 2560 389 2625 fultura
407 2583 526 2627 nomen
544 2566 608 2629 hoc
625 2567 758 2648 accipio,
780 2569 828 2633 ita
844 2567 984 2631 libenter
1001 2586 1112 2630 assen-
1164 2572 1332 2626 aeternum
1355 2561 1523 2625 silentium
1545 2560 1685 2643 redigar.
1730 2562 1888 2628 Exoritur
1906 2575 2016 2628 tamen
2035 2585 2131 2646 quae·

141 2647 211 2723 tior,
232 2646 428 2731 prophetam
451 2648 493 2713 ad
514 2660 659 2716 montem
692 2650 772 2720 Sion
793 2652 949 2718 alludere.
994 2650 1112 2716 Stulti·
1164 2649 1243 2711 stio:
1273 2667 1382 2711 ennon
1412 2666 1500 2711 mors
1528 2645 1628 2710 etiam
1650 2645 1804 2729 fidelium,
1836 2650 1971 2733 perinde
1993 2669 2031 2712 ac
2053 2651 2132 2730 vita,

142 2733 220 2796 tiam
242 2752 321 2816 ergo
349 2753 443 2797 suam
467 2744 599 2800 accusat
626 2736 747 2815 David,
776 2739 860 2822 qnod
891 2757 957 2801 non
980 2746 1112 2820 reputa·
1164 2732 1273 2798 Deum
1307 2732 1474 2816 glorificet.
1520 2730 1587 2796 Sed
1620 2732 1730 2797 David
1763 2755 1831 2799 non
1865 2734 2055 2817 simpliciter
2085 2736 2131 2799 lo·

140 2816 281 2882 veritat
310 2817 453 2897 decebat,
485 2820 567 2886 nihil
595 2822 632 2887 in
653 2823 731 2889 nido
754 2846 851 2908 quem
884 2824 945 2888 sibi
968 2822 1113 2906 fingebat
1164 2830 1285 2902 quutus
1315 2829 1365 2883 cst
1393 2816 1432 2881 de
1455 2828 1567 2893 morte,
1600 2818 1678 2899 quia
1706 2820 1984 2887 circumstantiam
2007 2819 2132 2885 addidit

141 2922 209 2967 esse
243 2903 420 2982 firmitatis,
449 2905 506 2970 sed
536 2908 570 2972 in
593 2908 660 2974 solo
689 2909 751 2975 Dei
775 2908 987 2992 beneplacito.
1032 2907 1111 2993 (Ac-
1164 2924 1261 2986 quam
1291 2904 1428 2969 tractavi
1458 2904 1591 2968 Psalmo
1618 2904 1648 2968 6.
1693 2903 1778 2969 Nam
1810 2909 1887 2990 quia
1915 2926 2130 2972 successorem

137 2988 284 3055 macuti
302 2990 417 3072 facien
438 2991 549 3078 tuom.)
581 2993 678 3060 Nunc
699 2995 830 3069 fatetur,
853 3004 1022 3077 postquam
1046 2993 1111 3076 pri·
1163 2988 1315 3054 illiDeus
1336 2989 1540 3072 promiserat,
1562 2990 1625 3054 hac
1643 3010 1700 3072 spe
1722 2994 1867 3072 praecisa
1881 3013 1945 3056 non
1968 2992 2131 3056 immerito

138 3083 235 3140 vatus
264 3085 315 3139 est
342 3072 408 3139 Dei
436 3075 539 3156 donis,
574 3078 636 3144 boc
670 3083 762 3163 quasi
795 3080 935 3146 elleboro
967 3089 1111 3145 mentem
1163 3075 1281 3140 terruit
1298 3094 1373 3138 eum
1392 3077 1569 3150 frustratio,
1593 3083 1629 3138 ut
1647 3087 1777 3140 coactus
1799 3076 2014 3142 exclamaret:
2038 3076 2130 3157 Quae

138 3180 231 3224 suam
250 3179 269 3223 a
288 3180 412 3243 pravae
429 3162 645 3229 confidentiae
664 3174 797 3231 veterno
812 3167 912 3230 fuisse
927 3174 1110 3248 purgatam.
1163 3161 1288 3224 utilitas
1309 3160 1345 3223 in
1368 3160 1527 3243 sanguine
1548 3158 1644 3223 meo?
1668 3159 1802 3226 Gloriae
1831 3164 1920 3228 enim
1944 3163 2007 3227 Dei
2029 3163 2130 3227 inter·

139 3245 225 3309 Mira
247 3256 339 3311 certe
360 3256 393 3310 et
415 3247 618 3313 incredidilis
639 3252 732 3327 ratio,
755 3251 840 3333 quod
862 3250 956 3315 Deire
979 3251 1112 3316 abscon·
1162 3257 1241 3320 erut.
1292 3247 1501 3327 superstitem
1542 3265 1615 3307 enm
1654 3265 1796 3322 manere,
1838 3249 1941 3313 d0¹100
1975 3248 2043 3311 voti
2078 3251 2127 3312 ⁸115

138 3330 206 3395 dita
227 3331 310 3396 facie
332 3353 402 3415 sua,
424 3343 580 3415 tanquam
603 3334 751 3401 obductis
772 3336 926 3409 tenebris,
949 3336 1036 3401 servi
1060 3336 1110 3400 sui
1162 3351 1292 3413 compos
1321 3331 1397 3396 fidei
1427 3331 1603 3413 praestitae
1629 3351 1667 3394 ac
1695 3332 1874 3415 completae
1905 3333 2127 3398 testimonium

138 3417 246 3482 oculos
268 3417 480 3499 illuminavit,
502 3421 558 3503 qui
581 3419 616 3484 in
639 3420 728 3486 clara
750 3422 822 3488 luce
842 3420 928 3485 nihil
947 3420 1109 3485 videbant.
1161 3415 1234 3481 Deo
1256 3415 1416 3482 redderet.
1460 3417 1502 3481 In
1530 3418 1596 3481 fine
1624 3438 1737 3483 versus
1766 3439 1927 3500 quaerens
1956 3439 1998 3483 an
2020 3419 2130 3502 pulvis

137 3500 202 3567 Sed
225 3504 273 3567 ita
300 3522 432 3569 necessa
455 3515 512 3569 eet
540 3525 601 3571 nos
630 3506 792 3572 violenter
820 3507 949 3572 concuti
977 3507 1017 3571 ad
1042 3507 1109 3572 abi·
1160 3500 1371 3567 confitebitur
1399 3502 1480 3580 Deo,
1511 3523 1576 3568 non
1605 3523 1737 3585 prorsus
1767 3505 1864 3587 eripit
1891 3506 2030 3570 mortuis
2060 3506 2129 3571 eius

137 3588 259 3672 gendas
281 3587 469 3669 blanditias,
492 3599 630 3673 quaeat
652 3591 749 3657 fidem
772 3595 941 3671 suffocant,
964 3604 998 3656 et
1019 3594 1110 3658 invo-
1159 3588 1315 3653 laudandi
1337 3589 1532 3668 facult-atem,
1555 3597 1590 3652 ut
1611 3588 1743 3654 Psalmo
1764 3590 1785 3654 6
1807 3592 1953 3674 exposui.
1997 3591 2082 3655 Nam
2100 3592 2128 3656 si

137 3675 297 3740 ostionem
321 3674 383 3739 Dei
405 3687 584 3756 morantur,
606 3686 641 3743 et
662 3677 747 3744 dulci
770 3680 913 3743 amentia
934 3699 995 3743 nos
1017 3699 1109 3762 pror·
1159 3674 1272 3739 fideles
1292 3675 1399 3740 carnis
1426 3695 1524 3740 onere
1551 3676 1687 3757 gravati,
1713 3675 1747 3739 in
1775 3675 1836 3742 boo
1868 3688 1977 3742 tamen
2000 3678 2128 3758 pietatis

137 3780 191 3824 sus
208 3759 481 3842 obstupefaciant.
505 3761 602 3843 Quod
622 3764 650 3828 si
670 3764 725 3828 tali
746 3764 889 3830 remedio
901 3784 982 3846 opus
995 3764 1109 3829 babuit
1160 3760 1265 3826 officio
1287 3781 1323 3826 se
1344 3769 1505 3836 exercent,
1528 3760 1690 3841 quomodo
1712 3762 1803 3824 exuti
1820 3772 1853 3826 et
1870 3763 1967 3827 soluti
1984 3763 2128 3845 eorporis

139 3842 256 3926 David,
286 3866 349 3910 non
380 3867 418 3910 ea
447 3847 586 3930 praediti
615 3871 729 3915 sumus
759 3851 898 3916 sanitate
926 3850 1006 3931 quin
1029 3849 1109 3914 utile
1160 3846 1299 3912 vinculis
1325 3846 1449 3910 resides
1477 3844 1665 3910 cessarent?
1715 3847 1908 3911 'I'enendum
1938 3849 2040 3931 igitur
2067 3859 2126 3925 est,

137 3930 229 3996 nobis
251 3932 304 4010 sit,
332 3933 565 4015 pinguedinem
595 3934 780 4000 securitatis
812 3934 922 4018 inopia
954 3934 1106 4018 abstergi.
1160 3931 1321 3996 Davidem
1345 3952 1411 3996 non
1440 3939 1579 3996 tractare
1600 3951 1642 3993 ex
1664 3932 1807 4013 professo
1829 3933 1907 4014 quid
1930 3944 2040 4015 agant,
2075 3934 2126 3998 vel

136 4014 252 4098 Itaque
280 4038 347 4083 non
377 4029 428 4082 est
454 4018 539 4102 quod
562 4021 719 4085 miremur
740 4021 849 4086 Deum
871 4020 1010 4086 subinde
1039 4021 1110 4085 abs·
1158 4019 1191 4081 in
1214 4037 1278 4099 quo
1300 4038 1334 4081 se
1356 4027 1530 4081 exerceant
1559 4017 1687 4093 mortui,
1720 4015 1777 4080 sed
1807 4028 1935 4083 tantum
1968 4021 2126 4100 respicere

136 4101 273 4168 condere
314 4104 429 4169 faciem
471 4124 574 4180 suam,
614 4104 655 4170 ad
693 4107 786 4171 cuius
825 4107 990 4184 intuitum,
1030 4105 1106 4170 dum
1157 4104 1192 4166 in
1214 4122 1311 4185 quem
1333 4103 1433 4166 finem
1462 4103 1613 4166 vivamus
1642 4102 1677 4165 in
1705 4101 1922 4184 boemundo,
1950 4125 2067 4187 nempe
2090 4120 2127 4170 ut

135 4208 251 4252 serena
272 4188 420 4271 affulget,
441 4210 612 4273 perperam
635 4193 841 4257 caecutimus.
1158 4189 1213 4252 alii
1236 4187 1309 4252 aliis
1330 4189 1474 4253 vicissim
1496 4187 1618 4269 gloriae
1640 4186 1703 4251 Dei
1725 4188 1827 4254 simus
1849 4209 2042 4272 praecones:
2065 4190 2125 4254 hac

221 4273 252 4339 9.
283 4272 413 4359 (Iehoco
440 4277 484 4341 ad
509 4273 559 4360 te.)
608 4276 680 4340 Iam
710 4279 856 4360 sequitur
885 4275 1106 4358 castigationis
1158 4273 1367 4338 meditatione
1386 4273 1529 4339 defuncti
1547 4294 1649 4355 usque
1668 4272 1709 4337 ad
1727 4274 1878 4339 ultimam
1894 4277 1982 4340 vitae
1993 4285 2125 4358 metam,

135 4357 272 4439 fructus,
295 4359 380 4443 quod
402 4359 510 4425 David
532 4362 566 4425 in
589 4369 762 4445 utramque
784 4364 873 4446 prius
896 4383 1008 4427 aurem
1031 4362 1105 4426 dor·
1157 4361 1189 4423 in
1213 4372 1318 4423 morte
1339 4359 1601 4425 obmutescimus.

136 4445 254 4524 miens,
276 4466 435 4528 suamque
457 4447 620 4528 pigritiam
645 4446 808 4513 oblivione
825 4450 959 4521 fovens,
972 4458 1106 4530 repente
1244 4445 1293 4510 11.
1326 4445 1473 4531 (Exaudi
1505 4442 1641 4527 Iobovc.)
1700 4443 1773 4508 Hac
1805 4445 1951 4512 clausula
1984 4449 2123 4529 priorem

135 4531 367 4614 expavefactus
389 4531 531 4596 clamare
553 4533 593 4597 ad
616 4532 724 4598 Deum
746 4534 871 4615 incipit.
915 4533 999 4598 Nam
1023 4535 1106 4598 sicut
1157 4533 1392 4615 querimoniam
1422 4540 1582 4613 temperat
1610 4539 1644 4593 et
1665 4531 1815 4615 corrigit:
1837 4531 2014 4597 absurdum
2036 4532 2123 4595 enim

134 4614 271 4699 ferrum,
308 4618 365 4683 ubi
394 4617 548 4682 diuturna
581 4619 688 4700 quiete
718 4620 902 4703 rubiginem
931 4619 1104 4695 contraxit,
1156 4619 1278 4694 fuisset,
1297 4618 1389 4698 quasi
1407 4616 1578 4698 desperata
1594 4615 1709 4697 saluto,
1727 4617 1934 4699 expostulare
1953 4638 2027 4683 oum
2042 4615 2123 4684 Deo.

136 4701 376 4767 accommodari
399 4702 439 4767 ad
462 4703 545 4768 ullos
568 4724 646 4769 usus
669 4725 733 4768 non
755 4716 874 4789 potest,
905 4704 1006 4768 donec
1028 4704 1105 4787 igne
1157 4715 1189 4768 et
1210 4703 1243 4767 in
1266 4702 1328 4767 hoo
1357 4702 1490 4767 fremitu
1521 4701 1679 4766 desinere.
1723 4702 1900 4784 Postquam
1934 4722 2011 4784 ergo
2032 4703 2123 4767 flebi-

136 4796 298 4852 rcooctum
322 4795 356 4853 et
383 4788 500 4854 malleo
528 4800 699 4854 contusum
722 4791 836 4856 fuerit:
864 4791 910 4855 sic
932 4799 1105 4872 postquam
1156 4789 1230 4852 liter
1252 4790 1383 4871 rogavit
1404 4787 1482 4871 quid
1504 4800 1608 4851 morte
1629 4807 1689 4852 eua
1710 4787 1800 4851 Deus
1823 4788 2002 4868 proficeret,
2024 4807 2060 4851 se
2082 4788 2121 4851 ad

135 4874 235 4937 semel
260 4873 443 4956 praevaluit
464 4875 572 4940 carnis
594 4873 760 4947 securitas.
789 4897 885 4941 nemo
911 4895 947 4939 se
968 4875 1008 4941 ad
1033 4895 1105 4957 pre·
1156 4875 1340 4940 liberiorem
1367 4873 1521 4956 precandi
1549 4875 1687 4937 sormam
1717 4873 1849 4955 animat,
1885 4881 1918 4937 et
1950 4893 2036 4937 nova
2064 4894 2122 4958 spe

136 4958 277 5023 candum
300 4959 452 5025 alacriter
473 4962 628 5042 accinget,
657 4961 720 5025 nisi
742 4982 838 5026 cruce
860 4971 1053 5037 maceratus,
1073 4972 1106 5024 et
1156 4971 1309 5043 concepta
1338 4960 1491 5042 implorat
1519 4957 1583 5024 Dei
1613 4957 1864 5022 misericordiam
1892 4970 1926 5022 et
1954 4958 2122 5038 auxilium,

136 5044 235 5124 probo
263 5044 425 5110 subactus.
477 5049 588 5128 Atque
616 5046 697 5112 haec
727 5049 898 5129 praecipua
927 5055 977 5110 est
1005 5047 1104 5110 afflic·
1156 5046 1255 5128 priori
1277 5054 1387 5109 autem
1417 5045 1486 5110 loco
1512 5045 1651 5127 gratiam
1681 5040 1743 5106 Dei
1766 5044 1890 5122 statuit,
1918 5043 2006 5108 unde
2028 5063 2121 5127 opem

136 5127 261 5194 tionum
292 5130 427 5208 utilitas,
457 5130 533 5196 dum
561 5133 711 5197 miseriae
740 5146 871 5197 nostrae
898 5132 1042 5197 conscios
1064 5132 1104 5196 ad
1155 5152 1253 5214 quam
1274 5132 1401 5215 flagitat
1422 5152 1553 5215 sperare
1575 5127 1694 5193 debuit.

135 5214 351 5297 expetendam
374 5217 439 5282 Dei
460 5216 598 5300 gratiam
621 5231 786 5283 revocant.
1252 5233 1255 5238 ·
