4658 5856
237 1502 405 1596 IOAN
411 1505 456 1595 N
463 1503 544 1597 Es
572 1503 910 1600 OALVINUS

185 1698 277 1767 PIlS
311 1702 370 1765 ΕΤ
403 1702 629 1769 INGENUIS
664 1704 959 1770 LECTORIBUS

456 1819 685 1890 SALUTEM.

421 2046 728 2057 ——.

132 2217 179 2314 Si
203 2237 331 2294 tantum
355 2231 507 2297 utilitatis
529 2235 644 2297 afferat
666 2236 819 2300 666166166
844 2235 906 2299 Dei
920 2258 1007 2301 eem-

131 2340 370 2408 mcntariorum
418 2362 565 2408 meorum
609 2345 702 2411 166116
748 2355 905 2428 quantum
947 2367 1009 2431 ege

132 2473 173 2518 ex
198 2452 373 2534 scriptione
395 2453 520 2519 fruetus
544 2458 681 2538 percepi,
705 2479 770 2522 non
790 2460 853 2522 erit
875 2479 933 2523 eur
955 2479 1009 2522 me

132 2562 275 2644 suseepti
315 2563 434 2629 laboris
474 2568 646 2647 poeniteat.
703 2568 846 2633 Tametsi
887 2568 1008 2634 librum

132 2682 339 2748 Psalmerum
363 2678 398 2741 in
427 2676 489 2743 hae
513 2679 603 2741 tenui
633 2689 747 2743 nostra
776 2680 888 2745 schola
910 2702 1009 2763 expo·

132 2814 262 2859 sueram
286 2803 362 2856 ante
385 2803 452 2856 tres
475 2810 587 2868 annes,
618 2789 679 2855 hac
700 2811 798 2872 opera
821 2792 1010 2873 perfunctus

133 2915 311 2969 statueram
354 2924 418 2966 nen
460 2902 626 2984 publicare
667 2902 765 2965 latius
805 2923 888 2983 quae
922 2901 1008 2984 apud

134 3016 324 3080 domesticos
346 3013 550 3078 familiariter
573 3013 796 3095 deposueram.
838 3013 882 3076 Et
905 3013 1008 3096 prius-

133 3148 228 3210 quam
260 3126 501 3190 enarrationem
532 3123 728 3206 aggrederer
759 3127 896 3188 fratrum
920 3145 1006 3188 meo·

133 3260 204 3303 rum
224 3247 343 3322 rogatu
362 3237 508 3300 dixeram
528 3233 615 3317 qued
634 3256 747 3299 verum
767 3244 846 3312 erat,
864 3255 917 3299 me
935 3234 1008 3300 ideo

133 3347 344 3432 supersedere
372 3346 456 3430 qnod
485 3345 692 3410 fidelissimus
720 3345 875 3411 ecelesiae
898 3345 1008 3410 doctor

133 3460 299 3526 Martinus
320 3460 468 3525 Buecrus
491 3478 629 3535 summa,
653 3478 750 3540 quam
775 3458 807 3521 in
832 3457 893 3523 hoc
911 3478 1007 3539 opere

134 3571 305 3654 praestitit,
335 3568 517 3634 eruditione
539 3568 711 3652 diligentia
733 3579 765 3632 et
787 3568 862 3646 fide,
889 3568 922 3633 id
945 3570 1007 3633 sal·

133 3690 197 3748 tem
227 3688 447 3765 consequutus
477 3688 548 3744 erat
575 3702 616 3745 ne
640 3690 751 3744 tantus
781 3690 867 3746 esset
889 3701 1007 3762 operae

132 3815 223 3859 meac
246 3815 333 3858 usus.
357 3791 426 3857 Nec
450 3813 526 3857 1616
550 3793 589 3857 do
613 3791 840 3874 Wolphgangi
863 3791 1006 3856 Muscnli

133 3904 385 3980 commentariis,
408 3905 437 3967 si
452 3904 517 3968 iam
532 3915 611 3967 tuno
626 3904 660 3966 in
677 3903 780 3967 lucem
799 3901 1006 3985 prodiissent,

133 4026 240 4080 tacere
269 4017 318 4080 fas
348 4016 464 4080 fuisset
484 4014 614 4096 quando
644 4024 676 4077 61
703 4012 757 4076 hie
779 4012 952 4078 sedulitate
975 4024 1008 4077 ct

134 4125 294 4191 industria
322 4146 387 4191 non
419 4147 534 4208 parum
567 4124 674 4190 laudis
704 4125 861 4188 benorum
885 4124 1007 4188 iudicio

134 4240 268 4302 meritus
290 4248 349 4301 est.

218 4356 373 4420 Nondum
394 4355 434 4420 ad
458 4358 556 4420 finem
575 4358 682 4437 operis
701 4374 914 4438 perveneram
930 4354 1007 4418 dum

135 4487 205 4533 eece
229 4468 322 4532 novis
345 4467 495 4549 precibus
516 4465 681 4549 sollicitor,
709 4488 751 4529 ne
779 4465 1008 4530 meditationes

134 4598 231 4660 meas,
261 4577 401 4643 fideliter
431 4588 463 4640 et
492 4577 616 4653 dextre,
647 4597 713 4641 neu
743 4577 865 4659 absque
888 4596 1007 4659 magne

135 4688 244 4753 labore
267 4698 430 4772 exceptas,
453 4689 560 4772 perire
583 4688 697 4753 sinam.
739 4688 811 4771 Ege
834 4688 867 4751 in
891 4708 1007 4770 propo·

135 4801 195 4864 site
225 4821 375 4865 manere:
405 4809 535 4865 tantum
565 4798 652 4881 quod
682 4799 808 4880 pridem
837 4800 870 4862 in
900 4798 1008 4862 anime

136 4910 242 4975 fuerat
272 4912 464 4994 promittere
493 4919 549 4985 (ne
579 4911 670 4995 genti
700 4921 831 4975 nestrae
860 4910 894 4974 iu
925 4909 1008 4974 libre

135 5030 201 5086 tam
225 5021 297 5086 utili
321 5022 449 5085 deesset
471 5020 712 5103 adiumentum)
735 5042 787 5085 me
810 5018 1006 5103 scripturum

135 5133 256 5216 aliquid
280 5130 405 5215 gallice.
431 5130 468 5193 Id
492 5130 568 5193 dum
592 5140 719 5195 tentare
741 5132 848 5211 cogita
873 5144 1008 5212 repente

1404 1508 1622 1599 IEHAN
1649 1506 1896 1601 CALVIN

1259 1704 1354 1771 AUX
1389 1704 1590 1771 alnetus
1626 1706 1684 1770 ΕΤ
1720 1706 2051 1773 DEBONNAIRES

1433 1823 1685 1901 LEOTEURS,
1709 1823 1871 1890 Satur.

1166 2219 1213 2314 Si
1248 2235 1282 2298 la
1312 2233 1434 2297 lecture
1476 2233 1515 2297 de
1555 2254 1608 2298 ces
1645 2236 1749 2299 miens
1784 2233 2044 2301 Commentaires
2079 2257 2138 2320 ap·

1166 2332 1258 2400 porte
1280 2318 1368 2382 aussi
1397 2317 1501 2401 grand
1531 2330 1746 2384 avaneemcnt
1776 2341 1795 2384 6
1824 2319 1960 2404 l’Eglise
1989 2323 2028 2386 de
2050 2320 2138 2388 Dieu

1166 2426 1292 2468 camme
1315 2405 1360 2486 i’y
1382 2424 1423 2486 ay
1447 2404 1531 2468 senti
1562 2403 1602 2467 de
1629 2405 1749 2485 preufit
1778 2426 1818 2468 en
1848 2425 1925 2468 mon
1949 2404 2078 2471 endroit
2096 2428 2136 2472 en

1166 2488 1214 2555 les
1247 2490 1423 2566 eserivant,
1458 2488 1488 2551 16
1521 2494 1655 2570 n'auray
1688 2491 1781 2570 point
1810 2489 1990 2555 d’eeeasion
2019 2490 2059 2555 de
2084 2512 2137 2557 me

1166 2574 2139 2661 repentird’avcirentreprinseelabeurtcombienqu’ayant

1165 2669 1286 2744 exposa
1314 2659 1366 2742 yei
1404 2680 1445 2724 en
1482 2672 1592 2723 nostre
1621 2660 1722 2742 petite
1747 2660 1876 2725 eschele
1910 2660 1940 2726 16
1969 2660 2054 2726 11116
2082 2663 2138 2727 des

1167 2747 1344 2811 Pseanmes
1367 2745 1447 2809 trois
1473 2765 1533 2808 ans
1556 2756 1768 2826 anparavant‚
1791 2748 1820 2809 ic
1842 2767 1985 2830 penseye
2007 2749 2138 2812 m‘cstre

1167 2833 1408 2896 suffisamment
1431 2833 1572 2911 aequitte
1595 2851 1655 2911 par
1677 2851 1714 2895 66
1736 2851 1865 2913 moyen,
1888 2846 2038 2915 atavoye
2060 2831 2138 2898 deli-

1166 2919 1242 2981 1616
1254 2917 1293 2979 de
1305 2938 1347 2979 nc
1359 2915 1486 2996 publier
1499 2917 1590 2996 point
1603 2916 1675 2996 plus
1694 2915 1760 2979 lein
1774 2938 1810 2981 66
1822 2937 1883 2997 que
1893 2917 2016 2999 i'aveye
2028 2919 2138 2982 traitte

1166 3003 1371 3085 priveement
1390 3009 1578 3065 entreceur
1597 3021 1675 3065 6166
1695 3000 1838 3083 lesquels
1857 3004 2070 3067 inconverse.
2094 3004 2138 3068 111

1166 3089 1206 3151 dc
1227 3088 1312 3161 faict,
1336 3098 1437 3149 avant
1459 3105 1522 3166 que
1545 3086 1790 3167 i'eutreprinssc
1813 3086 1982 3167 d’enpeser
2000 3109 2036 3152 66
2054 3088 2138 3153 11116

1164 3196 1205 3237 66
1229 3193 1298 3235 mes
1320 3172 1431 3253 leqons
1454 3192 1471 3233 a
1495 3170 1526 3232 16
1549 3181 1702 3252 requeste
1725 3170 1764 3234 de
1784 3192 1852 3235 mes
1876 3174 1986 3250 freres,
2009 3174 2136 3257 i’avoye

1163 3257 1211 3322 dit
1233 3258 1283 3343 (ce
1302 3256 1359 3338 qui
1382 3257 1479 3321 estoit
1501 3255 1596 3342 vray)
1618 3276 1680 3338 que
1703 3257 1733 3320 16
1745 3261 1829 3320 m'en
1848 3256 2034 3340 depertoye‚
2052 3277 2137 3339 pour

1164 3353 1352 3425 nutantque
1364 3341 1488 3407 Martia
1501 3341 1609 3407 Bueer
1625 3339 1786 3407 tresfidele
1798 3342 1932 3407 doeteur
1942 3342 1982 3407 de
2001 3342 2137 3427 l'Eglise

1163 3428 1203 3495 de
1225 3429 1311 3492 Dieu
1335 3450 1357 3511 y
1380 3428 1468 3492 aveit
1491 3427 1657 3510 besongne
1681 3428 1788 3490 611161
1811 3430 1946 3503 6661611,
1976 3427 2137 3511 diligenee

1165 3513 1353 3590 6111161116,
1376 3514 1457 3577 6161
1481 3512 1557 3577 bien
1582 3521 1765 3592 reneentre,
1788 3534 1850 3594 qne
1871 3534 1953 3596 pour
1977 3514 2007 3578 lc
2030 3515 2137 3579 meins

1163 3602 1185 3665 il
1210 3599 1342 3664 n'esteit
1363 3619 1422 3681 pas
1444 3599 1470 3662 si
1495 3598 1604 3681 requie
1632 3618 1695 3680 que
1715 3598 1760 3681 i'y
1783 3600 1881 3662 misse
1904 3598 1936 3662 la
1959 3600 2058 3663 main.
2092 3600 2137 3664 Et

1186 3696 1267 3750 uant
1289 3706 1353 3749 aux
1377 3684 1637 3747 (lemmentaires
1665 3682 1705 3747 de
1727 3683 1980 3766 Wolphgangns
2002 3685 2137 3749 Museo·

1162 3771 1224 3849 lus,
1246 3772 1273 3835 si
1296 3770 1362 3835 1616
1384 3768 1424 3833 116
1451 3778 1584 3833 eussent
1614 3770 1703 3833 dosia
1732 3779 1800 3832 oste
1828 3772 1890 3832 mis
1917 3790 1960 3832 en
1988 3767 2136 3848 lumiere,

1163 3859 1193 3921 ie
1215 3857 1340 3920 n'cusse
1363 3875 1420 3935 pas
1443 3853 1542 3917 veulu
1565 3853 1689 3918 oublier
1711 3873 1789 3917 aen
1808 3854 1889 3918 16116
1907 3855 2055 3918 mention
2077 3876 2137 3938 par

1163 3962 1288 4007 mosmc
1311 3958 1440 4021 moyen,
1463 3960 1601 4021 veuque
1624 3939 1681 4023 luy
1704 3940 1801 4013 aussi,
1825 3961 1865 4003 au
1888 3940 2057 4022 ingement
2079 3940 2137 4005 des

1164 4049 1245 4111 gens
1267 4026 1308 4090 de
1325 4023 1411 4105 bien,
1434 4044 1454 4088 6
1472 4024 1583 4106 aequis
1594 4024 1708 4106 grand’
1729 4024 1866 4107 louange
1877 4046 1917 4089 en
1930 4032 1999 4089 6661
2009 4024 2137 4090 endroit

1165 4135 1223 4195 par
1246 4133 1282 4177 sa
1306 4110 1465 4194 diligenee
1487 4120 1521 4173 et
1544 4110 1713 4174 industrie.
1767 4165 1774 4179 .

1250 4197 1300 4262 Or
1322 4196 1499 4278 n’estey·ie
1518 4215 1575 4277 pas
1594 4215 1710 4259 encore
1729 4215 1815 4258 vena
1834 4215 1852 4255 a
1876 4194 1907 4257 16
1927 4197 1972 4259 fin
1989 4195 2031 4260 du
2045 4196 2136 4272 11116,

1166 4305 1228 4365 que
1251 4303 1303 4345 me
1327 4281 1421 4363 voyei
1443 4280 1566 4345 66116116
1589 4300 1649 4363 par
1670 4279 1838 4344 nouvelles
1861 4281 1995 4363 prieres,
2024 4303 2085 4363 que
2107 4283 2137 4344 ie

1165 4390 1206 4433 ne
1230 4368 1387 4449 permisso
1409 4366 1501 4447 point
1523 4386 1587 4447 que
1610 4384 1679 4428 mes
1709 4366 1850 4429 lectures
1873 4365 2044 4447 lesquelles
2066 4385 2136 4431 eer-

1165 4454 1252 4519 tains
1270 4471 1492 4535 persennages
1509 4462 1648 4529 avoyent
1670 4450 1850 4515 recueillies
1874 4463 2082 4533 proprement
2104 4461 2137 4515 61

1165 4538 1361 4610 1161661611,
1387 4557 1451 4600 non
1469 4556 1546 4599 sans
1564 4536 1668 4619 grand
1688 4534 1808 4611 labeur,
1832 4538 2002 4600 veinssent
2019 4546 2136 4602 aestro

1165 4624 1313 4706 perdues.
1337 4622 1389 4685 Ι)6
1412 4641 1497 4704 moy,
1528 4622 1559 4685 ie
1581 4622 1719 4702 persiste
1741 4641 1781 4685 en
1806 4641 1881 4685 men
1904 4640 2033 4703 propos,
2061 4643 2135 4704 prc-

1165 4718 1307 4773 mettant
1329 4708 1512 4773 seulement
1529 4727 1565 4770 66
1588 4728 1651 4789 que
1674 4707 1714 4771 de
1729 4706 1808 4789 long
1825 4716 1929 4803 temps
1951 4706 2077 4789 i’avoye
2094 4728 2134 4772 eu

1165 4814 1206 4857 en
1244 4794 1399 4866 fantasie,
1441 4792 1589 4857 66661611
1625 4814 1687 4874 quc
1720 4792 1765 4876 i’y
1799 4810 1962 4873 esorrreye
1995 4792 2134 4875 quelque

1165 4880 1262 4945 chose
1284 4900 1326 4944 eu
1351 4878 1488 4961 Irangue
1510 4877 1699 4959 Franqeise,
1729 4880 1793 4942 alin
1825 4896 1886 4957 que
1913 4876 1962 4942 les
1991 4877 2134 4960 genade

1164 4973 1276 5030 nostre
1302 4964 1413 5028 661166
1444 4984 1485 5026 ne
1514 4962 1643 5027 fussent
1665 4961 1885 5045 desprouvous
1908 4959 2021 5041 d’aide,
2052 4984 2134 5045 pour

1165 5050 1240 5114 bien
1263 5047 1421 5113 entendre
1442 5068 1487 5110 un
1511 5047 1593 5112 livre
1616 5048 1643 5112 si
1666 5047 1747 5111 utile
1768 5068 1809 5110 en
1833 5045 1862 5111 le
1884 5045 1992 5111 licant.
2013 5046 2132 5127 Qnand

1164 5136 1194 5197 ie
1217 5154 1301 5198 veux
1324 5150 1528 5197 commoneor
1551 5153 1569 5194 a
1591 5156 1612 5214 y
1636 5134 1829 5213 besongner,
1861 5132 1995 5197 seudain
2020 5144 2133 5197 eontra
