4658 5856
214 346 282 413 479
1014 338 1230 407 PSALMUS
1254 339 1418 405 ΧΙΝΙΙΙ.
2152 347 2218 413 480

218 534 408 603 divinitatis.
461 531 630 616 Propheta
659 541 767 596 autem
796 530 850 594 hie
878 537 1007 595 eontra:
1038 529 1189 610 Domine,
1241 527 1419 593 sacrarium
1461 538 1493 593 et
1534 529 1568 592 in
1602 529 1800 595 domicilium
1833 533 1950 616 populo
1983 554 2041 598 suo
2074 535 2215 616 erigens.

218 621 401 702 ubieunque
423 619 571 683 auditum
594 617 696 682 fuerit
718 636 836 681 nomen
860 624 962 695 tuum,
990 636 1063 681 cum
1086 615 1190 681 solida
1241 613 1417 679 Caeterum
1440 614 1600 696 propheta
1621 617 1721 680 finem
1743 617 1896 697 notando,
1927 629 1965 684 ut
1986 630 2140 683 narretur
2160 639 2216 701 po·

218 707 315 773 laude
343 707 554 772 coniunctum
584 703 660 783 erit,
692 702 742 767 vel
771 721 881 768 secum
910 702 1054 783 proferet
1084 701 1190 767 landis
1241 700 1337 765 eteris
1352 699 1458 764 forma
1477 710 1510 764 et
1524 699 1679 783 splendor
1692 699 1783 767 urbis
1799 714 1941 786 sanetae,
1965 705 2062 770 tacite
2077 705 2214 771 innuere

218 793 399 869 materiam,
431 792 509 874 quia
534 789 699 873 intelliget
728 796 817 852 totus
841 786 984 852 mundus
1006 785 1134 870 qualem
1158 798 1190 853 16
1240 785 1370 852 videtur
1398 794 1574 850 venturum
1605 785 1778 869 aliquando
1809 799 1937 873 tempus
1968 811 2032 873 quo
2056 811 2122 854 non
2145 811 2214 854 am·

218 877 424 963 praestiteris
457 876 559 942 electo
591 874 721 957 populo.
772 872 897 939 Eodem
931 874 1075 955 pertinet
1103 872 1190 956 quod
1240 871 1327 955 plius
1348 871 1469 953 poterit
1486 872 1637 954 conspici.
1672 872 1838 953 Quorsum
1857 876 1944 939 enim
1963 877 2106 939 narratio
2125 875 2160 939 in
2178 895 2214 940 re

219 986 297 1030 mox
331 963 476 1042 additur,
508 962 679 1027 Doctorum
706 958 772 1026 Dei
798 959 927 1040 penam
958 977 1024 1024 esse
1056 959 1191 1042 iustitia,
1241 957 1414 1022 manifesta
1446 964 1480 1020 et
1506 967 1584 1021 ante
1612 958 1723 1023 oeulos
1752 960 1877 1039 posita?
1912 960 2107 1044 Quanquam
2137 980 2215 1043 ergo

219 1071 338 1134 nempe
366 1048 451 1132 quod
474 1046 635 1112 auxilium
664 1047 733 1111 suis
756 1045 903 1121 serendo,
926 1045 1019 1127 quasi
1041 1055 1192 1128 porrecta
1240 1042 1338 1125 paulo
1366 1051 1443 1107 ante
1472 1042 1565 1119 dixit,
1596 1045 1709 1108 urbem
1739 1044 1829 1108 illam
1857 1060 2014 1129 perpetuo
2036 1046 2214 1111 stabilitam

220 1157 330 1217 manu,
353 1133 510 1200 iustitiam
529 1151 621 1197 suam
640 1131 749 1214 palam
768 1130 984 1196 demonstret:
1009 1151 1069 1196 nec
1087 1151 1190 1195 unum
1240 1147 1321 1205 esse,
1351 1148 1439 1193 nuno
1467 1148 1525 1210 per
1547 1129 1679 1193 modum
1703 1132 1910 1197 correctionis
1932 1131 2086 1196 admonet
2108 1132 2215 1213 qualis

219 1222 314 1288 modo
338 1221 389 1287 vel
413 1220 550 1283 alterum
573 1217 738 1298 specimen
760 1216 835 1280 edat
858 1237 936 1281 suae
958 1217 1110 1294 iustitiae,
1133 1214 1189 1281 sed
1241 1214 1352 1278 futura
1373 1215 1416 1278 sit
1438 1214 1647 1296 perpetuitas,
1670 1236 1787 1299 nempe
1806 1237 1888 1298 quae
1908 1218 1949 1281 ad
1969 1219 2215 1282 renovationem

219 1330 331 1374 omnes
354 1325 506 1369 numeros
529 1303 674 1386 impleat.
709 1303 812 1367 Porro
835 1301 1013 1366 tenendum
1035 1302 1189 1385 estquod
1242 1297 1402 1363 duntaxat
1436 1299 1593 1364 ecelesiae
1625 1300 1731 1366 duret.
1786 1301 1855 1366 Nos
1887 1304 1975 1367 enim
2011 1323 2125 1366 sumus
2160 1301 2216 1366 illa

220 1394 298 1459 alibi
327 1391 479 1465 diximus,
507 1389 671 1454 Iustitiam
695 1387 757 1452 Dei
788 1388 890 1470 accipi
918 1407 975 1469 pro
1006 1386 1070 1453 fide
1092 1407 1189 1471 quem
1241 1385 1417 1467 posteritas
1446 1384 1487 1449 ad
1517 1403 1614 1466 quam
1643 1388 1787 1469 pertinet
1815 1408 1852 1452 ae
1882 1387 2037 1471 dirigitur
2059 1390 2217 1463 narratio,

220 1482 255 1545 in
284 1479 353 1544 suis
382 1474 510 1540 tuendis
533 1487 654 1554 servat,
686 1473 772 1537 unde
794 1472 1043 1538 inaestimabilis
1065 1472 1107 1538 ad
1130 1493 1190 1537 nos
1241 1471 1318 1554 quia
1344 1491 1554 1553 quaeeunque
1577 1473 1681 1536 veteri
1705 1473 1823 1556 populo
1846 1471 1937 1538 Deus
1962 1474 2115 1539 beneficia
2137 1493 2217 1538 oon·

219 1565 306 1630 redit
327 1560 513 1638 consolatio,
536 1558 621 1643 quod
639 1561 673 1624 in
694 1559 800 1623 salute
819 1569 932 1624 nostra
949 1557 1093 1624 curanda
1112 1558 1191 1624 velit
1242 1556 1327 1635 tulit,
1350 1555 1444 1622 nobis
1466 1557 1651 1621 communia
1672 1566 1764 1622 sunt:
1790 1579 1855 1622 non
1876 1558 1961 1641 quod
1983 1559 2139 1641 splendor
2158 1560 2216 1625 1116

219 1651 324 1716 iustus
358 1647 500 1731 agnosci.
552 1646 623 1711 Iam
652 1655 801 1709 tenemus
830 1644 1007 1727 prophetae
1038 1655 1192 1725 mentem,
1242 1651 1416 1723 externus,
1450 1661 1514 1724 quo
1544 1640 1746 1709 admirabilis
1778 1645 1840 1707 fuit
1868 1642 2083 1727 lerosolyma,
2119 1645 2217 1709 hodie

219 1755 338 1818 nempe
366 1733 524 1798 falsorum
555 1731 689 1796 deorum
719 1751 837 1794 nomen
862 1751 920 1812 per
941 1750 999 1794 ora
1021 1730 1191 1795 hominum
1241 1729 1407 1793 internos
1431 1729 1582 1802 emineat,
1611 1730 1667 1792 sed
1689 1729 1765 1811 quia
1785 1730 2010 1811 spiritualibus
2032 1731 2126 1795 donis
2148 1749 2218 1794 non

174 1870 182 1882 .
219 1820 365 1899 volitare,
388 1818 517 1884 sinere
540 1828 573 1881 et
595 1814 803 1882 vereleude:
826 1815 924 1880 aliam
943 1837 1013 1881 esse
1031 1817 1190 1881 rationem
1242 1814 1351 1877 minus
1373 1813 1542 1896 splendide
1565 1826 1680 1878 ornata
1702 1815 1767 1878 fuit
1788 1815 1923 1881 ecclesia
1940 1826 2013 1899 post
2030 1816 2218 1880 exhibitum

221 1907 256 1971 in
279 1908 349 1971 Deo
372 1903 492 1969 Israel:
519 1904 595 1986 qnia
623 1922 814 1985 quocunque
841 1903 968 1984 perlata
996 1902 1094 1967 luerit
1121 1902 1191 1966 eius
1243 1899 1424 1978 Christum,
1452 1919 1550 1982 quam
1579 1899 1656 1963 olim
1687 1901 1791 1966 muris
1820 1912 1852 1964 et
1882 1900 2027 1966 turribus
2054 1902 2219 1967 instructa

220 1993 316 2072 fama,
338 1989 526 2073 intelligent
547 2009 659 2052 omues
682 1988 890 2053 liberatorem
908 2010 979 2053 esse
1001 1987 1111 2071 populi
1129 1989 1190 2065 sui,
1242 1984 1423 2051 Ierusalem
1449 1986 1510 2050 sub
1539 1984 1622 2068 legis
1650 1987 1783 2052 umbris.
1829 1985 1975 2050 Verbum
2005 1999 2101 2069 qm,
2131 1989 2218 2051 verti

221 2079 276 2160 qui
306 2096 397 2160 spem
427 2086 461 2139 61
482 2083 558 2139 vota
586 2094 719 2138 suornm
748 2093 815 2137 non
836 2073 1024 2151 frustratur,
1055 2094 1115 2140 nee
1137 2093 1192 2139 eos
1243 2072 1397 2150 exaltate,
1440 2070 1480 2135 ad
1514 2071 1775 2135 aestimationem
1808 2072 2025 2154 praestantiae
2058 2073 2214 2139 referens.

221 2164 255 2228 in
279 2161 469 2228 discrimine
491 2160 620 2225 deserit.
1243 2157 1328 2222 Nam
1359 2155 1445 2238 quod
1475 2156 1531 2220 alii
1556 2169 1727 2238 exponunt
1748 2157 1922 2238 Roborate,
1952 2157 2063 2222 minus
2084 2157 2218 2223 videtur

1243 2264 1313 2308 esse
1335 2252 1602 2320 consentaneum,
1631 2243 1659 2306 si
1682 2243 1733 2305 oni
1755 2243 1862 2326 magis
1890 2243 2047 2326 probetur
2076 2244 2217 2308 aliorum

308 2334 359 2398 11.
389 2330 572 2396 1001011111
600 2350 687 2395 mats
718 2328 811 2409 Sion,
841 2328 1036 2394 6116111αό111
1065 2330 1192 2415 filmer)
1243 2329 1478 2409 interpretatio,
1502 2326 1677 2410 Adspicite,
1699 2347 1765 2392 non
1788 2349 1945 2413 repugno.

222 2419 318 2498 Iuda,
344 2421 470 2501 propter
499 2416 619 2482 iudicio
640 2421 706 2481 tua.
754 2414 803 2480 12.
829 2413 1027 2481 Circumdcte
1049 2414 1137 2497 Sion,
1166 2422 1194 2480 11
1331 2413 1381 2477 14.
1409 2411 1512 2497 (Quia
1538 2411 1588 2476 bie
1609 2413 1721 2492 Deus.)
1764 2413 1853 2480 Hinc
1879 2415 1996 2480 melius
2024 2414 2126 2496 liquet
2147 2433 2215 2478 non

221 2506 347 2570 circuite
374 2522 452 2582 eunt,
479 2506 640 2568 1110111016
660 2505 764 2566 turres
785 2501 862 2566 eius
909 2500 1119 2567 111111ῑο111
1140 2521 1194 2567 eor
1244 2499 1415 2582 loquutum
1445 2499 1543 2563 luisse
1573 2498 1774 2581 Prophetam
1804 2499 1844 2564 de
1873 2499 2004 2584 palatiis
2025 2498 2217 2579 Ierusalem,

221 2588 413 2674 1661111111)
444 2589 487 2653 ad
513 2608 640 2651 1111111111
661 2588 739 2666 eiua
770 2584 901 2651 11011016
929 2588 1130 2665 terrassiam,
1159 2592 1195 2651 at
1245 2595 1282 2650 ut
1301 2585 1369 2650 illie
1391 2584 1490 2649 defixi
1513 2584 1686 2648 haererent
1707 2586 1835 2666 piorum
1858 2586 1958 2652 oeuli:
1982 2584 2040 2650 sed
2062 2596 2101 2648 ut
2117 2606 2152 2649 se
2175 2585 2215 2648 ad

222 2676 360 2742 narretis
395 2672 587 2755 generationi
614 2677 769 2752 posterae.
822 2670 872 2734 14.
908 2671 990 2751 Quia
1017 2671 1067 2736 bie
1094 2672 1193 2748 Dares,
1244 2671 1401 2735 intuitum
1431 2670 1553 2753 gloriae
1581 2667 1646 2734 Dei
1675 2669 1872 2736 attollerent
1916 2672 2001 2737 Nam
2024 2689 2216 2752 quoeunque

223 2761 312 2828 Deus
341 2763 443 2823 1101111
469 2759 505 2820 111
527 2756 684 2822 eumdum
713 2762 873 2838 sterque:
902 2757 971 2836 ipse
992 2758 1117 2823 deducet
1136 2777 1194 2823 1106
1246 2777 1282 2821 66
1311 2765 1491 2833 verterent,
1521 2753 1627 2818 voluit
1655 2754 1746 2820 Deus
1774 2757 1955 2841 insculptas
1984 2756 2110 2839 gratiae
2138 2776 2216 2820 suae

224 2866 322 2928 usque
338 2844 382 2908 od
402 2840 611 2926 maumam)
1246 2850 1341 2907 notas
1362 2842 1462 2925 cerni,
1484 2842 1550 2904 imo
1567 2859 1603 2904 se
1620 2841 1752 2923 agnosci
1770 2845 1862 2923 quasi
1880 2850 2096 2926 praesentem.
2120 2840 2216 2907 Unde

1245 2927 1443 3011 colligimus,
1471 2925 1626 3008 quidquid
1654 2925 1824 3010 dignitatis
1853 2930 1907 2994 vel
1935 2926 2154 3013 praestantiae
2182 2928 2216 2991 in

312 3016 361 3078 11.
385 3010 607 3098 (11061αό11111.)
639 3012 737 3078 Nune
753 3012 1008 3097 gratulationem
1025 3034 1120 3081 suam
1138 3016 1195 3081 ab·
1246 3015 1381 3080 ecclesia
1409 3012 1585 3095 refulgeat,
1614 3032 1680 3077 non
1713 3013 1806 3077 aliter
1836 3035 1907 3081 esse
1934 3011 2215 3089 considerandum,

224 3101 333 3176 solvit,
356 3096 441 3182 quod
458 3097 639 3163 Ierusalem
661 3107 695 3163 et
713 3098 796 3163 eliae
813 3098 955 3165 Iudaeae
974 3099 1078 3180 urbes,
1101 3100 1194 3166 iusti·
1246 3121 1344 3183 quam
1372 3108 1410 3165 ut
1435 3098 1527 3164 nobis
1549 3098 1642 3162 Deus
1663 3108 1820 3177 occurrat,
1850 3110 1948 3184 atque
1974 3100 2009 3165 in
2031 3099 2101 3164 snie
2123 3097 2216 3164 donis

225 3187 290 3251 tiae
313 3184 484 3249 materiam
507 3182 684 3266 habebunt,
706 3184 784 3266 quia
799 3184 908 3250 Deum
927 3206 1005 3252 vere
1022 3198 1195 3253 senserunt
1246 3187 1434 3252 celebretur.
1489 3184 1592 3249 Porro
1630 3183 1925 3252 demonstrativum
1957 3205 2137 3269 pronomen
2170 3198 2213 3267 ,Ἶῐ

225 3270 388 3338 vindicem
421 3290 499 3335 suae
531 3269 656 3334 salutis.
708 3269 795 3335 Nam
824 3270 945 3338 Iudicii
973 3293 1094 3338 nomen
1122 3273 1195 3339 ideo
1247 3273 1381 3337 minime
1414 3290 1652 3355 supervacuum
1683 3282 1747 3347 est,
1786 3270 1842 3336 sed
1871 3273 2005 3336 unicum
2035 3270 2145 3336 Deum
2175 3274 2216 3334 ab

225 3358 368 3440 positum
407 3366 471 3432 est,
512 3354 600 3435 quod
633 3355 725 3421 Deus
762 3356 915 3422 ecclesiae
952 3378 1031 3424 suae
1063 3380 1195 3426 eausam
1245 3360 1395 3424 omnibns
1412 3357 1537 3423 fictitiis
1553 3356 1700 3422 adhibita
1710 3355 1905 3423 certitudine
1917 3356 2081 3423 discernit.
2106 3354 2216 3437 Quan-

226 3442 415 3524 suseipiens,
445 3440 516 3504 eius
544 3439 789 3522 oppressoribus
818 3462 853 3506 se
882 3442 1009 3509 hostem
1031 3445 1195 3527 professus
1246 3444 1369 3510 tumvis
1397 3443 1485 3507 enim
1513 3442 1669 3507 audacter
1689 3443 1752 3507 Dei
1780 3462 1900 3508 nomen
1927 3448 2088 3526 usurpent
2109 3443 2215 3507 inere·

227 3529 281 3606 sit,
303 3538 339 3592 ut
362 3545 475 3590 eorum
498 3524 650 3591 ferociam
673 3538 901 3609 compesceret.
935 3528 1063 3596 Deinde
1081 3551 1195 3597 rursus
1247 3529 1326 3609 duli,
1348 3551 1386 3596 aa
1401 3527 1441 3594 de
1456 3529 1613 3613 religione
1634 3530 1789 3614 garriant,
1812 3530 1926 3612 siquis
1948 3540 2061 3593 1611611
2082 3529 2215 3610 propius

225 3611 384 3698 propheta
412 3612 511 3675 situm
540 3620 574 3676 et
595 3611 846 3694 pulcritudinem
869 3611 1086 3697 lerosolymae
1108 3637 1194 3683 oom-
1246 3617 1400 3698 inquirat,
1424 3616 1564 3698 reperiet
1585 3616 1668 3681 nihil
1691 3616 1824 3681 subesse
1841 3616 1922 3681 certi
1946 3614 1997 3681 vel
2019 3614 2124 3679 firmi:
2148 3614 2215 3677 imo

226 3697 367 3775 mandat,
397 3716 435 3763 ao
455 3696 484 3762 si
507 3695 638 3776 diceret,
666 3700 781 3764 urbem
804 3719 874 3765 esse
891 3701 1012 3782 optime
1034 3702 1195 3767 munitam
1247 3704 1431 3785 quicunque
1457 3703 1493 3765 iu
1522 3721 1601 3765 vera
1629 3702 1693 3767 fide
1715 3698 1841 3767 fundati
1871 3723 1938 3766 non
1966 3709 2054 3778 suot,
2083 3718 2216 3764 neeesse

226 3796 259 3850 et
286 3782 596 3867 inexpugnabilemr
633 3783 711 3866 qnia
739 3783 849 3867 aliqua
875 3803 919 3849 ex
947 3797 1040 3869 parte
1077 3789 1111 3852 iu
1143 3787 1196 3853 his
1246 3798 1296 3853 est
1322 3787 1450 3853 insuia
1478 3788 1644 3871 figmentis
1666 3806 1869 3854 evanescere.
1913 3787 1987 3852 Hoc
2008 3786 2118 3868 itaque
2140 3783 2216 3850 fidei

227 3869 375 3935 externis
403 3868 490 3934 notis
511 3868 657 3953 fulgebat
679 3869 743 3935 Dei
764 3869 954 3937 benedictio.
999 3871 1195 3956 Quanquam
1246 3873 1414 3956 proprium
1437 3885 1496 3953 est,
1519 3872 1705 3940 distinctam
1728 3871 1823 3938 nobis
1840 3872 1905 3938 Dei
1927 3872 2077 3938 notitiam
2099 3890 2217 3955 propo·

227 3956 385 4021 memoria
414 3953 589 4021 tenendum
615 3963 667 4020 est
688 3954 773 4038 quod
794 3957 885 4039 prius
907 3954 1000 4035 dixit,
1030 3958 1140 4025 Deum
1161 3963 1197 4023 in
1247 3980 1335 4038 nere,
1358 3960 1392 4024 in
1410 3981 1475 4041 qua
1497 3979 1563 4023 non
1586 3961 1793 4027 vacillemus:
1814 3959 1910 4025 sicuti
1927 3956 2119 4040 superstitio
2137 3958 2217 4021 ima·

228 4041 298 4106 eius
319 4040 450 4123 palatiis
472 4041 615 4122 conspici
638 4041 672 4105 in
696 4060 814 4108 arcem.
847 4042 961 4126 Neque
983 4044 1072 4109 enim
1093 4050 1197 4111 111116
1247 4045 1392 4128 maurice
1421 4056 1455 4111 et
1482 4045 1678 4127 multiplices
1707 4046 1785 4111 deos
1813 4064 1942 4128 semper
1967 4043 2098 4128 ingerit.
2143 4041 2217 4122 Quo

229 4126 281 4191 vel
303 4145 430 4190 1111111111
456 4145 547 4189 nuno
568 4146 835 4206 commemorans,
864 4128 937 4194 vult
959 4130 1085 4212 piorum
1105 4151 1196 4195 men·
1247 4132 1351 4215 magis
1373 4130 1516 4197 notanda
1537 4142 1588 4197 est
1609 4133 1793 4216 emphatica
1813 4130 1879 4196 ista
1900 4128 2143 4207 demonstratio,
2165 4127 2217 4194 eui

228 4221 277 4277 tes
299 4211 334 4275 in
356 4210 422 4275 illis
444 4211 629 4290 subsistere,
651 4212 709 4277 sed
730 4215 837 4294 potius
858 4215 1027 4295 speculum
1045 4217 1198 4299 proponit
1247 4217 1363 4282 similis
1385 4217 1453 4282 lere
1474 4228 1524 4283 est
1545 4219 1611 4283 ista
1631 4218 1710 4285 lesa.
1733 4218 1784 4293 25,
1808 4216 1839 4281 9.
1882 4217 1969 4282 Eece
1990 4214 2084 4280 Deus
2105 4224 2218 4279 noster

228 4297 315 4381 quod
348 4294 428 4392 Dei·
451 4296 565 4360 faciem
605 4308 834 4378 repraesentet.
891 4298 1088 4367 (breamdote
1119 4321 1198 4385 ergo
1249 4303 1311 4381 hic,
1334 4304 1599 4386 exspectavimus
1619 4325 1693 4369 eum
1711 4316 1744 4369 et
1759 4302 1898 4368 salvabit
1912 4319 1989 4367 nos:
2010 4301 2066 4366 hie
2083 4299 2217 4376 Iehova,

231 4383 316 4459 Sion,
339 4381 455 4462 inquit,
479 4379 540 4478 hoc
558 4390 615 4457 est,
639 4390 763 4447 attente
780 4385 1016 4467 cirumspieitet
1038 4392 1198 4453 remeate
1248 4389 1509 4472 exspectavimus
1532 4411 1616 4456 eum.
1658 4393 1707 4457 Ac
1729 4391 1757 4457 si
1778 4389 1995 4473 profiteantur
2016 4385 2129 4452 fideles
2152 4404 2216 4451 non

229 4474 340 4546 turres,
359 4471 386 4530 et
402 4464 542 4531 studeam
557 4471 691 4564 1101111111
707 4469 860 4551 applicate
877 4470 921 4534 od
938 4471 1198 4539 reamandum
1248 4494 1318 4539 esse
1336 4473 1399 4540 sibi
1415 4475 1576 4540 incertum
1589 4475 1706 4556 Deum,
1730 4476 1782 4543 vel
1801 4495 1899 4562 quem
1917 4473 2052 4540 confusa
2064 4472 2216 4556 opinione

229 4555 299 4618 6116
324 4572 465 4617 maram:
496 4559 664 4615 aestimate
693 4573 752 4635 pro
780 4553 940 4637 dignitate
968 4557 1089 4638 palatia
1117 4559 1196 4641 eius,
1248 4559 1504 4642 apprehendant,
1529 4561 1586 4626 sed
1608 4565 1700 4629 cuius
1721 4564 1816 4630 firma
1836 4562 1917 4644 ipsis
1938 4568 2065 4626 constet
2086 4559 2215 4623 veritas

231 4640 279 4703 ita
306 4637 401 4703 facile
429 4635 588 4702 constabit
616 4637 730 4735 urbem
758 4659 828 4704 esse
858 4639 1016 4708 divinitus
1045 4642 1196 4709 electam:
1248 4647 1445 4711 Praedieant
1462 4656 1573 4711 antem
1590 4649 1702 4714 fideles
1716 4649 1825 4715 Deum
1841 4655 1997 4734 perpetuo
2012 4651 2216 4711 constantem

231 4725 308 4808 quia
339 4723 436 4805 longe
467 4741 566 4804 supra
599 4720 679 4787 alias
706 4744 819 4790 omnes
847 4727 996 4792 emineat
1046 4728 1132 4793 Nam
1161 4730 1197 4793 in
1248 4734 1316 4798 fore
1343 4732 1380 4795 in
1408 4732 1568 4797 servanda
1598 4735 1742 4813 ecclesia,
1771 4745 1809 4801 11
1830 4757 1867 4801 se
1888 4733 2062 4798 hortentur
2083 4751 2121 4797 ae
2142 4750 2215 4796 con·

230 4810 292 4875 hoe
320 4819 407 4873 10116
434 4817 485 4874 661
513 4818 551 4872 11
579 4818 734 4890 appareat
764 4810 904 4892 qualitas
929 4812 986 4878 illa
1007 4822 1040 4878 et
1061 4833 1199 4897 persona
1248 4818 1381 4883 firment
1420 4817 1461 4881 ad
1497 4820 1699 4902 pergendum
1730 4822 1765 4885 in
1799 4824 1953 4887 continuo
1984 4817 2061 4883 fidei
2093 4827 2214 4882 tenore.

231 4915 295 4977 qua
323 4893 485 4959 Dominus
513 4892 748 4979 lerosolymam
775 4895 944 4963 induerat:
974 4919 1047 4964 eam
1074 4900 1135 4966 sibi
1162 4901 1197 4965 in
1250 4902 1346 4983 Quod
1368 4903 1516 4985 proxime
1537 4907 1682 4987 sequitur
1703 4909 1897 4983 membrum,
1920 4904 2051 4971 videtur
2072 4901 2216 4987 exegeti-

1250 5009 1325 5055 oum
1357 5009 1444 5065 esse,
1475 4988 1612 5055 Deducat
1640 5012 1697 5058 nos
1726 4994 1769 5058 cd
1797 5000 1937 5060 1110111111.
1988 4991 2098 5056 Deum
2130 4989 2215 5054 enim

317 5115 345 5183 .)
362 5117 402 5169 lae
418 5116 495 5182 filies,
514 5132 548 5170 m
564 5133 668 5186 mm:
687 5134 721 5172 ou
740 5118 824 5173 vinea
1250 5074 1312 5139 sibi
1340 5072 1402 5139 hoo
1429 5074 1528 5141 verbo
1557 5088 1726 5143 aeternum
1754 5078 1870 5144 ducem
1898 5099 1935 5144 ae
1957 5074 2126 5144 custodem
2147 5074 2215 5141 iore

284 5183 332 5280 'x
363 5189 462 5264 metten
479 5192 571 5264 vostre
588 5202 679 5253 coeur,
696 5202 729 5241 ea
747 5203 853 5257 rumpe:
869 5204 904 5243 01
910 5203 1015 5313 grener
1027 5189 1090 5244 bien
1105 5189 1198 5260 garde.
1249 5160 1445 5258 Pfqmillllssl
1472 5161 1594 5263 filiolas.
1646 5163 1840 5264 Quen-quam
1869 5186 1935 5266 non
1963 5155 2155 5248 intelligunt
2181 5180 2214 5227 111

364 5268 472 5321 nequer
489 5271 506 5306 a
522 5254 549 5307 le
566 5261 647 5322 mort,
666 5270 700 5311 111
715 5270 822 5327 serpe:
839 5256 909 5313 111
956 5257 1092 5314 l'enfmee.
1248 5243 1312 5311 Der
1334 5246 1568 5329 gubernatione
1589 5259 1716 5316 tantum
1738 5252 1856 5319 mhao
1872 5262 1942 5318 vrta
1962 5250 2152 5330 lore-tutos,
2181 5254 2215 5314 11
