4658 5856
164 367 228 435 010
753 335 755 339 ’
1016 368 1314 438 0010111011.
2096 371 2163 438 seo

165 559 309 642 gratuita
340 556 603 624 reconciliatione
635 556 769 641 pendet,
802 557 919 641 spiritu
953 557 1138 642 adoptionis
1187 558 1368 625 liberaliter
1390 580 1496 644 agere,
1518 559 1661 626 Hebraei
1679 558 1848 642 11011ξο1110
1865 562 2029 645 principes
2051 583 2091 646 ap
2135 562 2159 626 l-

165 667 223 710 1100
253 644 337 727 regi:
367 664 404 710 ae
433 644 462 709 si
490 642 583 710 Deus
611 652 769 726 tanquam
798 641 883 709 filios
912 645 945 709 in
975 644 1049 710 sinu
1079 666 1138 711 suo
1188 643 1267 725 lant,
1296 659 1436 730 namq.
1481 645 1559 711 Ideo
1586 644 1671 711 docti
1700 647 1849 712 homines
1877 649 2065 713 existimant
2093 582 2160 713 Dea-

165 752 224 797 nos
253 730 387 795 foveret.
434 728 521 809 Quia
549 750 627 813 ergo
656 728 792 812 spiritus
817 729 868 795 sui
890 728 1137 813 participatione
1189 731 1297 797 videm
1321 731 1373 799 hio
1395 734 1482 816 loqui
1500 732 1675 813 despicite
1688 730 1863 816 princepali
1881 732 1934 798 vel
1953 734 2052 818 regio,
2075 734 2160 801 sicut

165 837 232 883 non
262 814 418 900 dignatur
446 815 509 881 nisi
540 836 621 898 quos
643 814 758 899 diligit,
789 826 822 882 et
843 815 879 880 in
901 816 970 881 suis
992 827 1137 899 reputat:
1189 815 1803 898 011οω610001ἡγεμονικὸν10110111111.
1827 817 2036 902 Competeret
2050 829 2158 884 autem

165 901 237 968 ideo
258 899 378 978 David,
409 910 447 967 ut
468 912 599 965 maneat
619 901 654 964 in
677 902 879 985 possessione
901 901 1045 986 spiritus,
1074 901 1138 967 sibi
1188 901 1269 968 haec
1291 905 1434 985 precatio
1452 905 1486 968 in
1505 922 1676 986 personam
1697 903 1843 982 Doridis,
1864 905 1916 969 cui
1934 925 2066 970 necesse
2084 905 2158 982 fuit,

165 987 348 1070 adoptionis
375 987 516 1073 gratiam
545 1006 678 1052 manere
700 986 826 1052 salvam
848 987 946 1070 cupit,
975 987 1051 1070 quia
1073 987 1137 1052 nisi
1188 1008 1288 1071 quum
1322 1011 1381 1055 rer
1409 998 1540 1055 creatus
1568 1000 1663 1070 esset,
1692 988 1821 1055 heroica
1850 991 1970 1055 virtute
1998 990 2158 1056 excellere

165 1073 273 1140 locum
303 1072 451 1139 obtineat
479 1073 566 1138 inter
588 1071 653 1137 Dei
681 1072 777 1152 filios,
807 1072 888 1137 nihil
912 1071 973 1139 sibi
996 1071 1137 1156 amplius
1188 1073 1229 1139 ad
1266 1076 1508 1158 exsequendum
1543 1096 1636 1140 suum
1672 1096 1800 1140 munus.
1857 1074 1929 1141 Etsi
1963 1088 2070 1141 autem
2105 1075 2158 1142 hic

165 1158 332 1226 residuum
354 1159 422 1224 fore
443 1158 545 1224 videt.
589 1158 692 1224 Porro
717 1158 869 1243 colligere
891 1178 932 1224 ex
955 1159 1006 1223 his
1028 1157 1137 1223 verbis
1188 1180 1304 1226 sensus
1334 1160 1415 1225 mihi
1438 1182 1502 1225 non
1527 1160 1692 1243 displicet,
1720 1183 1780 1227 nec
1803 1161 1887 1225 male
1909 1161 2059 1245 quadrat,
2087 1161 2157 1226 lon·

166 1246 252 1327 lieet,
281 1245 431 1327 quamvis
452 1245 614 1310 0111100010
635 1254 745 1310 essent
768 1244 802 1308 in
824 1266 862 1310 eo
885 1245 1021 1327 spiritus
1043 1244 1136 1324 dona,
1188 1245 1263 1329 gius
1293 1255 1404 1311 tamen
1436 1246 1519 1311 bano
1541 1248 1737 1311 sententiam
1758 1245 1909 1325 extendo,
1939 1246 2025 1331 quod
2048 1247 2157 1313 David

166 1353 232 1398 non
262 1337 371 1396 1011101
400 1329 500 1395 fuisse
528 1329 564 1394 in
593 1337 698 1396 totum
727 1330 844 1397 ablata.
896 1331 941 1395 Et
969 1339 1056 1397 certe
1085 1351 1137 1394 res
1187 1353 1222 1397 se
1244 1331 1369 1415 peccati
1391 1332 1591 1416 mancipium
1614 1350 1804 1415 agnoscens,
1833 1343 1865 1396 et
1888 1347 1979 1398 reatu
2001 1352 2060 1398 suo
2082 1353 2157 1399 con·

166 1417 237 1502 ipsa
269 1416 412 1482 ostendit
443 1436 509 1481 non
542 1415 645 1481 fuisse
678 1416 863 1482 exinanitae
896 1414 988 1481 dotes
1017 1413 1136 1499 quibus
1187 1417 1332 1495 strictus,
1364 1418 1404 1482 ad
1433 1417 1572 1483 liberum
1604 1417 1695 1483 illum
1726 1429 1759 1483 et
1788 1418 1974 1483 ultroneum
2004 1418 2155 1502 spiritum

167 1502 413 1586 antepollebat,
439 1501 1136 1585 nequeenimiutereadestititpraeclare
1186 1501 1341 1586 adspiret,
1364 1524 1384 1568 a
1405 1525 1469 1586 quo
1491 1504 1560 1569 iere
1582 1503 1755 1570 exciderat.
1801 1502 1887 1583 Quia
1910 1505 1996 1569 enim
2020 1525 2054 1569 se
2083 1525 2155 1587 pec·

167 1590 255 1675 regis
282 1589 388 1654 officio
418 1587 527 1671 iungi,
556 1586 707 1671 precibus
735 1597 768 1653 et
789 1586 861 1653 aliis
886 1586 1018 1669 pietatis
1040 1607 1134 1651 exer·
1186 1598 1259 1655 cato
1298 1589 1557 1672 mancipaverat,
1601 1588 1681 1655 illud
1721 1589 1958 1655 inaestimabile
1997 1588 2157 1655 libertatis

166 1675 252 1741 citiis
280 1674 480 1753 incumbere,
509 1673 678 1757 vitamque
706 1693 798 1738 suam
828 1674 970 1738 formare
999 1671 1040 1736 ad
1072 1672 1133 1737 Dei
1185 1672 1309 1739 donum
1326 1675 1455 1740 nonnisi
1476 1674 1633 1759 singulari
1646 1676 1709 1741 Dei
1720 1675 1826 1760 gratia
1837 1695 2029 1758 recuperare
2040 1677 2153 1759 potuit.

165 1762 300 1829 cultum.
351 1758 512 1842 Quamvis
544 1779 623 1841 ergo
653 1758 689 1823 in
718 1779 783 1824 una
812 1767 904 1842 parte
933 1756 1135 1841 stupefactus

165 1859 260 1931 esset,
292 1867 357 1912 uon
387 1857 458 1912 erat
489 1854 600 1911 tamen
621 1845 787 1912 coniectus
809 1846 844 1909 iu
865 1843 1039 1928 reprobum
1062 1865 1135 1909 sen·
1272 1845 1323 1911 15.
1345 1844 1464 1913 Docebo
1492 1845 1654 1911 sederetur
1679 1845 1751 1910 viee
1776 1850 1857 1923 1000,
1886 1851 1915 1910 01
1942 1845 2037 1930 impii
2066 1847 2109 1912 cd
2128 1852 2156 1910 te

166 1955 248 1999 sum.
292 1933 337 1998 Et
364 1954 443 1999 sane
471 1951 539 1997 non
568 1939 635 1996 tam
665 1929 759 1997 facile
786 1940 819 1994 01
847 1928 955 1996 subito
977 1950 1134 2012 experge·
1184 1936 1405 1999 concedentur.
1462 1931 1510 1996 16.
1545 1930 1661 1996 Libero
1696 1950 1745 1994 mc
1775 1952 1797 1996 a
1828 1931 2036 2015 eoaeaiaibus
2056 1931 2152 2005 Deae.

163 2019 267 2086 iactus
299 2029 384 2085 esset
417 2016 458 2083 ad
489 2015 748 2100 obiurgationem
781 2015 957 2099 prophetae
989 2013 1133 2092 Nathan,
1184 2016 1274 2084 Deus
1301 2016 1390 2082 solus
1415 2037 1510 2101 meae,
1538 2014 1721 2083 0100111111
1742 2035 1811 2081 eam
1832 2016 1932 2082 101110
1953 2017 2064 2101 diripite
2086 2037 2152 2082 meo

164 2104 227 2170 nisi
256 2103 419 2170 oecultum
447 2102 576 2168 timoris
597 2100 662 2168 Dei
692 2121 803 2167 semen
833 2101 984 2166 latuisset
1005 2101 1039 2164 111
1062 2100 1134 2166 01110
1183 2103 1339 2170 1001111011
1368 2109 1464 2168 tuom.
1517 2100 1725 2168 1111011110
1750 2101 1835 2167 lobio
1863 2123 1932 2167 mea
1961 2103 2099 2183 aperies,
2127 2108 2155 2168 et

164 2192 282 2255 auimo.
316 2188 402 2254 Nam
441 2188 505 2254 uod
523 2209 628 2271 nuper
643 2188 792 2270 0111111011
809 2187 965 2266 innovari,
982 2195 1133 2270 precatus
1184 2208 1340 2256 eamcam
1357 2189 1556 2255 0110111011
1576 2188 1702 2253 oedem
1722 2192 1819 2253 tuom.

163 2286 222 2354 est,
243 2274 398 2359 restringi
420 2210 731 2357 101010110110111.
765 2271 860 2355 Quae
877 2272 1026 2338 doctrina
1043 2272 1133 2338 utilis
1476 2292 1480 2299 ·

163 2373 213 2427 est
241 2361 388 2446 cognitu:
418 2359 494 2443 quia
516 2359 602 2426 docti
624 2360 757 2443 quidam
779 2358 929 2424 homines
950 2356 1133 2424 inconside·
1270 2358 1320 2425 15.
1343 2357 1477 2445 (Docebo
1494 2357 1679 2444 sceleratos)
1712 2359 1776 2426 Hic
1794 2380 1828 2425 00
1847 2356 1919 2423 1)οο
1938 2369 2068 2444 gratum
2087 2359 2154 2424 iore

163 2460 233 2513 1010
256 2455 381 2531 putant,
407 2445 492 2512 siin
515 2455 682 2528 peccatum
704 2445 842 2510 mortale
859 2443 1012 2509 labantur
1029 2441 1133 2524 electi,
1184 2446 1351 2529 promittit,
1374 2446 1402 2510 si
1424 2445 1522 2511 fuerit
1544 2444 1733 2511 exauditus:
1762 2453 1795 2509 et
1817 2445 1957 2510 lruotum
1980 2464 2059 2511 suae
2080 2465 2153 2528 gra·

162 2533 329 2618 exstingui
358 2531 392 2598 in
415 2531 481 2597 illis
503 2529 567 2597 Dei
595 2531 757 2615 spiritum,
786 2536 820 2594 et
840 2529 975 2594 alienari
1003 2526 1132 2594 aDeo:
1184 2530 1333 2596 titudinis
1361 2542 1603 2610 commemorat,
1632 2551 1749 2614 nempe
1779 2551 1814 2595 00
1844 2529 1997 2595 daturum
2023 2550 2152 2613 operam

162 2639 262 2702 quum
284 2619 404 2685 Petrus
430 2616 518 2682 clare
546 2617 700 2682 affirmet:
730 2615 879 2681 Verbum
908 2635 971 2698 quo
993 2614 1133 2698 regeniti
1184 2627 1222 2681 ut
1242 2637 1302 2683 suo
1323 2617 1474 2700 exemplo
1497 2617 1553 2682 alii
1576 2615 1779 2699 resipiscant.
1814 2616 1858 2679 Et
1873 2626 1960 2680 certe
1975 2636 2041 2680 uon
2057 2614 2152 2680 modo

162 2726 284 2782 sumus,
313 2724 383 2770 esse
405 2723 518 2769 semen
539 2698 792 2784 incorruptibile,
816 2701 846 2764 1.
868 2701 956 2766 Petr.
981 2699 1010 2777 1,
1036 2699 1078 2765 23
1099 2707 1134 2765 et
1184 2701 1247 2768 boo
1278 2702 1471 2785 praescribit
1502 2700 1648 2768 caritatis
1680 2702 1809 2785 regula,
1843 2713 1881 2765 ut
1913 2722 2046 2767 manum
2080 2700 2154 2765 aliis

161 2790 328 2855 Iohannes
355 2789 453 2855 etiarn
481 2788 594 2854 doceat
623 2786 757 2853 retineri
786 2785 905 2852 electos
934 2805 977 2849 ne
999 2806 1132 2868 prorsus
1185 2788 1355 2871 porrigant
1376 2789 1430 2871 qui
1452 2789 1551 2853 erecti
1574 2800 1651 2851 sunt
1673 2805 1692 2851 a
1714 2787 1871 2852 Domino:
1894 2784 1951 2852 sed
1973 2786 2038 2853 huc
2056 2788 2152 2851 etiam

163 2875 325 2955 excidant,
351 2875 379 2939 1.
401 2872 518 2938 Iobau.
540 2872 571 2953 3,
593 2873 624 2939 9.
670 2873 758 2954 Ergo
787 2871 938 2955 quamvis
966 2869 1132 2935 interdum
1183 2874 1351 2956 impellere
1372 2894 1428 2939 eos
1450 2872 1545 2939 debet
1566 2873 1697 2955 pietatis
1714 2872 1856 2938 studium
1875 2883 1907 2937 et
1924 2871 2012 2938 aelus
2030 2872 2154 2955 gloriae

163 2960 255 3027 Deus
284 2980 339 3026 eos
366 2958 496 3026 obiiciat
517 2958 551 3024 iu
575 2957 726 3043 speeiem,
753 2978 820 3022 non
842 2964 952 3022 tamen
975 2957 1020 3020 ita
1041 2955 1132 3021 exuit
1184 2958 1257 3035 Dei,
1281 2967 1318 3024 ut
1338 2979 1460 3036 omnes,
1483 2970 1641 3043 quantum
1664 2958 1699 3022 in
1721 2979 1756 3024 se
1779 2976 1837 3035 est,
1860 2956 2003 3024 eiusdem
2027 2958 2154 3041 gratiae

162 3046 257 3114 donis
284 3045 451 3125 omuibus,
484 3045 562 3128 quin
593 3042 725 3110 taudem
753 3051 910 3128 appareat
938 3062 1003 3107 non
1030 3041 1132 3108 fuisse
1183 3044 1357 3128 participes
1378 3044 1509 3110 10010111.
1548 3044 1619 3109 Iam
1642 3064 1720 3109 suae
1742 3043 1906 3111 doetrinae
1928 3043 2153 3109 conversionis

160 3134 293 3216 penitus
313 3131 490 3208 abdicatos,
513 3130 693 3213 etiamque
711 3129 905 3211 temporsin
923 3126 1132 3211 illiegratiae
1183 3130 1334 3196 effectum
1355 3128 1547 3215 adiungens,
1565 3129 1687 3195 laboris
1704 3131 1754 3195 sui
1773 3129 1951 3213 proiectum
1971 3149 2006 3195 00
2021 3149 2153 3212 sperare

161 3219 256 3303 signa
289 3236 357 3282 uon
385 3217 566 3301 fulgebant.
610 3214 649 3283 Si
669 3216 743 3299 quie
763 3214 909 3298 obiiciat,
943 3213 1132 3279 dubitanter
1183 3215 1333 3282 ostendit.
1384 3216 1457 3282 Etsi
1490 3216 1578 3281 enim
1606 3214 1714 3280 surdis
1747 3235 1843 3299 saepe
1872 3214 1982 3280 fabula
2013 3216 2152 3293 canitur,

160 3304 249 3388 loqui
270 3301 443 3385 Davidem,
471 3325 508 3368 ao
531 3302 560 3368 si
581 3301 705 3386 privari
727 3310 889 3366 metueret
912 3300 975 3364 Dei
997 3300 1131 3382 spiritu:
1182 3304 1260 3366 dum
1283 3300 1453 3367 studemus
1477 3301 1513 3367 iu
1536 3301 1624 3367 viam
1648 3320 1800 3367 revocare
1822 3312 1983 3366 errantes:
2014 3321 2080 3364 non
2103 3314 2150 3363 ta·

161 3387 357 3472 respondeo,
388 3387 516 3466 fideles,
553 3408 653 3470 quum
688 3396 879 3469 peccarunt,
913 3387 1029 3450 meritc
1060 3407 1130 3451 0000
1181 3410 1257 3453 men
1280 3408 1407 3470 semper
1429 3385 1573 3453 ludimus
1595 3407 1735 3469 operam,
1768 3388 1845 3470 quia
1867 3384 2031 3450 Dominus
2054 3386 2152 3451 verbo

161 3476 292 3553 auxios,
322 3475 398 3557 quia
428 3474 642 3556 repudiarunt
671 3482 829 3555 quantum
858 3471 892 3534 in
923 3493 958 3535 00
988 3482 1037 3535 001
1066 3470 1130 3536 Dei
1180 3493 1239 3540 suo
1263 3473 1432 3539 benedicit.

160 3560 316 3645 gratiam:
346 3558 464 3624 debere
491 3569 600 3624 tamen
630 3559 665 3623 in
693 3557 755 3622 hoc
785 3555 921 3621 articulo
944 3557 1128 3640 consistere,
1268 3558 1317 3624 16.
1341 3557 1470 3643 (Libero
1490 3557 1563 3644 me.)
1605 3557 1693 3623 Hinc
1722 3569 1858 3642 apparet
1880 3577 1978 3639 quam
2000 3555 2151 3622 nonsibi

160 3646 237 3730 quia
269 3665 381 3712 00111011
415 3642 477 3709 Dei
510 3642 754 3727 incorruptibile
787 3652 853 3720 est,
894 3642 1032 3724 gratiam
1067 3664 1129 3724 qua
1179 3644 1344 3710 blanditus
1375 3645 1417 3709 sit
1445 3643 1570 3721 David,
1600 3654 1635 3707 et
1662 3664 1759 3727 quam
1791 3642 1927 3706 arduum
1956 3643 2151 3708 sustinuerit

183 3731 300 3798 raediti
324 3730 426 3797 semel
448 3731 589 3812 fuerunt,
618 3748 787 3812 nunquam
808 3747 904 3810 posse
926 3747 1128 3793 evanescere.
1179 3741 1344 3797 certamen
1377 3750 1452 3795 oum
1487 3729 1664 3794 terroribus
1697 3729 1827 3808 mortis,
1862 3727 1945 3810 quod
1981 3729 2077 3793 toties
2111 3727 2150 3792 ad

160 3755 217 3886 iio
247 3817 357 3882 David
387 3826 555 3900 peccatum
585 3835 681 3881 suum
710 3823 876 3897 reputans,
909 3811 1026 3878 timore
1055 3833 1129 3895 per·
1179 3815 1354 3899 petendam
1377 3817 1506 3881 veniam
1528 3813 1674 3879 10011111.
1709 3812 1807 3894 Quod
1828 3813 2000 3896 sanguinea
2018 3813 2150 3897 quidam

158 3903 268 3971 01110110
297 3904 375 3967 fuit:
403 3923 445 3965 ex
475 3901 621 3985 opposito
643 3910 753 3965 tamen
784 3899 908 3975 statuit,
938 3898 1014 3980 quia
1041 3919 1129 3964 unus
1179 3922 1239 3984 pro
1262 3898 1850 3983 1111010000101111000001111101οι
1869 3899 2151 3978 cladeexercitue,

159 3999 231 4054 erat
259 4009 301 4052 ex
322 3985 385 4051 Dei
414 3985 502 4066 filiis,
530 3986 615 4069 quod
644 4007 702 4051 sua
726 3984 821 4068 culpa
842 3983 1037 4068 perdiderat,
1067 3985 1128 4051 sibi
1179 3986 1273 4054 cuius
1299 3986 1360 4052 sibi
1383 3987 1531 4052 conscius
1551 3994 1621 4050 erat
1644 3982 1764 4062 David,
1792 3985 1874 4050 mibi
1897 4005 1961 4050 non
1983 3984 2149 4068 probatur.

159 4073 267 4140 adhue
287 4091 428 4138 manere.
1180 4072 1264 4138 Nam
1297 4072 1374 4155 quia
1407 4091 1464 4153 per
1493 4069 1670 4155 sanguines
1699 4070 1841 4137 Hebraei
1871 4069 2009 4153 quodvis
2042 4069 2148 4137 scelus

246 4157 296 4223 14.
319 4155 473 4241 (1100111110
493 4155 595 4237 miii.)
637 4154 765 4222 Iterum
795 4155 912 4239 repetit
933 4156 1072 4221 moerori
1094 4177 1129 4222 00
1179 4158 1318 4242 capitale
1335 4156 1532 4240 significant,
1554 4156 1660 4238 potius
1679 4155 1820 4232 videtur,
1839 4177 1875 4222 00
1893 4157 2008 4221 mortis
2026 4155 2147 4240 suppli·

159 4244 228 4311 fore
246 4241 421 4319 addictum,
440 4241 540 4307 donec
558 4261 671 4324 pacem
689 4262 765 4307 cum
775 4240 848 4305 Deo
867 4241 964 4305 tuerit
981 4239 1127 4327 adeptus,
1179 4244 1228 4311 cio
1250 4242 1425 4308 obnoxium
1448 4241 1563 4320 iacere,
1587 4251 1625 4305 ut
1647 4240 1798 4306 ostendat
1820 4244 1949 4308 unicam
1971 4241 2034 4307 sibi
2057 4261 2146 4325 spem

159 4342 194 4397 et
213 4339 301 4398 00110
323 4328 422 4392 nimis
440 4326 562 4410 stupidi
581 4337 659 4393 sunt
676 4329 730 4410 qui
749 4324 821 4391 Deo
839 4325 967 4390 1111011οο
985 4329 1127 4409 quietem
1180 4338 1303 4395 restare
1336 4328 1371 4391 in
1400 4325 1465 4390 Dei
1493 4326 1724 4392 misericordia.
1777 4327 1908 4393 10011110
1936 4336 2047 4392 autem
2077 4326 2147 4403 Dei,

159 4416 220 4483 sibi
241 4413 335 4480 indul
360 4426 425 4477 eut.
470 4411 576 4477 Docet
597 4432 675 4496 ergo
697 4410 807 4476 David
830 4411 890 4476 sibi
913 4411 1036 4476 nullam
1060 4415 1128 4478 fore
1179 4435 1276 4499 quam
1295 4433 1329 4479 00
1347 4431 1423 4479 cum
1439 4411 1541 4477 iubilo
1560 4412 1798 4477 celebraturum
1817 4412 1904 4494 dicit,
1925 4431 1984 4496 pro
2003 4413 2147 4479 bonitate

158 4503 300 4586 quietem
331 4434 433 4564 1101100
462 4497 619 4580 affrrlgeat
645 4507 801 4581 paternus
829 4495 894 4562 Dei
923 4497 1022 4563 favor.
1067 4497 1128 4565 Se·
1179 4500 1343 4582 accipitur.
1387 4496 1501 4580 Neque
1528 4498 1614 4561 enim
1644 4498 1787 4563 iustitiae
1807 4499 1959 4582 elogium,
1988 4505 2027 4564 ut
2048 4498 2146 4583 vulgo

158 4587 303 4655 cundum
331 4581 514 4650 membrum
544 4582 658 4648 eodem
682 4583 824 4665 pertinet
852 4603 916 4664 quo
945 4585 1128 4666 superiores
1179 4594 1307 4668 putant,
1330 4581 1485 4648 tribuitur
1502 4580 1574 4647 Deo
1596 4584 1681 4664 quod
1703 4583 1829 4667 rigidus
1850 4584 1894 4648 sit
1911 4583 1952 4649 ad
1969 4603 2146 4667 exsequen-

159 4673 223 4740 duo
243 4693 365 4749 versus,
388 4690 430 4735 ue
450 4667 573 4734 scilicet
592 4679 732 4732 exuatur
750 4668 885 4749 spiritus
902 4670 1005 4732 sancti
1024 4667 1128 4746 donis,
1179 4671 1253 4736 dam
1286 4667 1476 4747 vindictam,
1505 4668 1560 4732 sed
1590 4668 1697 4750 potius
1717 4668 1805 4751 quod
1826 4670 1860 4732 in
1883 4667 2054 4735 servandis
2076 4690 2147 4753 pro·

159 4759 214 4826 sed
245 4766 374 4824 maneat
402 4757 438 4820 111
469 4753 534 4819 11110
564 4755 700 4836 integer.
745 4752 786 4817 Iu
817 4751 924 4818 verbis
947 4753 1057 4837 aliqua
1078 4763 1128 4820 est
1178 4754 1288 4820 11110010
1318 4761 1352 4817 01
1380 4752 1502 4817 tuenda
1530 4772 1665 4817 suorum
1692 4754 1796 4818 salute
1823 4754 1928 4820 fidelis
1958 4755 2011 4836 sit,
2045 4774 2147 4838 neque

159 4844 369 4929 ambiguitas:
402 4862 479 4906 nam
512 4837 650 4904 verbum
681 4849 831 4922 *mon
862 4835 993 4920 quidam
1026 4841 1127 4905 inter·
1178 4859 1321 4923 unquam
1344 4839 1479 4903 miseros
1501 4839 1649 4902 homines
1671 4837 1848 4905 frustretur
1870 4841 2054 4925 quicunque
2078 4841 2147 4905 eius

159 4944 267 5013 pretes
299 4928 419 4993 volunt
447 4947 518 4991 esse
551 4926 667 4990 tertiae
702 4943 871 5006 personae,
903 4922 979 5005 quia
1007 4944 1126 4990 nomeu
1177 4946 1271 5009 opem
1302 4924 1485 5005 implorant.
1530 4923 1704 4988 Caeterum
1735 4926 1789 4990 ubi
1820 4924 1908 5010 dicit,
1940 4925 2030 4993 Deua
2059 4926 2150 4992 Dae

159 5029 227 5097 m
259 5014 452 5080 femininum
487 5020 551 5077 est:
585 5010 694 5093 itaque
728 5019 876 5088 vertunt,
909 5009 1042 5090 spiritus
1075 5032 1127 5076 me
1177 5010 1291 5078 00110110
1322 5029 1426 5088 meac,
1459 5009 1571 5075 subest
1605 5011 1637 5072 in
1673 5009 1733 5074 hac
1762 5013 1954 5094 repetitione
1983 5012 2150 5096 emphasis

160 5101 313 5167 stabiliat.
360 5097 425 5165 Sed
455 5097 535 5163 haec
565 5095 739 5162 diversitas
768 5092 871 5177 quoad
900 5114 1033 5161 sensum
1062 5118 1127 5161 uon
1178 5107 1237 5162 aut
1271 5096 1493 5160 vehementia:
1530 5093 1618 5158 unde
1650 5095 1748 5158 etiam
1782 5097 1983 5180 colligimus,
2023 5096 2149 5182 trepide

159 5188 269 5269 magni
299 5194 350 5250 est
378 5183 544 5249 momenti.
587 5182 669 5248 Plus
698 5189 748 5248 est
769 5178 970 5245 difficultatis
999 5181 1034 5245 in
1058 5181 1127 5263 epi·
1178 5200 1308 5264 semper
1337 5188 1372 5245 et
1399 5201 1472 5247 cum
1503 5181 1600 5244 anxio
1624 5181 1748 5262 gemitu
1768 5194 1940 5266 reputasse
1962 5183 2041 5267 quid
2063 5197 2149 5250 esset

159 5271 250 5337 theto
281 5283 417 5354 mm:
450 5289 527 5334 nam
560 5288 661 5350 quum
694 5265 831 5334 verbum
861 5277 937 5347 252
964 5267 1128 5352 significet
1178 5264 1385 5349 promeritus.
1438 5265 1574 5330 Interim
1608 5266 1654 5328 ita
1684 5286 1719 5331 00
1748 5269 1973 5350 inquietudine
2002 5270 2149 5355 torqueri
