4658 5856
957 336 1174 406 PSALMUS
1195 336 1330 402 XVIII.
2086 341 2148 406 170
2232 430 2242 447 .

246 527 349 579 nauso
366 524 483 592 adiutus,
500 540 638 592 uunquam
656 526 781 593 superior
797 526 900 579 fuisset.
937 526 1036 578 Multas
1052 541 1117 594 ergo
1141 532 1145 589 ζ
1170 546 1205 589 se
1228 545 1332 607 nsque
1355 525 1531 592 ambitione
1553 524 1654 590 fuisse
1677 526 1854 608 impulsum
1877 526 1917 591 ad
1940 526 2022 592 haec
2039 540 2145 593 certa·

247 602 276 716 {l
293 594 411 674 insignes
428 593 558 673 pictoriae
576 594 698 691 ²d⁰llf¹³r
718 611 772 647 ⁰⁰¹¹
790 594 841 646 sibi
859 594 1117 676 (ursolentprofsni
1142 594 1144 659 l
1170 610 1269 692 mina,
1300 610 1416 693 quibus
1445 611 1592 694 graviter
1620 613 1790 692 perculsus
1819 613 1890 689 fuit,
1919 634 2023 696 neque
2049 615 2144 678 malis

267 661 565 729 ommes)tr1umplrum
584 668 669 716 camt.
693 664 741 715 sed
764 663 851 715 Deum
868 663 977 715 ullarum
995 668 1117 715 autorem
1142 702 1144 711 .

247 731 326 783 iustis
344 729 472 782 encomiis
490 730 616 782 celebret.
653 730 776 782 Psalmus
793 747 859 799 0‘80
878 730 922 783 hie
938 731 1046 783 initium
1065 738 1115 795 m,
1170 695 1294 759 artibus
1307 706 1436 778 praeter
1447 697 1496 760 las
1507 696 1682 779 quidquam
1695 706 1853 761 tentasse:
1874 698 1929 762 sad
1942 699 2144 782 praeluxisse

248 815 337 867 quom
391 796 614 850 iflceDavidtam
630 799 658 851 in
673 813 757 866 regno
776 814 825 851 suo
843 799 1017 867 auspicando,
1037 815 1117 866 qnam
1141 848 1143 859 ,
1170 780 1232 844 Del
1263 781 1465 846 mandatum.
1516 779 1612 861 Quod
1643 781 1736 846 nobis
1765 783 1897 865 cognitu
1928 805 1993 847 non
2025 803 2142 865 parum

247 868 275 920 in
293 872 358 919 tuen
378 882 394 919 o
417 866 475 918 eins
499 869 573 918 statu
591 866 778 919 admirabilem
796 867 847 919 Dei
865 867 981 935 gratiam
1000 867 1116 919 extollit⁴
1142 872 1144 883 '
1168 865 1248 929 utile
1278 876 1336 942 est,
1365 888 1407 930 ῃθ
1429 867 1670 930 immunitatem
1700 887 1869 949 speremus
1899 868 1940 933 ab
1962 868 2051 932 omni
2073 889 2142 932 mo.

246 936 350 1056 gffi}
363 934 495 1055 iffifflffil
518 934 545 986 ³¹¹
565 950 647 1000 ‘⁰⁸⁰⁰
666 951 714 987 ⁸¹¹⁰
732 936 920 988 adumbratam
939 935 1022 1015 tuine
1035 936 1116 1014 *regni
1141 1008 1143 1039 ἶ
1168 949 1272 1023 lestia,
1291 949 1346 1014 ubi
1365 953 1534 1033 sequimur
1551 962 1724 1016 vocantem
1736 951 1856 1030 Deum,
1881 952 1937 1017 sod
1956 973 2017 1018 nos
2035 954 2141 1035 potius

255 1092 260 1102 .
417 1018 516 1070 ⁸¹¹¹⁰¹¹¹'
536 1008 566 1054 π
583 1011 706 1083 mmm
723 1004 825 1084 fideles,
844 1020 967 1084 ‘minim
985 1016 1071 1083 ¹¹²v3⁹⁰
1090 1010 1118 1055 θῇ
1168 1035 1208 1099 ad
1238 1035 1352 1100 duram
1387 1037 1537 1100 militiam
1594 1056 1732 1100 aremus.
1776 1038 1867 1102 Ero
1903 1040 1988 1103 servi
2023 1058 2142 1103 nomen

247 1072 395 1125 reluctante
419 1077 477 1123 toto
499 1069 608 1132 mundo,
632 1070 769 1124 (lhrsstum
787 1072 944 1136 ungredrbulr
961 1072 1053 1125 Patres
1071 1088 1118 1140 po·
1139 1104 1144 1203 p
1168 1119 1208 1183 ad
1233 1119 1397 1202 publicum
1419 1142 1539 1186 munus
1561 1058 1622 1185 ἕω
1644 1121 1714 1185 loco
1736 1121 1786 1206 (ut
1808 1059 1905 1206 Βξθρθ
1927 1122 2016 1207 alibi)
2042 1126 2142 1188 refer-

246 1140 333 1193 tentia
351 1154 458 1206 semper
475 1138 532 1190 lore
550 1139 689 1192 victorem.

321 1282 327 1293 Ι
1141 1210 1144 1277 l
1168 1218 1239 1269 tur:
1264 1206 1359 1272 sicuti
1379 1227 1481 1288 quum
1500 1207 1728 1289 prophetaret
1747 1207 1884 1290 apostoli
1903 1229 1937 1273 se
1948 1209 2012 1272 Dei
2031 1229 2142 1273 servos

230 1294 259 1356 1.
285 1291 453 1373 Praefecto
473 1293 558 1356 serui
580 1290 714 1356 setosae
729 1291 878 1370 Doridis,
901 1293 956 1373 qur·
977 1293 1119 1357 recitauit
1140 1288 1144 1375 l
1169 1299 1297 1369 vocant,
1325 1313 1363 1356 ac
1385 1293 1411 1355 si
1436 1292 1559 1357 diceret
1580 1312 1615 1355 se
1644 1311 1710 1355 non
1739 1313 1810 1357 esse
1841 1314 1952 1377 regem
1986 1295 2142 1374 aseipso

144 1377 276 1442 lamae
292 1376 637 1456 murmurabatur,
655 1377 1118 1459 diequoeumleltoccsripait
1141 1380 1143 1415 ¹
1168 1385 1329 1455 creatum,
1365 1376 1422 1441 sed
1456 1377 1612 1441 divinitus
1652 1376 1800 1442 electum.
1861 1377 1999 1443 Interim
2041 1379 2143 1461 digna

142 1482 276 1528 emota
297 1463 436 1527 manium
457 1460 589 1526 muium
611 1464 690 1541 siaa
714 1467 741 1526 st
763 1484 778 1526 e
800 1483 898 1526 mona
922 1462 1042 1527 Sosiis.
1140 1434 1143 1521 l
1167 1464 1342 1527 observatu
1364 1471 1414 1525 est
1436 1462 1506 1525 eius
1528 1460 1697 1541 modestia,
1725 1462 1811 1544 quod
1842 1470 1892 1528 tot
1915 1465 2061 1529 victoriis
2085 1484 2141 1527 no·

1140 1524 1143 1621 l
1168 1547 1252 1623 bilis,
1276 1554 1324 1609 tot
1346 1548 1493 1629 gentium
1517 1546 1665 1625 domitor,
1692 1558 1783 1611 tanta
1813 1547 1973 1630 dignitate
2002 1558 2035 1613 et
2061 1569 2141 1629 opu·

228 1631 301 1696 Non
333 1651 448 1714 parurn
478 1630 519 1695 ad
542 1651 610 1695 rem
634 1631 712 1696 facit
733 1632 890 1713 temporis
913 1632 1045 1706 notatio,
1080 1639 1115 1694 ut
1140 1626 1143 1663 ³
1167 1632 1270 1698 lentia
1292 1632 1471 1713 praeditus,
1494 1650 1558 1695 non
1583 1632 1646 1696 alio
1669 1652 1765 1714 quam
1787 1635 1874 1698 servi
1893 1633 1957 1698 Dei
1979 1634 2083 1716 elogio
2106 1653 2141 1695 se

140 1717 281 1784 mamus
305 1714 467 1780 Davidem
490 1716 589 1780 rebus
618 1718 740 1797 pacatis
769 1737 834 1779 non
865 1717 1050 1781 luxuriasse
1079 1716 1113 1779 in
1139 1736 1142 1801 p
1166 1718 1316 1800 insignit:
1348 1736 1385 1781 ao
1414 1718 1440 1782 si
1471 1717 1532 1782 hoo
1561 1719 1649 1781 omni
1679 1717 1790 1781 mundi
1815 1719 2014 1801 praestantia
2036 1719 2142 1800 magis

141 1801 231 1868 ebria
254 1801 394 1866 laetitia:
419 1801 516 1866 sicuti
539 1800 665 1882 prolani
690 1801 849 1880 homines,
879 1803 934 1867 ubi
963 1801 1040 1866 data
1065 1811 1114 1866 est
1138 1824 1141 1871 l
1167 1802 1382 1867 honorificum
1405 1810 1563 1879 censeret,
1586 1802 1727 1867 fideliter
1749 1824 1867 1868 munus
1886 1805 1988 1868 aDeo
2011 1804 2139 1868 iniunc-

139 1888 206 1952 illis
239 1908 257 1949 a
291 1886 387 1951 malis
419 1885 586 1963 relaxatio,
620 1906 757 1951 excussa
789 1887 1020 1952 beneficiorum
1051 1887 1113 1950 Dei
1138 1882 1141 1973 l
1166 1900 1236 1952 tum
1258 1887 1387 1952 obiisse.

138 1971 906 2138 armelausaretrituratur,
920 1971 1141 2121 tulisset
1251 2024 1282 2087 2.
1312 2022 1356 2087 e
1512 2022 1659 2105 val
1686 2028 1714 2088 a
1740 2022 1857 2089 aa
1882 2023 2033 2104 folo
2058 2044 2138 2091 a.

836 2163 929 2207 mm
969 2142 1105 2205 historia
1137 2130 1140 2191 1
1165 2109 1195 2172 3.
1208 2107 1325 2173 lebona
1340 2114 1434 2190 petra
1454 2128 1534 2186 asco,
1556 2109 1692 2173 messuro
1713 2128 1792 2191 meo,
1815 2113 1844 2173 et
1865 2109 2013 2174 liberator
2034 2130 2136 2174 mats:

1107 2193 1112 2218 ¹
1137 2216 1140 2277 p
1166 2192 1255 2259 Deus
1276 2213 1372 2275 meus,
1393 2213 1488 2275 rupea
1508 2212 1586 2271 oreo,
1620 2193 1751 2274 sperabo
1768 2194 1804 2258 ia
1824 2213 1874 2257 eo:
1894 2196 2019 2276 clypeus
2039 2215 2138 2273 meus,

1164 2283 1311 2342 demna
1330 2278 1447 2343 edatis
1468 2298 1562 2355 meae,
1585 2278 1744 2359 refugiam
1765 2299 1875 2343 meum.

138 2142 278 2228 gloriam
315 2139 498 2206 obscurant.
554 2140 669 2204 Refert
708 2142 795 2206 enirn

138 2248 239 2311 quum
262 2228 326 2290 iam
349 2233 456 2290 aetate
479 2226 546 2289 fere
568 2227 733 2291 confectus
756 2239 851 2305 esset,
877 2225 1114 2308 defunctusque

138 2311 292 2377 omnibus
324 2309 483 2377 molestiis
515 2311 645 2391 quietus
678 2311 821 2387 sederet,
863 2313 1018 2377 cecinisse
1052 2312 1114 2376 hoo

138 2399 301 2464 canticum
328 2395 481 2472 Domino,
515 2396 545 2459 2.
578 2394 667 2461 Sam.
697 2397 750 2461 22.
780 2398 894 2478 capite.
948 2398 1114 2461 Convenit
1250 2398 1280 2462 2.
1304 2395 1348 2460 Et
1368 2396 1461 2460 dixit.
1506 2396 1578 2479 Ego
1601 2395 1654 2461 hio
1677 2395 1730 2458 vel
1760 2396 1912 2479 syllabas,
1944 2398 1995 2462 vel
2018 2418 2140 2479 pancas

137 2482 235 2548 etiam
259 2480 526 2564 inscriptIohaec,
550 2501 645 2561 quam
671 2503 735 2544 non
758 2495 880 2545 temera
898 2482 999 2547 fuisse
1016 2502 1114 2563 appo·
1166 2502 1260 2546 voces
1293 2482 1453 2546 curiosius
1486 2501 1553 2544 non
1582 2500 1769 2562 persequar,
1802 2482 1836 2544 in
1869 2482 1986 2563 quibus
2015 2482 2140 2548 abhoc

137 2567 245 2645 sitam,
268 2588 309 2631 ex
331 2566 403 2630 istis
426 2565 607 2629 rationibus
628 2566 820 2649 colligimus.
865 2568 1010 2649 Tempus
1033 2587 1112 2632 vero
1136 2548 1140 2605 ¹
1165 2568 1298 2631 Psalmo
1321 2566 1431 2630 differt
1449 2566 1613 2630 canticum
1632 2565 1712 2629 illud
1733 2565 1816 2647 quod
1836 2567 1865 2630 2.
1881 2565 1968 2631 Sam.
1990 2568 2138 2633 refertur.

138 2652 297 2734 designat,
319 2660 490 2733 postquam
513 2670 588 2714 eum
602 2650 692 2715 Deus
709 2652 876 2734 eripuerat
898 2651 939 2715 ab
960 2651 1112 2718 omnibus
1163 2653 1312 2716 'Pontum
1325 2653 1353 2716 si
1366 2651 1452 2734 quod
1468 2651 1602 2715 maioris
1621 2651 1778 2715 momenti
1797 2659 1945 2716 occurrat
1964 2652 2138 2717 discrimen

137 2737 288 2813 inimicis,
311 2744 348 2799 ut
369 2736 511 2800 sciamus
530 2748 610 2800 tuno
628 2756 762 2818 prorsus
780 2736 991 2819 tranquillam
1012 2738 1111 2802 luisse
1136 2742 1139 2813 ξ
1164 2758 1223 2801 suo
1256 2737 1327 2802 loco
1359 2737 1594 2820 perstringam:
1637 2735 1734 2800 sicuti
1774 2736 1927 2801 notabilis
1960 2746 2009 2801 est
2041 2737 2140 2802 huius

136 2823 233 2905 regni
255 2822 500 2904 possessionem,
533 2828 567 2885 at
599 2841 665 2885 non
700 2822 810 2896 semel,
845 2844 950 2903 neque
978 2824 1011 2886 in
1044 2843 1111 2887 uno
1135 2826 1138 2879 l
1163 2822 1346 2887 sententiae
1378 2822 1526 2886 omissio:
1561 2819 1709 2903 Diligam
1742 2830 1774 2884 te
1809 2822 1949 2885 Domine
1982 2821 2139 2887 fortitudo

136 2913 269 2971 tantum
302 2904 444 2969 hostiurn
479 2925 598 2988 genere
630 2906 741 2971 Deum
775 2907 821 2970 illi
860 2928 953 2988 opem
988 2907 1109 2983 tulisse,
1163 2928 1246 2972 mea.
1291 2908 1406 2982 Porro,
1435 2908 1511 2989 quia
1533 2905 1668 2970 verbum
1692 2917 1775 2989 om
1798 2927 1862 2970 non
1886 2907 1948 2971 nisi
1971 2907 2005 2971 in
2028 2909 2139 2972 coniu-

136 3012 239 3075 quum
269 2989 420 3055 subinde·
435 2999 674 3055 renovarentur
702 2992 889 3067 certamina,
914 2992 991 3056 finis
1015 2994 1111 3057 unius
1163 2994 1295 3076 gations
1324 2991 1412 3074 pihel
1444 2992 1606 3074 scriptura
1637 3003 1775 3073 usurpat
1805 3011 1863 3073 pro
1893 2989 2057 3074 Diligere:
2087 2992 2140 3057 hie

136 3076 215 3142 belli
247 3077 379 3139 initium
409 3084 493 3139 esset
515 3076 669 3142 alterius:
707 3077 773 3140 imo
794 3097 891 3160 saepe
913 3078 1110 3160 multiplices
1164 3088 1273 3142 autem
1307 3078 1452 3159 positum
1486 3085 1536 3141 est
1569 3077 1603 3138 ln
1636 3075 1864 3158 coniugatione
1895 3077 1962 3152 cal,
1996 3076 2139 3141 Hebraei

138 3162 251 3244 copiae
281 3160 439 3226 adversus
469 3181 542 3224 oum
574 3172 756 3244 surgerent.
808 3162 875 3226 Vix
904 3163 992 3226 enim
1022 3165 1110 3244 qnis-
1135 3178 1138 3213 ἰ
1163 3161 1296 3245 quidam
1324 3162 1582 3244 interpretantur
1610 3160 1866 3224 misericordiam
1900 3181 2065 3242 quaerere,
2102 3181 2140 3226 ac

136 3266 235 3329 quam
264 3246 349 3309 alius
375 3247 558 3327 reperietur
586 3266 605 3308 a
628 3246 748 3310 mundo
771 3260 888 3327 creato,
917 3268 1013 3329 quem
1043 3258 1109 3311 tam
1136 3224 1138 3283 Ι
1164 3249 1191 3311 si
1214 3245 1351 3310 dixisset
1370 3246 1488 3323 David,
1510 3244 1653 3308 Domine
1675 3244 1806 3325 quando
1835 3252 1868 3309 te
1896 3244 2138 3310 misericordem

139 3332 229 3396 varie
259 3333 442 3395 exercuerit
482 3332 582 3394 Deus.
638 3330 702 3395 Sed
733 3333 809 3412 quia
838 3353 912 3396 eum
946 3331 1111 3397 crudelius
1136 3288 1139 3389 l
1163 3352 1236 3396 sum
1249 3331 1343 3395 toties
1355 3339 1520 3413 expertus,
1540 3344 1697 3412 perpetuo
1709 3331 1742 3393 in
1753 3339 1826 3393 tuas
1839 3329 2078 3394 misericordias
2090 3350 2138 3394 re·

158 3436 233 3480 uam
256 3416 372 3498 reliqui
395 3435 516 3492 omnes,
539 3417 727 3497 maioreque
749 3417 858 3480 furore
882 3428 913 3479 et
932 3418 1112 3498 pertinacia
1136 3408 1140 3505 Ι
1164 3416 1325 3494 cumbam,
1360 3424 1457 3496 atque
1491 3415 1571 3480 haec
1604 3415 1736 3497 quidem
1766 3415 1926 3498 expositio
1956 3435 2020 3479 non
2052 3415 2138 3479 male

135 3437 218 3567 goul
251 3510 469 3583 persequutus
502 3501 625 3564 fuerat:
653 3500 726 3564 ideo
760 3501 881 3566 diserte
915 3503 1113 3585 exprimitur
1137 3528 1140 3635 p
1164 3500 1351 3583 quadraret:
1376 3501 1464 3565 nolui
1488 3512 1598 3565 tamen
1621 3499 1661 3563 ab
1685 3498 1787 3564 altera
1805 3500 1910 3582 magis
1928 3508 2058 3582 recepta
2077 3499 2139 3565 dis·

139 3587 211 3651 eius
233 3606 364 3667 nomen,
393 3605 497 3667 quum
528 3587 619 3667 prius
642 3586 804 3669 generalis
826 3584 913 3651 facta
934 3596 1022 3652 esset
1043 3608 1111 3651 om·
1163 3584 1286 3651 cedere.
1331 3585 1520 3650 Notandum
1545 3606 1621 3648 vero
1644 3593 1702 3664 est,
1728 3604 1871 3649 amorem
1894 3584 1958 3649 Dei
1982 3596 2138 3667 tanquam

139 3672 230 3736 nium
262 3670 404 3735 hostium
431 3672 563 3734 mentio.
607 3670 722 3753 Neque
745 3671 831 3736 enim
856 3680 1020 3754 postremo
1042 3673 1112 3737 loco
1136 3680 1139 3719 ¹
1164 3672 1375 3754 praecipuum
1397 3671 1526 3753 pietatis
1548 3680 1648 3753 caput
1670 3670 1723 3734 hic
1753 3670 1846 3751 poni:
1876 3671 1953 3751 quia
1981 3669 2073 3733 nulla
2101 3690 2138 3733 re

138 3756 274 3840 ponitur
303 3755 395 3838 quasi
426 3767 512 3819 esset
542 3757 713 3834 recentior,
744 3757 799 3837 qui
822 3759 886 3820 iam
910 3764 987 3821 ante
1009 3775 1112 3823 annos
1165 3757 1281 3820 melius
1310 3757 1428 3819 colitur
1457 3755 1558 3819 Deus.
1607 3755 1727 3819 Fateor
1756 3755 1887 3836 quidem
1917 3755 2137 3818 Reverentiae

138 3841 271 3907 circiter
298 3842 436 3923 triginta
466 3851 614 3904 mortuus
636 3852 714 3918 crat,
745 3842 877 3905 aculus
898 3850 1004 3906 morte
1025 3863 1113 3908 com·
1137 3840 1140 3979 p
1164 3842 1297 3906 nomine
1329 3841 1435 3923 magis
1464 3840 1604 3923 exprimi
1635 3860 1730 3921 quem
1754 3839 1801 3902 illi
1825 3839 1980 3902 debemus
2002 3838 2135 3914 cultum,

138 3925 249 4009 plures
282 3934 413 3989 exteros
446 3924 555 3989 hostes
584 3926 804 3990 debellaverat
833 3927 902 4008 ipse
927 3925 1046 4004 David,
1081 3936 1113 3991 et
1164 3936 1200 3991 ut
1230 3926 1265 3989 in
1294 3946 1353 3991 suo
1384 3924 1489 4008 gradu
1519 3924 1662 3987 emineat
1684 3925 1755 3987 eins
1779 3925 1949 3988 maiestas:
1980 3923 2036 3988 sed
2059 3925 2136 4005 quia

138 4010 396 4077 coniurationem
419 4009 480 4073 filii
502 4009 658 4074 Absalom
681 4012 893 4075 exstinxerat.
925 4009 1012 4091 Quia
1034 4031 1112 4095 ergo
1136 3998 1140 4093 l
1164 4009 1247 4074 nihil
1277 4010 1381 4091 magis
1411 4010 1548 4091 requirit
1576 4030 1674 4092 quam
1705 4021 1741 4071 ut
1766 4029 1879 4073 omnes
1901 4007 2008 4072 cordis
2030 4010 2135 4072 nostri

140 4097 288 4179 apprime
310 4094 395 4159 hanc
414 4115 485 4158 esse
507 4095 748 4159 memorabilem
763 4096 826 4159 Dei
849 4096 988 4180 gratiam
1014 4118 1112 4160 nove·
1136 4104 1140 4233 Ι
1163 4096 1300 4158 affectus
1312 4093 1485 4178 possideat,
1504 4093 1633 4157 nullum
1651 4094 1682 4156 ei
1700 4095 1922 4174 praestantius
1940 4094 2134 4159 sacrificium

1136 4242 1139 4293 l

139 4192 208 4263 rat,
241 4179 326 4263 qnod
357 4201 415 4263 per
449 4190 496 4241 tot
529 4200 633 4243 annos
666 4182 706 4244 ab
737 4181 919 4245 innumeris
952 4183 1111 4246 mortibus
1164 4192 1224 4258 ost,
1246 4199 1345 4261 quam
1368 4181 1422 4243 ubi
1446 4178 1589 4243 liberalis
1611 4188 1645 4242 et
1666 4179 1837 4259 spontanei
1860 4179 1981 4242 amoris
2004 4179 2135 4243 vinculo

140 4266 269 4348 elapsus
300 4273 401 4330 essct:
430 4266 496 4327 imo
516 4273 592 4345 quot
615 4265 682 4329 lere
704 4265 772 4329 dias
795 4265 855 4330 sub
877 4286 978 4347 regno
1001 4265 1111 4331 Saulis
1164 4286 1221 4328 nos
1252 4264 1312 4328 sibi
1341 4263 1508 4326 devinctos
1537 4274 1642 4326 tenet:
1675 4263 1769 4326 sicuti
1799 4264 1942 4328 vicissim
1973 4284 2134 4345 nusquam

139 4358 356 4432 transegerat,
388 4348 524 4413 totidem
559 4368 594 4413 so
626 4351 792 4413 miraculis
821 4351 921 4414 luisse
951 4349 1111 4416 divinitus
1136 4350 1138 4373 '
1162 4348 1289 4431 melius,
1320 4369 1416 4430 quam
1446 4351 1479 4411 in
1510 4349 1654 4430 gratuita
1683 4348 1835 4424 bonitate,
1867 4349 1936 4412 eius
1959 4349 2062 4431 gloria
2085 4367 2135 4411 ra-

140 4433 355 4518 redemptum,
381 4456 446 4499 non
469 4433 539 4498 sine
562 4453 662 4499 eausa
683 4435 853 4516 praecipue
875 4434 972 4498 huius
994 4435 1110 4501 libera·
1134 4448 1138 4505 l
1162 4434 1274 4516 fulget.
1318 4433 1397 4497 Ideo
1427 4434 1534 4497 Moses
1564 4432 1663 4496 Deut.
1698 4433 1749 4511 10,
1778 4434 1818 4498 12
1852 4454 2012 4497 summam
2054 4433 2136 4513 legis

140 4522 238 4586 tionis
261 4520 428 4584 historiam
450 4519 601 4584 celebrat.
637 4518 770 4583 Seruum
787 4520 851 4582 Dei
869 4540 904 4583 se
927 4521 1111 4600 nominans,
1135 4516 1138 4587 l
1162 4519 1314 4601 colligere
1346 4519 1470 4591 volens,
1522 4518 1628 4593 Nunc,
1662 4517 1778 4601 inquit,
1813 4517 1913 4582 lsrael
1949 4516 2025 4599 quid
2054 4538 2073 4579 a
2103 4524 2136 4579 te

140 4606 181 4670 da
209 4625 269 4670 sua
299 4605 467 4669 vocatione
497 4603 583 4667 haud
615 4603 711 4669 dubie
734 4604 848 4669 testari
871 4604 994 4668 voluit:
1023 4627 1060 4670 oc
1083 4608 1109 4670 si
1134 4600 1137 4637 ³
1161 4605 1241 4686 petit
1264 4604 1428 4667 Dominus
1449 4602 1551 4681 Deus,
1573 4604 1636 4666 nisi
1659 4611 1696 4666 ut
1717 4604 1824 4685 ipsum
1849 4602 1989 4685 diligas?
2021 4600 2135 4680 Quan-

139 4702 276 4775 negaret
298 4710 333 4754 se
355 4701 477 4753 temere
498 4689 662 4753 involasse
683 4690 716 4751 in
737 4710 885 4773 regnum,
907 4687 963 4753 sed
981 4699 1108 4754 tantum
1134 4728 1136 4751 l
1161 4709 1258 4770 quam
1283 4688 1381 4753 simul
1396 4690 1538 4752 ostendit
1553 4686 1671 4763 David,
1695 4709 1729 4753 ee
1751 4709 1815 4753 non
1840 4690 1886 4751 ita
1908 4686 2042 4751 affixum
2065 4706 2137 4750 esse

138 4776 202 4842 Dei
225 4776 357 4840 oraculo
380 4775 533 4856 paruisse.
578 4773 670 4838 Haec
699 4782 808 4838 autem
830 4775 865 4837 in
889 4783 938 4837 tot
960 4776 1109 4856 procellis
1134 4770 1136 4829 3
1160 4773 1226 4838 Dei
1259 4774 1434 4848 beneficiis,
1469 4784 1505 4837 ut
1535 4774 1570 4836 in
1604 4781 1751 4837 autorem
1786 4776 1828 4837 sit
1856 4773 2015 4854 ingratus,
2048 4770 2135 4853 quod

139 4861 284 4925 maxime
306 4861 488 4925 necessaria
517 4859 656 4923 fultura:
687 4861 751 4921 imo
779 4860 813 4922 in
847 4859 1026 4942 naufragiis
1056 4860 1109 4924 hic
1133 4856 1136 4927 l
1159 4859 1277 4924 vitium
1299 4859 1448 4924 omnibus
1471 4859 1609 4925 sacculis
1635 4858 1697 4923 luit
1725 4858 1863 4921 nimium
1892 4855 2040 4937 vulgare.
2091 4856 2137 4920 Et

139 4948 255 5011 unicus
278 4953 392 5028 portus
414 4944 483 5019 luit,
514 4944 573 5008 sibi
603 4943 643 5007 de
673 4943 806 5007 coelesti
834 4944 988 5008 mandato
1011 4946 1109 5027 probe
1161 4943 1257 5009 hodic
1280 4944 1428 5009 videmus
1451 4951 1489 5006 ut
1510 4944 1614 5008 maior
1643 4964 1719 5024 pars
1749 4940 1874 5018 mundi,
1905 4940 2052 5022 neglecto
2081 4941 2136 5004 vel

139 5051 210 5096 esse
223 5031 398 5095 conscium.
433 5028 523 5093 Nihil
541 5030 628 5092 caim
647 5030 680 5092 in
700 5027 796 5092 rebus
815 5029 959 5092 adversis
979 5030 1110 5093 homine
1132 5006 1136 5121 l
1160 5029 1346 5113 posthabito
1368 5029 1451 5106 Deo,
1481 5029 1627 5093 suaviter
1656 5028 1691 5091 in
1722 5028 1791 5090 eius
1814 5024 1907 5089 donis
1930 5045 1965 5089 se
1987 5025 2135 5090 oblectet.

139 5116 301 5194 miserius,
341 5117 368 5179 si
411 5114 533 5197 ingenii
571 5114 621 5178 sui
662 5122 752 5177 motu
793 5113 967 5177 discrimen
1000 5116 1107 5180 subiit.
1134 5113 1270 5183 :David
1306 5122 1416 5176 aut-em
1451 5134 1492 5177 ne
1526 5114 1560 5175 in
1591 5112 1676 5177 hanc
1704 5106 1976 5193 ingratitudinem
2007 5108 2137 5189 incidat,

139 5201 275 5284 Optimo
301 5201 411 5283 itaqua
439 5198 573 5264 consilio
597 5198 704 5264 David
728 5206 883 5263 testatum
903 5220 975 5263 esse
995 5200 1108 5279 voluit,
1134 5216 1136 5228 ¹
1161 5197 1213 5264 his
1236 5198 1345 5263 verbis
1366 5199 1459 5280 quasi
1482 5207 1651 5280 nuncupat
1673 5195 1808 5261 solenne
1838 5204 1962 5274 votum,
1984 5195 2136 5273 Domine,
