4658 5856
116 308 176 373 133
944 306 1161 376 Pssttws
1183 308 1283 375 XIII.
1922 352 1930 367 ·
2046 315 2107 381 134

111 497 256 563 dolorum
277 500 501 580 quotidianum
523 501 735 583 coniungens,
766 500 888 565 iontem
912 499 1010 563 huius
1032 501 1082 563 in·
1107 515 1111 535 ··
1136 499 1249 563 mortis
1271 498 1415 565 tenebris
1437 502 1547 565 statim
1570 500 1612 565 iri
1634 500 1807 567 obrutum:
1831 525 1868 570 eo
1890 524 1926 569 se
1947 503 2012 567 iam
2034 524 2107 570 esso

110 582 310 667 quietudinis
340 582 498 667 designat.
544 587 629 651 Nam
659 584 752 652 siouti
775 586 811 649 in
834 586 955 650 morbis
977 584 1082 651 sentis
1106 578 1110 653 l
1134 585 1227 666 quasi
1256 585 1451 663 exanimem,
1489 586 1555 651 nisi
1584 585 1750 654 Dominus
1780 588 1927 673 vigorem
1955 590 2106 671 inspiret.

110 682 269 751 superent
287 671 412 752 aegroti
430 671 470 734 ad
489 672 619 756 singula
638 684 804 737 momenta
821 672 926 734 lotum
937 682 1082 735 mutare:
1106 674 1110 749 l
1134 670 1222 735 Hine
1262 692 1339 736 vero
1376 672 1469 736 nobis
1502 671 1589 736 vitae
1621 672 1750 749 fldueia,
1790 675 1876 758 quod
1906 674 1984 742 litet
2016 674 2105 741 mille

110 770 144 819 et
170 774 236 837 quo
258 755 366 821 uerius
388 756 516 821 dolores
537 770 667 841 urgent,
697 756 803 839 magis
824 755 927 821 subiti
949 770 1029 821 suut
1049 767 1082 821 et
1132 769 1254 820 mortes
1275 754 1370 824 nohis
1391 757 1535 822 intentet
1555 758 1708 838 mundus,
1743 771 1851 825 tamen
1874 770 1925 827 est
1945 761 1980 825 in
2002 781 2104 826 manu

110 840 227 905 fervidi
260 840 300 905 sd
332 861 436 906 novos
472 856 579 909 motus
609 856 666 906 aut
696 842 908 907 mutationes:
947 844 995 907 sio
1025 843 1080 907 ubi
1133 839 1197 906 Dei
1221 841 1308 907 ritae
1330 854 1463 908 nostrae
1483 842 1688 908 instauratio.

108 928 235 991 animos
256 937 393 1009 oooupat
415 926 515 1006 dolor,
538 940 711 1011 raptantur
733 928 844 994 miseri
864 926 1022 1005 homines,
1043 948 1108 1019 ao,
1217 926 1248 992 5.
1277 925 1343 1013 (Ne
1363 928 1488 1011 quaudo
1515 928 1600 994 ditat
1619 929 1792 1018 inimicata.)
1835 930 1961 997 Iterum
1984 931 2106 1014 repetit

107 1012 175 1077 illis
205 1012 312 1078 levius
344 1028 394 1077 est
427 1016 497 1078 sins
533 1018 679 1097 prolaeta
713 1035 749 1080 se
783 1015 938 1089 erueiare,
983 1033 1079 1095 quam
1132 1011 1217 1093 quod
1241 1013 1280 1077 de
1303 1013 1446 1080 hoedum
1468 1014 1622 1096 snperbia
1639 1036 1747 1099 nuper
1764 1017 1908 1082 dixerat:
1931 1015 2104 1101 indiguum

107 1096 231 1163 sedatis
256 1105 291 1162 et
317 1100 435 1180 quietis
459 1101 577 1165 animis
598 1098 686 1164 mela
707 1120 767 1164 soa
789 1100 922 1182 perpeti.
967 1097 1080 1179 Quan-
1131 1098 1255 1164 soilieet
1272 1119 1352 1176 esse,
1371 1110 1410 1165 ut
1430 1097 1521 1164 Dens
1538 1120 1672 1165 servum
1691 1123 1789 1166 sunm
1806 1103 1916 1184 impiis
1931 1101 2103 1170 ridendum

106 1204 205 1265 quam
229 1193 341 1248 antem
364 1184 527 1251 Dominus
549 1187 701 1269 spiritum
721 1185 847 1250 oonsilii
870 1184 1021 1250 fidelibus
1044 1204 1080 1249 se
1132 1185 1290 1266 propinat.
1334 1185 1441 1250 Erant
1469 1194 1580 1249 autem
1609 1188 1703 1266 quasi
1732 1189 1767 1251 in
1795 1187 1943 1253 exuubiis
1965 1187 2106 1254 Davidis

108 1270 265 1333 daturum
287 1270 451 1352 promittit
472 1269 549 1353 (Ios.
574 1272 624 1348 19,
646 1269 705 1357 20)
728 1291 795 1335 non
818 1279 927 1335 umen
950 1290 1079 1352 semper
1131 1267 1251 1343 hostes,
1273 1282 1312 1335 ut
1334 1270 1483 1335 ludibriis
1505 1272 1747 1337 inseotarentur
1768 1273 1839 1339 aius
1862 1276 2001 1339 ruinam.
2041 1273 2104 1339 At·

105 1356 214 1436 ipsum
243 1356 277 1418 in
309 1355 414 1437 primo
437 1358 575 1422 artieulo
598 1357 795 1440 suppeditet,
828 1356 883 1420 sed
907 1357 998 1436 qussi
1021 1376 1079 1438 per
1130 1358 1183 1436 qni
1206 1376 1307 1439 quum
1330 1356 1499 1439 proprium
1521 1356 1586 1420 Dei
1608 1358 1652 1421 sit
1670 1379 1799 1437 munus,
1820 1379 2026 1441 oompesoere
2043 1361 2104 1424 im·

104 1440 270 1505 flexuosas
311 1440 465 1525 ambages
501 1443 542 1506 ad
573 1455 703 1526 tempus
733 1443 913 1507 disourrere
944 1442 1077 1524 patitur,
1130 1442 1304 1522 proborum
1323 1442 1531 1525 proterviam,
1554 1443 1683 1524 quoties
1700 1443 1732 1506 in
1753 1443 1821 1509 suis
1839 1443 2014 1510 seeleribus
2032 1445 2103 1528 glo·

104 1526 158 1590 vel
188 1526 362 1608 perplexos
392 1527 479 1592 iuter
500 1530 610 1611 spinas
633 1530 776 1594 haerere.
820 1540 906 1611 omi
928 1528 1076 1592 nonnulli
1130 1526 1267 1603 riantur,
1289 1525 1406 1592 merito
1430 1527 1523 1591 atali
1543 1528 1699 1592 iaetantia
1712 1529 1814 1594 areeri
1827 1528 1970 1611 postulat
1982 1529 2101 1596 David.

104 1631 163 1693 pro
185 1623 256 1676 toto
278 1611 331 1677 die
352 1613 532 1695 aoeipiunt:
555 1616 612 1679 sed
635 1614 717 1679 mihi
739 1615 846 1695 potius
865 1615 970 1678 notari
989 1613 1079 1679 vide-
1129 1610 1195 1678 Sed
1225 1613 1406 1678 notandum
1440 1626 1500 1695 est,
1536 1633 1615 1677 suae
1644 1615 1844 1698 integritatis
1873 1614 1972 1698 probe
2002 1616 2102 1680 luisse

103 1712 158 1760 tur
195 1698 259 1762 alia
296 1696 481 1777 assiduitas,
518 1720 635 1782 nempo
672 1700 758 1785 quod
796 1699 934 1781 singulis
963 1699 1077 1765 diebus
1128 1699 1304 1776 eonsoium,
1327 1717 1364 1763 at
1387 1700 1506 1764 fretum
1531 1700 1627 1763 etiam
1650 1719 1768 1765 oausae
1790 1702 1972 1782 aequitate:
1995 1715 2030 1764 ut
2052 1704 2099 1766 in·

102 1797 251 1849 reourrat
268 1782 371 1848 dolor.
394 1783 433 1847 ln
452 1786 517 1849 line
534 1807 652 1851 versus
671 1783 759 1851 alind
778 1785 901 1850 malum
919 1783 1076 1866 deplorat,
1128 1783 1261 1867 dignum
1291 1797 1378 1849 esset
1413 1798 1509 1866 atque
1538 1784 1717 1849 absurdum
1747 1788 1852 1851 deseri
1882 1789 1917 1850 in
1946 1787 2098 1868 paritulo,

102 1869 189 1951 quod
230 1868 410 1933 adversarii
449 1869 604 1938 audatius
644 1872 813 1947 insultent,
850 1873 929 1935 dum
966 1871 1074 1953 ipsum
1127 1882 1160 1934 et
1190 1870 1230 1935 ab
1259 1871 1407 1935 hostibus
1435 1870 1584 1953 opprimi.
1629 1870 1741 1952 Quare
1767 1881 1846 1936 tuno
1868 1871 2000 1936 demum
2023 1893 2096 1938 uum

103 1953 220 2020 vident
247 1955 401 2020 diuturno
435 1956 594 2040 languore
624 1978 758 2039 prorsus
789 1956 914 2022 oonlioi.
965 1956 1075 2021 Pluri·
1127 1975 1165 2020 eo
1195 1957 1288 2022 nobis
1317 1957 1501 2022 eommunis
1529 1957 1593 2020 erit
1615 1956 1695 2022 haee
1717 1958 1872 2040 prosatio,
1901 1960 1929 2022 si
1950 1956 2011 2023 sub
2035 1958 2098 2023 Dei

103 2060 194 2105 mum
218 2056 326 2105 autem
349 2041 382 2105 in
407 2044 559 2123 praeibas
581 2044 671 2107 valet
693 2043 773 2108 haee
794 2042 887 2119 ratio,
910 2043 986 2123 quia
1003 2041 1074 2106 Deo
1126 2043 1263 2122 imperio
1285 2058 1318 2104 ot
1340 2044 1493 2124 auspioiis
1516 2043 1704 2120 militamus,
1728 2057 1764 2106 ut
1788 2064 1846 2108 nos
1867 2043 2000 2108 sineere
2022 2043 2097 2109 hos·

103 2126 186 2190 nibil
215 2125 326 2191 minus
355 2137 404 2191 est
439 2127 608 2192 tolerabile
644 2130 708 2193 ista
738 2128 861 2194 erudeli
890 2127 1074 2205 insolentia,
1126 2138 1174 2191 tes
1213 2142 1385 2210 nequeant,
1426 2128 1505 2211 quin
1544 2127 1584 2192 de
1623 2129 1693 2210 ipso
1730 2128 1803 2192 Deo
1840 2130 1958 2212 impios
1997 2136 2098 2213 agant

101 2211 180 2275 dum
210 2211 320 2277 hostes
349 2233 416 2278 non
446 2213 549 2278 solum
579 2214 720 2279 miseriis
742 2214 863 2280 nostris
885 2225 1073 2294 pascuntur,
1124 2212 1317 2295 triumphos.

102 2298 160 2362 sed
179 2318 243 2378 quo
265 2318 326 2362 nos
345 2301 451 2382 magis
473 2300 611 2380 deprimi
634 2299 757 2376 vident,
781 2320 819 2363 eo
841 2298 941 2363 altius
962 2301 1072 2364 insur-

102 2395 197 2466 gunt
1211 2385 1241 2450 6.
1263 2384 1334 2468 Ego
1356 2390 1458 2450 amen
1481 2387 1515 2448 ia
1536 2385 1667 2449 tondete
1688 2390 1743 2449 tuo
1764 2384 1900 2465 waddo:
1931 2385 2098 2450 madebit

1125 2490 1177 2535 eor
1198 2491 1299 2535 meum
1324 2472 1360 2536 iu
1387 2471 1487 2536 solute
1508 2476 1573 2551 tao,
1603 2469 1730 2535 eontobo
1752 2469 1897 2553 Domino,
1919 2473 1997 2552 qaia
2017 2471 2098 2536 miii

186 2555 217 2619 4.
247 2554 385 2635 Respice,
419 2556 569 2637 responde
603 2556 684 2621 milti
712 2556 828 2621 labora
855 2555 944 2621 Deus
971 2574 1071 2620 meta:
1125 2554 1280 2637 benefecit.

101 2640 251 2706 momine
273 2642 378 2706 moos
397 2661 492 2720 meos,
522 2662 561 2706 ne
581 2642 704 2723 quaudo
725 2641 882 2707 dormiam
908 2643 945 2706 iu
964 2645 1072 2706 morie.

99 2724 132 2792 5.
155 2726 207 2791 Ne
229 2728 355 2807 quondo
377 2726 461 2791 dieat
482 2727 632 2795 ιἰιίιιιίοιιε
652 2748 750 2810 mara,
777 2726 947 2809 praevulsa
967 2730 1074 2791 watra
1211 2728 1355 2792 Tametsi
1379 2728 1524 2792 nondum
1544 2729 1645 2794 sentit
1663 2726 1822 2810 propheta
1841 2736 2000 2809 quantum
2019 2747 2095 2810 pro·

100 2832 186 2877 eim:
207 2812 264 2894 qui
284 2832 332 2877 me
353 2812 512 2895 affligam,
525 2815 684 2879 exsulant
705 2815 736 2878 si
757 2813 867 2894 lapsae
887 2812 986 2895 fuero.
1126 2813 1239 2878 leoerh
1260 2814 1393 2891 orando,
1415 2834 1474 2896 sps
1496 2827 1606 2879 muron
1629 2813 1829 2878 liberationis
1851 2834 1892 2876 ex
1915 2811 2013 2878 verbo
2030 2812 2095 2879 Dei

1125 2909 1282 2981 oonoepta
1304 2901 1415 2974 fretus,
1438 2900 1508 2983 spei
1529 2900 1680 2982 elypeum
1700 2898 1933 2963 mutationibus
1951 2898 2095 2980 opponit,

184 2983 217 3049 4.
248 2982 404 3066 (mate
433 2985 608 3071 reaportde.)
659 2984 824 3065 Quoniam
847 2985 920 3048 ideo
943 2981 1074 3047 videtur
1126 3005 1263 3065 quarum
1298 2998 1422 3049 terrore
1458 2985 1588 3067 peroelli
1625 2996 1761 3067 poterat.
1821 2982 1981 3063 Quamvis
2015 3003 2095 3066 ergo

98 3068 192 3135 Dans
215 3090 281 3132 non
303 3070 451 3150 protinus
474 3073 632 3136 auxilium
655 3073 722 3135 suis
744 3070 839 3146 ferre,
862 3071 938 3152 quia
960 3087 1073 3133 eorum
1125 3070 1250 3135 duriter
1279 3082 1420 3154 angetur
1450 3092 1487 3136 ao
1516 3072 1638 3136 multae
1663 3090 1762 3135 auree
1789 3071 1894 3151 ipsum
1918 3068 1958 3133 ad
1981 3067 2095 3150 despe-

99 3155 311 3220 neoessitates
333 3175 398 3218 uon
419 3157 562 3237 rospioit,
584 3158 692 3239 priore
713 3157 784 3220 looo
806 3158 889 3237 petit
905 3152 1016 3218 David
1035 3163 1072 3216 ut
1125 3156 1283 3220 rationem
1317 3155 1502 3238 sollicitent,
1537 3177 1571 3221 se
1604 3170 1713 3219 temen
1747 3155 1781 3218 in
1815 3152 1936 3218 fidutia
1968 3156 2095 3237 gratiae

98 3242 253 3323 respioiat
281 3240 390 3305 Deus:
425 3242 578 3319 meando,
613 3255 650 3306 nt
677 3251 855 3306 streourrat
907 3239 1071 3304 Neutrum
1125 3240 1188 3304 Dei
1217 3253 1250 3304 et
1279 3241 1394 3306 salutis
1416 3252 1578 3306 staturum
1601 3239 1802 3323 pronuntiat.
1847 3238 1920 3304 Hae
1940 3258 2017 3303 vero
2039 3260 2093 3304 ea·

98 3325 231 3407 quidem
266 3326 300 3390 in
335 3324 407 3390 Deo
441 3329 533 3408 prius
563 3336 620 3391 aut
642 3327 804 3409 posterius
826 3334 891 3390 est:
925 3326 981 3389 sed
1004 3326 1070 3387 iam
1123 3327 1196 3390 dem
1236 3323 1354 3390 fiduoia
1391 3327 1552 3406 praeditos
1585 3326 1802 3407 suffultusque
1836 3345 1907 3389 esse
1939 3327 2094 3390 eonvenit

100 3414 191 3494 prius
202 3413 327 3478 dietum
346 3413 416 3487 fuit,
435 3413 629 3495 saepiusque
647 3412 711 3476 erit
722 3411 857 3493 posthae
874 3407 1070 3491 iterandum,
1122 3411 1193 3494 pios
1223 3430 1346 3492 omnes,
1376 3423 1414 3476 ut
1443 3414 1477 3476 in
1500 3413 1648 3494 preoibus
1671 3413 1732 3475 rite
1754 3420 1974 3493 perseverent,
2004 3408 2092 3475 unde

96 3498 251 3580 spiritum
281 3509 431 3563 sanetum
461 3499 613 3581 pretendi
637 3498 758 3562 formas
780 3496 821 3560 ad
843 3517 976 3561 sensum
998 3515 1070 3559 nos·
1121 3499 1219 3562 etiam
1249 3497 1431 3580 colligimus
1460 3498 1546 3580 quod
1574 3499 1664 3580 prius
1692 3496 1855 3574 admowi,
1884 3495 1949 3561 fids
1977 3515 2094 3580 appre-

98 3596 188 3647 trum
222 3583 298 3647 data
331 3603 431 3666 opera
468 3585 721 3648 aooommodare.
782 3582 855 3647 Nisi
895 3601 1070 3663 persuasus
1122 3581 1220 3647 hendi
1248 3582 1312 3647 Dei
1339 3585 1489 3667 gratiam,
1518 3605 1602 3667 quae
1630 3584 1737 3648 ournis
1760 3583 1879 3647 iudioio
1902 3582 2093 3648 absoondita

96 3669 213 3734 fuisset
233 3668 339 3734 David
358 3690 393 3733 se
411 3690 482 3735 esse
499 3668 560 3734 snb
578 3669 642 3734 Dei
661 3669 773 3751 oeulis,
795 3666 879 3733 nihil
897 3667 1070 3748 profuisset
1120 3681 1181 3733 est.
1225 3667 1424 3751 Quanquam
1452 3680 1563 3734 autem
1586 3690 1628 3734 ex
1651 3668 1789 3735 diversis
1812 3668 1984 3732 verborum
2008 3678 2091 3731 tem·

95 3755 137 3819 ad
171 3752 281 3819 Deum
314 3754 469 3820 elamore:
503 3755 560 3820 sed
598 3756 678 3820 haeo
710 3768 782 3820 erat
811 3753 887 3819 fidei
917 3753 1067 3835 oognitio.
1120 3755 1253 3835 poribus
1280 3755 1397 3820 elioere
1423 3754 1573 3822 diversos
1601 3776 1717 3820 sensus
1745 3753 1855 3818 lioeat:
1890 3773 1951 3835 ogo
1979 3765 2090 3817 mmen

95 3838 236 3905 Interim
256 3839 358 3905 donee
375 3861 411 3905 re
429 3842 499 3922 ipsa
517 3840 609 3905 Deus
628 3840 668 3904 ud
689 3839 916 3922 opitulandum
934 3858 1068 3902 manum
1121 3862 1184 3905 non
1207 3838 1320 3904 dubito
1343 3840 1420 3922 quin
1443 3853 1581 3905 testetur
1602 3838 1721 3917 David,
1750 3860 1785 3904 se
1806 3840 1938 3903 firmum
1961 3837 2090 3904 stetisse

96 3936 239 4005 exserat,
262 3926 388 3991 olausos
410 3946 481 3990 esse
502 3929 572 3991 eins
594 3926 703 3990 oeulos
724 3926 825 3990 dietat
847 3925 954 3989 earnis
976 3925 1069 3989 ratio.
1120 3927 1155 3990 in
1177 3947 1234 4008 spo
1256 3927 1435 4007 promissae
1452 3926 1577 4002 salutis,
1601 3938 1636 3989 et
1652 3936 1812 3990 staturum
1831 3924 1981 4005 usquein
1993 3924 2094 3989 finem

97 4009 276 4077 Caeterum
299 4011 492 4076 tantundem
516 4012 604 4075 valet
620 4011 767 4094 loquutio
789 4032 826 4077 ao
845 4013 872 4075 si
893 4010 953 4074 Dei
972 4010 1069 4074 mise·
1121 4008 1299 4093 quamlibet
1326 4031 1428 4093 grave
1456 4012 1674 4075 tentationum
1700 4030 1783 4075 onus
1804 4008 1981 4074 inoumbat.
2026 4009 2094 4074 Ita·

99 4096 273 4162 rieordiam
301 4098 411 4179 priore
442 4098 511 4162 loeo
532 4108 706 4162 statueret:
739 4095 857 4162 deinde
878 4095 977 4160 adiun
1002 4103 1070 4160 eret
1122 4117 1184 4179 que
1204 4096 1238 4161 in
1259 4095 1358 4161 verbu
1375 4096 1566 4161 exsultandi
1584 4098 1731 4160 futurum
1751 4108 1881 4176 tempus
1899 4095 2094 4160 continuum

97 4183 170 4247 eius
190 4182 360 4260 auxilinm,
383 4183 460 4264 quia
482 4197 560 4247 tune
582 4182 712 4247 demum
735 4203 794 4247 nos
815 4182 951 4247 exaudit
1002 4200 1069 4259 sus,
1121 4196 1231 4248 aetum
1255 4181 1422 4265 designat:
1444 4183 1531 4265 qnod
1554 4181 1680 4247 suiliuet
1701 4181 1778 4246 fidei
1800 4180 1957 4263 gaudium
1982 4180 2094 4247 nullus

96 4266 179 4333 dnm
213 4269 317 4333 nostri
354 4271 510 4333 misertus
549 4266 591 4331 ad
626 4289 686 4333 nos
725 4266 886 4332 iuvandos
918 4267 1069 4331 fleotitur.
1121 4289 1264 4351 uuquam
1288 4288 1415 4333 moeror
1442 4266 1473 4333 ei
1495 4267 1650 4334 exsutiet.
1694 4264 1884 4332 Notandum
1908 4285 1984 4331 vero
2006 4264 2094 4348 quod

100 4352 297 4419 illuminare
313 4354 434 4430 oeulos,
453 4353 614 4419 Hebraeis
625 4354 816 4418 tantundem
831 4352 920 4418 valet
937 4372 975 4418 ao
993 4353 1071 4418 dare
1121 4352 1185 4418 Dei
1227 4352 1403 4418 bonitatem
1442 4354 1557 4418 ordine
1588 4354 1732 4437 priorem
1765 4352 1892 4427 statuit,
1935 4363 2090 4434 tanquam

97 4438 252 4522 spiritum
283 4439 427 4516 vitalem,
459 4442 545 4504 vitae
573 4439 659 4502 enim
691 4441 884 4522 praeeipuus
913 4438 1007 4520 vigor
1033 4438 1069 4503 in
1121 4439 1236 4504 salutis
1257 4458 1399 4505 eausam.
1446 4437 1583 4507 Gouwbo
1604 4437 1749 4503 Domino.
1797 4436 1871 4503 Hoo
1893 4451 2091 4519 postremum

97 4525 205 4592 oeulis
215 4538 362 4609 apparet.
384 4525 459 4590 Hou
469 4546 568 4589 sensu
581 4524 661 4589 dioit
672 4523 838 4603 Salomon,
854 4525 951 4589 Prov.
964 4522 1016 4601 29,
1030 4524 1070 4589 13
1122 4524 1228 4589 refero
1250 4524 1289 4587 ad
1313 4525 1458 4589 futrrrum
1479 4538 1617 4608 tempus.
1658 4524 1820 4604 Quamvis
1837 4523 1924 4588 enim
1944 4523 2091 4588 nondum

99 4622 169 4675 tam
187 4612 299 4676 miseri
318 4612 471 4687 hominis,
494 4630 590 4694 quam
609 4613 744 4693 rapaois,
763 4611 871 4675 oeulos
889 4629 909 4673 a
927 4609 1071 4674 Domino
1123 4611 1207 4675 votis
1228 4613 1297 4675 suis
1319 4613 1440 4692 potitus
1462 4611 1514 4688 sit,
1536 4609 1645 4675 Deum
1669 4626 1779 4675 mmen
1798 4608 1863 4674 iam
1882 4607 1995 4672 adesse
2013 4607 2092 4670 libe·

99 4696 292 4763 illuminari.
337 4696 382 4761 Et
404 4717 502 4778 quum
525 4695 659 4761 Ionatas
681 4716 759 4776 prae
781 4695 890 4759 inedia
912 4693 1071 4774 deflueret,
1122 4710 1263 4759 retorem
1280 4717 1343 4760 oon
1360 4696 1525 4771 dubitans,
1547 4697 1588 4760 ed
1604 4698 1727 4779 gratias
1740 4692 1882 4778 agendae
1902 4714 1937 4757 se
1955 4691 2090 4775 obligat.

102 4780 186 4848 dioit
215 4803 308 4848 saura
339 4782 477 4848 historia
505 4782 678 4865 caliginem
707 4781 809 4847 fuisse
830 4780 969 4845 offusam
1001 4782 1072 4846 eius
1121 4781 1167 4846 lit
1196 4802 1275 4846 sane
1304 4781 1351 4846 ita
1380 4804 1438 4847 nos
1467 4779 1506 4845 ad
1538 4782 1738 4863 preoandum
1767 4780 1893 4864 aooiugi
1923 4779 2024 4854 deoet,
2054 4788 2092 4842 ut

100 4868 224 4933 oeulis:
266 4889 380 4933 rursus
422 4880 590 4950 postquam
632 4868 742 4931 fevum
778 4864 885 4931 mellis
917 4867 1071 4948 gustavit,
1122 4867 1218 4931 simul
1247 4866 1287 4931 ad
1316 4866 1479 4931 sanandas
1507 4866 1570 4931 Dei
1593 4865 1705 4932 laudes
1728 4866 1831 4947 parati
1855 4866 1974 4928 simus:
2004 4861 2092 4945 quod

100 4953 207 5020 luoem
235 4954 306 5019 eius
335 4954 437 5019 oeulis
459 4956 559 5019 fuisse
582 4950 750 5027 redditam,
780 4951 809 5016 1.
833 4950 923 5017 Sam.
949 4951 998 5031 14,
1019 4952 1071 5018 27.
1122 4954 1192 5017 fieri
1226 4973 1293 5016 non
1326 4966 1442 5034 potest,
1475 4952 1540 5017 nisi
1572 4967 1661 5018 oerto
1693 4951 1840 5035 persuasi
1871 4948 1982 5028 simus,
2017 4968 2092 5015 vota

100 5039 231 5106 Similis
265 5042 333 5105 fere
368 5039 561 5121 metaphora
594 5050 646 5104 est
674 5039 708 5102 in
737 5038 838 5102 verbo
868 5036 1071 5115 Dormiendi,
1095 5032 1099 5115 l
1122 5050 1237 5103 nostra
1264 5058 1330 5102 non
1361 5040 1430 5103 fore
1459 5038 1561 5103 irrita.
1604 5036 1763 5118 Quamvis
1792 5036 1878 5099 enim
1903 5053 1967 5098 uon
1989 5035 2091 5101 simus

101 5146 203 5209 quum
237 5124 279 5190 sd
301 5134 439 5190 mortem
463 5124 614 5190 trahitur.
665 5124 841 5188 Caeterum
876 5125 908 5186 in
944 5144 1073 5189 summa
1123 5145 1143 5189 a
1171 5122 1281 5187 dolore
1311 5123 1483 5203 immunes,
1516 5144 1648 5189 neeesse
1677 5138 1788 5187 tamen
1815 5134 1865 5185 est
1887 5135 1924 5183 ut
1945 5132 2091 5205 emerget

100 5214 223 5278 latetur
252 5211 371 5290 David,
400 5210 463 5276 nisi
492 5231 511 5275 a
540 5209 612 5275 Deo
641 5208 797 5292 affulgeat
825 5208 883 5272 lux
911 5211 1008 5287 ritae,
1037 5231 1072 5275 se
1123 5208 1203 5275 huso
1224 5207 1299 5274 fidei
1322 5208 1482 5289 eluentes,
1505 5229 1588 5291 quae
1610 5210 1739 5273 futurae
1761 5206 1905 5271 laetitiae
1927 5209 2090 5273 senticum

1853 5306 1887 5359 91
