4672 5864
176 295 240 378 eae
992 303 1207 371 rsannus
1231 306 1360 372 xnrx.
1480 318 1485 330 ·
2112 315 2176 380 490

177 513 287 571 crum,
311 501 343 556 et
364 493 462 558 morti
485 494 663 578 pascendos
686 496 796 561 tradit.
842 495 966 562 Sensus
989 515 1068 579 ergo
1090 502 1148 571 est,
1201 493 1307 559 lucem
1330 496 1467 561 suffocat
1490 497 1543 563 vel
1565 497 1733 565 obscurat:
1768 498 1825 564 sed
1854 501 1928 582 quia
1958 502 2084 584 profani
2116 502 2173 568 ho-

178 600 280 662 quum
303 578 364 644 sibi
387 578 564 662 primatum
587 592 747 666 usurpent
768 583 857 648 inter
880 582 1045 659 homines,
1069 600 1147 643 ven·
1201 581 1307 645 mines
1330 600 1371 645 ex
1394 583 1549 648 continuo
1571 585 1685 650 mundi
1708 585 1846 651 circuitu
1868 586 2027 670 colligunt
2050 588 2173 652 nullam

177 676 267 730 turos
289 663 422 730 tandem
445 666 505 731 sub
528 668 641 749 iugum
667 668 790 748 mortis,
812 679 849 733 ut
870 689 942 733 sero
965 666 1091 732 discant
1110 663 1150 728 de
1201 665 1269 729 fore
1292 665 1390 730 aliam
1415 668 1530 749 vitam,
1553 669 1826 751 quemadmodum
1851 673 1949 736 etiam
1973 673 2091 737 Petrus
2115 674 2172 739 ad·

175 749 279 815 nihilo
298 772 333 815 se
351 751 450 818 fuisse
467 752 633 836 gloriatos.
662 754 747 819 Nam
767 762 945 837 prostratos
963 753 1069 817 iacere
1088 749 1150 814 sub
1201 761 1312 815 monet
1333 750 1441 818 ridere
1464 774 1518 818 eos
1541 776 1631 837 spem
1655 757 1924 835 resurrectionis,
1954 760 2105 840 quoniam
2129 763 2170 825 ab

179 835 357 921 tyrannide
379 840 508 917 mortis,
541 840 691 905 miserior
713 850 762 904 est
785 841 927 907 servitus
949 859 986 904 ac
1017 835 1149 916 foedior,
1200 835 1294 900 initio
1314 838 1489 904 continuus
1508 851 1645 906 naturae
1658 841 1737 906 ordo
1753 844 1887 907 fluxerit
1904 864 1962 926 per
1973 855 2023 908 tot
2033 847 2171 924 saecula,

176 941 273 1006 quam
308 922 441 989 subesse
466 924 663 1006 quibuslibet
692 925 862 993 hominum
889 924 1045 1008 imperiis.
1090 922 1150 989 Se·
1200 922 1230 985 2.
1254 922 1344 987 Petr.
1362 923 1392 1003 3,
1410 925 1440 990 4.
1477 924 1589 1005 Quare
1612 949 1654 991 nc
1676 948 1790 992 eorum
1813 928 1994 1011 petulantia
2017 952 2075 995 nos
2094 952 2171 996 con-

177 1006 441 1075 oundomembro
460 1011 500 1076 ab
519 1010 580 1077 hae
599 1011 684 1077 tristi
702 1017 735 1076 et
752 1013 896 1079 infausta
914 1020 1001 1077 sorte
1019 1018 1150 1092 separat
1201 1008 1327 1086 turbet,
1369 1022 1539 1076 succurrat
1578 1011 1673 1078 nobis
1713 1014 1774 1079 hoc
1814 1015 1995 1099 prophetae
2036 1014 2169 1096 dietum,

176 1093 337 1178 propheta
354 1093 418 1158 Dei
436 1095 538 1163 filios:
563 1106 662 1182 atque
680 1098 727 1162 ita
744 1101 902 1182 anticipat
920 1096 1006 1181 quod
1025 1095 1148 1177 alioqui
1199 1095 1349 1177 quamvis
1378 1117 1467 1162 nunc
1494 1097 1663 1163 demersus
1696 1100 1739 1164 sit
1773 1099 1807 1162 in
1841 1101 1984 1166 tenebris
2017 1101 2171 1181 mundus,

176 1191 364 1263 promptum
388 1181 504 1247 suisset
525 1181 686 1250 obiiceret
714 1184 765 1248 'Pu
787 1186 917 1268 quidem
950 1204 1025 1248 vere
1054 1202 1146 1263 prae·
1200 1180 1402 1245 exoriturum
1426 1182 1534 1247 subito
1557 1204 1680 1248 novum
1703 1205 1809 1262 mane,
1833 1185 1917 1268 quod
1936 1187 2050 1251 faciem
2075 1209 2171 1254 verae

176 1264 265 1331 dieas
290 1267 467 1333 morituros
488 1290 560 1335 esse
582 1270 640 1353 qui
663 1270 697 1333 in
714 1267 778 1335 hoo
806 1268 932 1336 mundo
960 1266 1145 1334 confidunt:
1199 1273 1232 1330 et
1254 1273 1407 1331 aeternae
1430 1269 1517 1332 vitae
1539 1268 1633 1333 nobis
1654 1270 1815 1335 restituet.
1861 1272 2018 1353 Sequitur
2047 1283 2169 1356 postea,

176 1348 232 1416 sed
256 1349 333 1432 quid
357 1354 435 1417 novi
458 1355 580 1421 affers?
603 1355 655 1421 rel
678 1375 736 1421 eur
759 1354 945 1423 hominibus
968 1354 1147 1436 exprobras
1199 1351 1294 1416 rotor
1315 1372 1431 1432 emam,
1454 1354 1507 1419 vel
1531 1356 1636 1438 figura
1658 1354 1699 1418 ad
1722 1364 1936 1437 vetustatem,
1963 1358 2014 1421 vel
2038 1364 2072 1423 at
2093 1365 2169 1424 oete-

176 1443 314 1501 naturae
336 1438 453 1523 legem,
475 1462 574 1522 quum
597 1440 748 1507 omnibns
770 1443 923 1526 imposita
944 1441 988 1505 sit
1008 1441 1072 1503 ista
1090 1458 1145 1503 ne·
1196 1440 1311 1502 rescat.
1347 1437 1432 1502 Nam
1456 1447 1592 1522 utroque
1614 1441 1711 1505 modo
1734 1444 1909 1524 exponitur
1927 1464 2046 1508 nomen
2065 1457 2167 1526 mg.

176 1520 332 1588 cessitas?
373 1523 490 1591 deinde
523 1526 601 1611 quid
633 1527 824 1595 mortalibus
857 1523 1018 1592 insultas?
1052 1524 1147 1606 quasi
1198 1518 1236 1587 Si
1258 1520 1407 1606 legamus
1425 1525 1549 1606 Robur,
1571 1527 1693 1609 optime
1711 1528 1884 1610 quadrabit
1901 1550 2035 1594 sensus:
2058 1532 2169 1597 valere

175 1626 242 1671 non
271 1609 318 1674 sis
345 1631 430 1676 unus
464 1633 506 1676 ex
539 1634 685 1678 numero.
740 1613 828 1697 Huic
862 1611 1034 1678 obiectioni
1065 1609 1146 1675 scite
1197 1609 1278 1672 istos
1300 1609 1414 1693 opibus
1437 1618 1470 1674 et
1490 1613 1647 1693 potentia,
1670 1613 1726 1677 scd
1750 1613 1790 1677 ad
1814 1615 1913 1679 breve
1932 1618 2071 1697 tenipus,
2093 1617 2169 1698 quia

174 1695 315 1759 occurrit
328 1695 496 1779 propheta,
516 1698 608 1781 quasi
624 1697 759 1764 diceret:
778 1698 816 1766 si
834 1718 923 1764 mors
942 1706 1028 1763 esset
1044 1696 1146 1773 totius
1197 1693 1308 1758 statim
1331 1707 1537 1762 marcescunt
1560 1706 1593 1762 et
1614 1696 1803 1779 concidunt,
1833 1701 1898 1765 imo
1928 1702 2035 1782 potius
2065 1700 2166 1785 lique-

174 1776 317 1845 bominis
335 1782 499 1863 interitus,
521 1784 604 1849 nihil
627 1784 769 1851 dicerem
792 1786 883 1851 novi:
914 1783 972 1849 sed
995 1783 1073 1866 quia
1093 1781 1145 1844 in·
1197 1779 1290 1844 liunt.
1336 1779 1403 1845 Sed
1434 1782 1512 1864 quia
1540 1783 1658 1848 maiori
1687 1805 1851 1850 consensu
1881 1798 2011 1869 recepta
2041 1798 2090 1851 est
2120 1788 2166 1852 di·

174 1862 298 1962 creduli
317 1867 547 1949 meliorarita,
570 1871 726 1953 adquam
749 1870 872 1938 conditi
891 1891 1003 1935 sumus
1022 1887 1145 1947 omnes,
1197 1884 1293 1930 versa
1327 1868 1509 1946 sententia,
1547 1868 1687 1934 libenter
1719 1871 1904 1949 subscribo,
1938 1873 2078 1954 figuram
2113 1895 2166 1938 eo·

173 1948 310 2034 indigne
327 1973 362 2018 se
380 1955 521 2035 privant,
544 1956 659 2022 mento
677 1965 710 2021 et
727 1965 814 2022 reete
832 1977 944 2021 eorum
960 1951 1143 2020 vecordiam
1196 1971 1271 2015 rum
1302 1949 1343 2015 ad
1374 1951 1586 2019 defectionem
1611 1953 1753 2020 tendere.
1802 1954 1895 2022 Sicut
1929 1959 2016 2022 enim
2042 1958 2167 2024 Paulus

174 2035 324 2103 insector.
368 2039 476 2106 Nimis
499 2043 586 2107 enim
608 2061 800 2124 perversum
823 2052 883 2121 est,
910 2051 948 2107 ut
970 2040 1055 2105 beati
1078 2038 1145 2103 sint
1198 2037 1226 2099 1.
1245 2037 1319 2102 Oor.
1342 2037 1371 2121 t,
1387 2038 1426 2103 31
1448 2038 1535 2116 dicit,
1556 2041 1743 2106 Praeterire
1761 2043 1901 2126 figuram
1920 2043 2020 2108 huius
2040 2045 2168 2127 mundi,

175 2119 215 2185 ad
239 2132 461 2207 momentum,
490 2136 523 2192 et
544 2127 635 2212 quasi
658 2130 802 2207 somnio,
837 2128 976 2194 abiicere
998 2145 1088 2209 spem
1112 2131 1144 2188 et
1196 2121 1385 2205 significans
1414 2125 1537 2190 terreni
1566 2134 1671 2191 status
1701 2129 1876 2193 evanidam
1905 2126 2067 2194 duntaxat
2094 2151 2166 2195 esse

173 2205 417 2275 meditationem
440 2212 570 2278 futurae
591 2215 694 2291 ritae,
724 2235 822 2297 seque
844 2212 993 2279 abdicare
1015 2208 1144 2276 coelesti
1196 2207 1350 2289 speciem:
1384 2208 1430 2275 bic
1459 2211 1619 2293 propheta
1646 2211 1814 2296 eleganter
1843 2216 1967 2298 figurae
1997 2228 2165 2299 comparat

173 2297 287 2380 gloria.
323 2299 394 2364 Iam
414 2297 562 2364 videmus
581 2298 667 2383 quod
685 2299 778 2365 initio
796 2300 873 2376 dixi,
897 2298 950 2363 lon
976 2295 1144 2362 edifferre
1195 2293 1333 2376 gloriam
1351 2295 1493 2376 inanem,
1515 2309 1548 2361 et
1565 2298 1617 2361 eui
1637 2297 1726 2362 nulla
1744 2299 1857 2365 subest
1875 2298 2032 2365 soliditas.
2069 2299 2166 2382 Quod

171 2383 272 2449 huius
293 2384 420 2450 Psalmi
442 2384 625 2450 doctrinam
648 2406 667 2450 a
690 2389 869 2470 praeceptis
896 2320 1143 2468 philosophicis,
1195 2380 1350 2461 sequitur,
1370 2401 1440 2458 ¹non
1464 2383 1546 2446 nihil
1571 2382 1745 2448 obscurum
1768 2395 1835 2449 est:
1865 2385 1996 2468 quidam
2019 2400 2164 2465 vertunt,

171 2489 249 2534 nam
279 2469 449 2555 eleganter
481 2481 516 2536 et
555 2471 696 2538 facunde
729 2471 854 2538 ridetur
888 2492 907 2536 a
940 2466 1142 2553 philosophis
1196 2463 1390 2547 Sepulcrum
1414 2475 1464 2533 cst
1493 2467 1691 2533 domicilium
1716 2469 1797 2534 illis:
1833 2483 1865 2536 et
1894 2483 2013 2554 tumn
2041 2472 2166 2537 faciunt

171 2554 287 2620 mundi
309 2555 460 2632 ambitio,
489 2557 684 2622 refelluntur
706 2557 827 2624 stultae
855 2557 1027 2622 hominum
1050 2552 1141 2635 cupi·
1194 2550 1323 2615 literam
1346 2553 1550 2617 formativam
1574 2555 1726 2621 nominis.
1771 2555 1839 2621 Sed
1867 2553 1975 2623 verbis
2003 2564 2036 2621 et
2062 2560 2164 2623 menti

172 2637 302 2722 ditatas,
320 2641 510 2725 coarguitur
522 2644 621 2708 etiam
633 2642 753 2708 caduca
770 2643 942 2710 bominum
960 2638 1139 2725 fragilitas:
1194 2636 1371 2719 prophetae
1393 2639 1510 2705 melius
1532 2642 1685 2724 congruit
1707 2640 1838 2708 diversa
1854 2642 2091 2726 interpretatio,
2113 2663 2164 2708 se·

171 2724 227 2791 sed
250 2727 335 2811 quod
352 2726 576 2811 ,praecipuum
602 2737 669 2810 est,
696 2728 736 2793 ab
766 2728 833 2796 illis
862 2728 1040 2804 omittitur,
1071 2744 1139 2801 nos,
1193 2721 1341 2805 pulcrum
1371 2723 1445 2790 illos
1474 2724 1679 2791 adomicilio
1707 2747 1766 2792 suo
1790 2749 1931 2794 manere.
1977 2728 2062 2793 Nam
2094 2750 2165 2793 mu·

170 2811 248 2894 quia
269 2813 416 2898 regimur
437 2812 501 2879 Dei
524 2813 739 2898 providentia,
761 2814 871 2882 beatos
900 2831 988 2880 esse:
1022 2808 1140 2875 deinde
1193 2809 1274 2872 tatio
1292 2810 1420 2874 numeri
1433 2810 1594 2878 Hebraeis
1612 2812 1782 2878 familiaris
1800 2821 1862 2897 est,
1883 2813 1986 2879 intelli
2012 2814 2037 2879 it
2054 2824 2163 2880 autem

169 2897 297 2964 felicem
319 2897 469 2965 omnibus
491 2902 610 2967 nostris
628 2899 723 2966 malis
741 2902 808 2968 lore
826 2902 962 2983 exitum,
985 2897 1062 2982 quia
1079 2914 1140 2959 noe
1191 2894 1362 2993 propheta,
1385 2897 1534 2979 quamvis
1556 2916 1644 2961 nuno
1665 2899 1700 2961 in
1719 2897 1898 2981 splendidis
1918 2835 2052 2966 aedibus
2070 2901 2164 2966 babi-

170 2990 285 3050 manet
306 2992 440 3050 aeterna
461 2986 496 3050 in
518 2986 608 3053 coelo
630 2986 824 3053 haereditas.
867 2987 963 3051 Nunc
992 2984 1021 3050 si
1042 3001 1139 3065 quae·
1192 2985 1273 3058 tent,
1297 2981 1352 3044 ubr
1376 2981 1529 3046 ridentur
1551 2984 1655 3047 fixum
1678 2982 1741 3048 sibi
1765 2984 1886 3050 habere
1908 2984 2039 3066 nidum,
2069 2986 2162 3052 brevi

170 3077 264 3135 ratur
285 3070 382 3154 quale
403 3070 550 3137 futurum
572 3074 616 3138 sit
633 3077 797 3138 rectorum
820 3072 1017 3148 dominium,
1039 3088 1139 3149 expe·
1193 3072 1303 3129 tamen
1325 3065 1393 3130 fore
1415 3074 1451 3131 ut
1479 3066 1589 3151 egredi
1619 3077 1796 3152 cogantur,
1825 3090 1863 3135 ac
1891 3071 2074 3152 sepulcrum
2107 3093 2163 3137 eos

170 3154 239 3220 dita
260 3166 312 3221 est
331 3157 514 3238 responsio:
547 3157 623 3239 quia
650 3157 804 3240 reprobos
833 3177 946 3223 omnes
974 3153 1139 3238 prosterni
1192 3150 1344 3299 excipiatt
1387 3152 1488 3218 Forte
1510 3153 1611 3218 etiam
1631 3154 1729 3221 tacite
1757 3154 1874 3220 alludit
1903 3155 1944 3220 ad
1975 3155 2162 3222 ambitiosos

170 3241 231 3306 sub
255 3241 389 3308 Christo
406 3244 512 3325 capite
530 3250 642 3308 nostro
661 3251 796 3324 oportet,
821 3250 858 3308 ut
877 3244 944 3308 sint
961 3238 1139 3306 scabellum
1192 3256 1303 3300 eorum
1342 3237 1506 3316 ransitus,
1534 3239 1609 3321 quia
1631 3259 1800 3322 nunquam
1830 3243 1863 3305 in
1893 3240 2058 3324 publicum
2089 3261 2162 3324 pro·

169 3326 290 3410 pedum
311 3329 399 3406 eius,
431 3327 493 3394 boc
523 3348 653 3411 quoque
683 3329 724 3395 ad
754 3329 864 3395 omnia
893 3329 963 3393 eius
992 3324 1140 3390 membra
1191 3319 1292 3385 deu'nt
1322 3320 1393 3387 sine
1424 3344 1543 3408 magna
1572 3344 1706 3409 pompa,
1738 3334 1837 3410 negat
1864 3327 1966 3411 igitur
2001 3327 2163 3410 propheta

169 3414 346 3562 pprtinere.
398 3412 483 3478 Nam
513 3415 600 3497 quod
630 3414 751 3481 dieitur
780 3414 963 3479 traditurus
999 3430 1138 3495 regnum
1192 3406 1252 3473 hoc
1274 3406 1340 3472 illis
1361 3408 1429 3475 fore
1451 3421 1658 3495 perpetuum,
1680 3413 1757 3495 quia
1774 3411 1906 3478 tandem
1923 3413 1958 3477 in
1974 3411 2163 3496 sepulerum

204 3520 242 3564 eo
264 3507 297 3565 et
319 3498 415 3584 patri,
438 3500 499 3565 hoo
521 3509 609 3567 certe
632 3521 696 3567 non
719 3500 815 3567 faciet
836 3510 873 3565 ut
896 3497 1024 3564 aboleat
1045 3517 1139 3563 suam
1192 3491 1398 3560 descendent.

169 3583 355 3665 ecclesiam,
378 3584 434 3650 sed
457 3593 493 3651 ut
515 3587 560 3652 sit
581 3586 674 3652 Deus
696 3586 806 3653 omnia
826 3587 863 3651 in
885 3584 1046 3650 omnibus.
1090 3583 1140 3648 Ao
1278 3580 1327 3646 16.
1351 3579 1465 3666 (Atqui
1487 3581 1599 3668 Deus.)
1648 3584 1762 3649 Potest
1787 3585 1885 3650 etiam
1916 3585 2074 3668 particula
2104 3594 2161 3686 ¹12<

168 3670 203 3735 in
226 3669 382 3736 adverbio
405 3673 560 3755 temporis
588 3693 696 3754 mone,
725 3671 873 3757 apprime
902 3669 1061 3736 concinna
1088 3676 1140 3733 est
1191 3667 1360 3731 transferri
1384 3667 1490 3733 Certe.
1534 3668 1620 3734 Nam
1649 3669 1734 3753 quod
1763 3670 1798 3734 in
1826 3691 1944 3755 genere
1973 3670 2056 3734 dixit
2085 3691 2161 3753 pro·

169 3755 353 3824 translatio.
397 3756 483 3822 Nam
506 3759 585 3841 quia
607 3780 694 3826 nuno
723 3759 757 3824 in
787 3757 931 3825 tenebris
959 3774 1138 3830 versamur,
1190 3750 1299 3833 pheta,
1317 3753 1420 3818 iustos
1438 3773 1536 3818 mane
1551 3753 1783 3836 dominaturos,
1802 3774 1889 3821 nuno
1908 3758 1942 3819 in
1963 3755 2160 3838 peculiarem

169 3843 239 3909 rita
261 3842 404 3909 hominis
426 3864 524 3928 super
546 3851 666 3910 terram
692 3844 809 3911 tacitae
827 3850 1033 3927 comparatur
1051 3841 1138 3905 nocti
1190 3857 1287 3902 usum
1309 3860 1405 3904 snum
1428 3840 1584 3921 applicat,
1608 3861 1672 3923 quo
1694 3839 1791 3905 fidem
1814 3861 1906 3906 suam
1930 3842 2051 3906 certius
2074 3842 2160 3907 aedi-

170 3928 223 3996 vel
256 3949 387 4010 somno,
416 3929 513 4012 idque
542 3930 735 4014 praesertim
763 3937 913 4013 respectu
943 3924 1137 4004 infidelium,
1190 3923 1274 3988 ticet.
1318 3924 1382 3990 Est
1404 3924 1506 4008 igitur
1526 3927 1618 4008 quasi
1642 3925 1806 4008 appendix
1829 3925 2005 4009 superioris
2027 3937 2158 3993 senten·

169 4015 279 4100 quiin
301 4024 388 4081 terra
411 4015 503 4098 quasi
526 4016 623 4100 sopiti
646 4015 812 4082 desident:
835 4015 900 4080 imo
919 4021 986 4079 tam
1004 4012 1138 4078 confusa
1190 4009 1271 4074 tiae:
1295 4008 1373 4074 dum
1396 4011 1437 4075 ad
1456 4030 1547 4075 suam
1567 4031 1741 4094 personam
1761 4012 1982 4078 accommodat
2000 4013 2160 4096 propheta

169 4110 220 4167 est
241 4122 352 4167 rerum
374 4101 520 4166 omnium
544 4102 664 4186 caligo,
694 4112 730 4166 ut
757 4102 830 4186 piae
862 4120 988 4183 quoque
1011 4106 1138 4162 mentes
1189 4093 1275 4176 quod
1299 4116 1404 4179 nuper
1426 4094 1466 4160 de
1488 4095 1583 4160 iustis
1600 4096 1752 4162 omnibus
1771 4099 1907 4163 dixerat.
1944 4097 2080 4164 Manum
2099 4120 2157 4183 pro

168 4196 298 4270 torpore
320 4186 510 4270 obruantur,
534 4187 597 4252 nisi
619 4195 782 4270 quatenus
803 4206 863 4271 per
884 4186 1021 4251 verbum
1041 4202 1137 4248 suum
1188 4180 1326 4264 imperio
1349 4191 1383 4247 et
1404 4190 1563 4266 potestate
1580 4183 1698 4265 accipi,
1728 4184 1807 4248 satis
1838 4196 1951 4248 notum
1984 4195 2051 4263 est,
2080 4207 2158 4251 nam

168 4270 261 4338 Deus
284 4272 427 4358 affulget.
473 4273 570 4339 Certe
592 4293 659 4338 non
683 4274 746 4337 nisi
768 4295 827 4355 per
848 4270 1015 4356 speculum
1044 4279 1077 4334 et
1102 4271 1137 4334 in
1189 4266 1272 4350 quod
1289 4266 1343 4331 alii
1362 4289 1422 4352 pro
1439 4268 1537 4352 plaga
1554 4268 1655 4351 accipi
1674 4268 1800 4349 volunt,
1823 4271 1920 4335 nimis
1939 4282 2157 4336 estcoactum.

168 4359 355 4444 aenigmate
376 4359 558 4439 cernimus,
588 4358 725 4442 ideoque
747 4358 907 4426 adrentus
930 4355 1062 4421 Domini
1086 4356 1137 4418 in·
1188 4351 1251 4417 His
1273 4364 1381 4418 autem
1405 4355 1512 4419 verbis
1534 4354 1655 4419 fatetur
1678 4355 1892 4438 prophetase
1915 4355 2043 4438 quidem
2064 4368 2158 4421 natu·

168 4453 238 4510 star
260 4464 396 4511 aurorae
417 4445 489 4527 erit,
511 4466 576 4528 qua
598 4456 666 4511 tam
689 4444 782 4510 electi
807 4465 903 4528 quam
928 4440 1056 4525 reprobi
1079 4462 1137 4506 suo
1188 4438 1302 4503 ralitcr
1323 4441 1421 4505 morti
1444 4460 1514 4506 esse
1538 4438 1726 4521 obnoxium,
1746 4442 1803 4506 sed
1825 4441 1935 4507 Deum
1958 4443 2025 4506 lore
2047 4441 2157 4507 vindi·

167 4529 266 4596 modo
288 4530 463 4616 evigilent:
496 4532 621 4616 priores
643 4530 782 4606 scilicet,
806 4530 881 4612 quia
903 4548 1040 4594 excussa
1068 4536 1136 4592 tar·
1187 4543 1256 4589 cem
1279 4544 1376 4591 suum
1398 4534 1432 4592 et
1454 4526 1701 4611 redemptorem.
1745 4527 1851 4593 Porro
1878 4527 1932 4593 hie
1954 4526 2156 4611 praeclarum

168 4615 270 4681 ditate
292 4626 327 4680 et
349 4617 489 4702 pigritia,
513 4617 667 4684 discussis
689 4616 786 4682 etiam
811 4615 953 4693 nebulis,
976 4613 1063 4679 olaro
1085 4614 1136 4678 in·
1187 4610 1345 4678 habemus
1363 4613 1584 4678 testimonium
1597 4612 1682 4691 tidei,
1704 4613 1740 4678 in
1762 4634 1825 4697 qna
1845 4613 2001 4677 vixerunt
2018 4622 2051 4676 et
2068 4634 2156 4679 mor·

166 4702 255 4767 tuitn
279 4702 361 4767 facie
383 4701 424 4768 ad
447 4703 560 4768 faciem
585 4702 756 4769 Christum
781 4701 884 4768 solem
913 4700 1074 4780 iustitiae,
1104 4709 1136 4765 ct
1186 4698 1235 4762 tui
1263 4710 1341 4764 sunt
1370 4698 1476 4764 saneti
1502 4707 1613 4782 patres
1646 4699 1706 4765 sub
1739 4698 1822 4784 lege.
1874 4697 2034 4763 Videmus
2068 4700 2156 4766 enim

166 4787 201 4852 in
224 4808 264 4853 eo
285 4787 420 4873 plenum
442 4788 531 4853 ritae
553 4788 712 4873 fulgorem
734 4796 886 4854 cernent:
920 4786 954 4851 hi
977 4806 1057 4853 vero
1079 4787 1134 4868 qui
1185 4805 1252 4849 non
1276 4784 1460 4851 substitisse
1481 4804 1536 4850 eos
1558 4784 1593 4849 in
1615 4787 1778 4867 praesenti
1801 4785 1889 4861 vita,
1911 4783 1968 4849 sed
1990 4784 2156 4851 mentibus

166 4895 255 4940 nuno
282 4893 417 4957 prorsus
444 4875 646 4960 caecutiunt,
677 4897 698 4942 a
726 4894 787 4940 sua
816 4871 965 4940 socordia
992 4872 1135 4952 excitati,
1185 4871 1219 4935 in
1249 4871 1374 4937 eoelum
1403 4870 1542 4937 sublatis
1569 4872 1752 4936 cucurrisse
1782 4891 1842 4953 per
1870 4870 1957 4936 hunc
1985 4870 2155 4951 mundum,
2184 4883 2188 4889 '

167 4977 362 5044 cognoscere
395 4958 553 5041 incipient
585 4981 704 5028 noram
738 4960 842 5025 vitum
874 4958 966 5025 cuius
1007 4956 1133 5024 nullum
1186 4954 1289 5023 donee
1317 4955 1460 5022 stadium
1483 4977 1577 5021 suum
1600 4968 1804 5041 peragerent.
1849 4955 1933 5020 Nam
1957 4958 1985 5021 si
2009 4972 2156 5038 speraret

167 5053 300 5129 gustum
332 5066 418 5110 nuno
452 5045 645 5130 percipiunt.
700 5048 810 5130 Atque
843 5043 922 5111 haec
956 5042 1134 5108 admonitio
1185 5043 1346 5126 propheta
1367 5044 1407 5109 ab
1429 5063 1495 5107 uno
1518 5040 1571 5106 vel
1594 5042 1698 5107 altero
1727 5042 1872 5126 periculo
1901 5063 1936 5107 se
1965 5061 2037 5107 esse
2067 5043 2154 5108 redi·

168 5152 234 5198 non
251 5129 323 5196 ideo
347 5138 475 5195 tantum
505 5131 688 5198 necessaria
716 5142 784 5209 est,
814 5133 890 5212 quia
919 5147 994 5195 caro
1024 5136 1135 5194 nostra
1185 5127 1358 5194 mendum:
1389 5129 1452 5194 hoo
1476 5127 1573 5192 etiam
1603 5127 1680 5192 filiis
1707 5127 1807 5192 huius
1834 5126 1954 5194 saeculi
1983 5147 2154 5196 commune

166 5237 296 5301 semper
318 5236 379 5281 nos
398 5215 545 5283 deorsum
565 5216 678 5296 trahit,
701 5226 734 5282 et
752 5218 871 5301 magna
888 5234 928 5279 ex
947 5222 1040 5297 parte
1058 5213 1134 5279 fidei
1186 5222 1287 5293 esset,
1323 5234 1402 5298 quos
1434 5233 1531 5296 saepe
1559 5211 1650 5277 Deus
1682 5233 1722 5278 ox
1755 5214 1882 5298 magnis
1915 5214 2154 5282 discriminibus
