4658 5856
163 309 226 376 807
920 305 1135 374 Psatuua
1157 305 1391 373 LXXXVIII.
2090 307 2151 373 808

162 518 198 564 se
226 496 365 562 liberum
393 516 464 561 esse
493 493 572 560 dicit
600 494 686 560 inter
715 506 869 580 mortuos,
898 495 982 579 quod
1005 494 1130 561 inutilis
1267 496 1297 563 7.
1330 492 1485 580 (Posuisti
1528 494 1599 580 mc.)
1659 494 1731 560 Iam
1770 493 1957 562 distinctius
1995 498 2151 580 agnoscit,

163 590 248 650 esset
277 581 317 647 sd
345 582 455 647 omnia
482 583 567 646 ritae
596 601 742 658 munera,
776 589 809 646 ot
840 582 932 663 quasi
962 603 981 647 a
1008 580 1129 646 mundo
1181 580 1336 665 quidquid
1360 581 1484 663 petitur
1505 582 1676 663 malorum,
1699 603 1740 646 ex
1763 580 1827 647 Dei
1848 603 1948 647 mann
1971 581 2153 664 profectum

163 669 334 734 alienatus.
383 667 447 732 Illa
479 668 564 732 enim
599 666 777 752 Augustini
810 667 938 752 argutia
971 665 1055 732 nihil
1089 666 1129 732 ad
1182 689 1263 733 esse.
1316 667 1385 733 Nec
1422 687 1499 732 vero
1532 667 1700 750 quisquam
1735 667 1819 733 serio
1853 666 1983 750 petendi
2017 668 2152 734 remedii

163 755 343 839 prophetae
370 761 525 827 mentem,
555 751 723 818 Christum
745 753 854 819 vocari
880 751 1019 819 liberum
1043 754 1130 818 inter
1181 773 1280 819 causa
1309 751 1349 818 ad
1371 754 1480 819 Deum
1510 752 1683 835 confugiet,
1713 754 1777 817 nisi
1806 754 1862 834 qui
1888 753 1954 817 iam
1977 774 2154 836 persuasus

163 849 318 923 mortuos,
340 840 416 922 quia
437 837 593 923 singulari
616 838 787 922 privilegio
806 838 975 905 victoriam
994 839 1130 922 adeptus
1182 841 1258 919 erit,
1293 838 1362 903 eius
1392 858 1491 904 manu
1520 859 1556 904 se
1586 839 1726 922 percuti,
1760 837 1844 903 nihil
1877 847 1986 904 autem
2015 839 2153 906 fortuito

163 937 227 1010 est,
261 946 303 991 ne
331 946 419 990 mors
447 924 480 989 in
510 942 584 989 eum
614 924 846 989 dominaretur.
897 924 1010 990 Potius
1044 926 1129 989 enim
1182 924 1379 1008 confingere.
1434 923 1507 988 Iam
1539 944 1603 1007 quo
1636 924 1770 1007 propius
1803 923 1844 989 ad
1874 923 1982 990 Deum
2017 926 2152 1007 accedit,

163 1012 242 1078 dicit
256 1012 417 1095 propheta
434 1031 469 1076 se
487 1010 668 1092 praesentis
683 1010 771 1075 vitae
786 1009 904 1074 militia
915 1012 1130 1093 perfunctum,
1182 1010 1364 1075 notandum
1402 1019 1467 1086 est,
1509 1010 1613 1093 magis
1647 1010 1834 1075 exacerbari
1875 1009 2036 1076 dolorem:
2079 1015 2155 1095 quie

163 1098 288 1163 nullam
318 1097 426 1161 animo
453 1114 564 1162 curam
595 1095 733 1178 amplius
756 1097 927 1177 suscipere,
956 1097 1034 1178 quia
1056 1117 1130 1161 sen·
1182 1097 1305 1162 sanctis
1332 1095 1414 1160 nihil
1447 1095 1553 1179 magis
1576 1095 1730 1160 horribile
1753 1106 1804 1161 eet
1825 1094 1888 1160 Dei
1910 1096 2039 1162 iudicio.
2087 1100 2154 1163 Alii

163 1204 236 1249 sum
270 1203 397 1247 omnem
430 1180 516 1246 mala
548 1181 751 1246 abstulerint.
804 1180 930 1259 Deinde
960 1182 1131 1247 adnectis
1182 1189 1325 1260 vertunt,
1354 1181 1618 1263 appropinquavit
1645 1200 1740 1262 super
1763 1201 1811 1246 me
1833 1182 2005 1265 indignatio
2026 1188 2092 1264 tua,
2124 1196 2156 1250 ct

164 1292 198 1335 se
227 1287 426 1350 comparans,
457 1266 550 1350 peius
578 1288 686 1332 secum
716 1267 768 1349 agi
797 1266 952 1349 deplorat,
983 1269 1130 1350 quamsi
1182 1269 1229 1333 sic
1249 1265 1413 1331 interdum
1436 1267 1594 1348 accipitur
1623 1266 1759 1331 verbum
1782 1276 1878 1366 Ἱῃῑι.
1924 1265 1989 1334 Sed
2013 1268 2154 1335 circum·

163 1354 257 1420 malis
279 1353 475 1431 debilitatus,
500 1351 657 1435 paulatim
681 1352 720 1417 ad
744 1362 883 1417 mortem
905 1351 1130 1420 descenderet:
1182 1355 1303 1420 stantia
1332 1352 1392 1418 loci
1423 1352 1569 1434 accipere
1597 1352 1693 1436 cogit,
1721 1364 1758 1417 ut
1787 1353 1934 1436 pluribus
1960 1353 2035 1420 aliis
2063 1356 2155 1437 locis,

163 1442 238 1523 quia
261 1440 434 1505 violentam
458 1447 595 1503 mortem
615 1437 808 1503 naturaliter
825 1440 930 1522 magis
948 1440 1130 1504 horremus.
1183 1459 1241 1523 pro
1264 1438 1466 1504 circumdare
1490 1439 1539 1503 vel
1564 1438 1767 1504 incumbere:
1790 1440 1867 1520 quia
1886 1439 1941 1503 ubi
1961 1439 2000 1504 de
2020 1439 2155 1507 homino

162 1525 288 1591 Durius
315 1523 510 1607 inspeciem
534 1523 690 1606 estquod
713 1521 812 1607 addit,
844 1546 879 1590 ee
899 1524 1043 1590 oblivioni
1064 1530 1130 1590 tra·
1182 1527 1216 1589 in
1240 1524 1358 1606 triplex
1386 1524 1570 1606 sepulcrum
1595 1523 1740 1590 demerso
1763 1546 1870 1590 sermo
1894 1525 2043 1602 hebetur,
2072 1527 2154 1592 illud

161 1613 261 1677 ditum
290 1631 353 1677 esse
382 1609 503 1686 aDeo,
532 1615 560 1674 et
585 1610 755 1675 abscissum
782 1610 821 1674 ab
849 1611 916 1674 cius
943 1630 1048 1688 mauu,
1078 1611 1128 1676 rel
1183 1610 1444 1693 appropinquare
1483 1609 1580 1674 nimis
1619 1623 1705 1675 csset
1746 1609 1910 1694 frigidum.
1974 1612 2155 1679 Contextui

162 1696 323 1765 custodia:
361 1717 460 1778 quum
495 1704 618 1759 certum
652 1695 712 1772 sit,
746 1704 890 1761 mortuos
923 1717 987 1760 non
1021 1696 1131 1762 minus
1183 1707 1291 1760 autem
1314 1695 1435 1779 optime
1458 1695 1632 1777 respondet
1653 1696 1760 1761 versio
1778 1714 1874 1778 quam
1892 1704 2051 1780 sequutus
2070 1720 2153 1777 sum,

162 1804 258 1866 quam
287 1783 382 1849 viros
410 1781 470 1847 sub
500 1780 604 1846 tutela
626 1781 689 1846 Dei
719 1801 798 1847 esse.
842 1781 910 1846 Imo
937 1782 1057 1847 nebulo
1077 1782 1131 1848 ille
1183 1792 1221 1847 ut
1249 1780 1335 1846 dicat
1363 1780 1522 1863 propheta
1551 1802 1585 1845 se
1613 1782 1776 1847 sustinere
1806 1792 1908 1846 totam
1938 1784 2057 1848 molem
2088 1785 2155 1851 irae

161 1870 308 1945 Balaam,
338 1868 388 1933 cui
419 1867 623 1950 propositum
653 1875 722 1931 eret
751 1868 856 1932 lucem
885 1877 1074 1933 convertere
1096 1869 1129 1932 in
1183 1867 1257 1945 Dei,
1287 1866 1363 1949 quia
1391 1866 1461 1932 eius
1482 1865 1635 1933 fluctibus
1659 1868 1826 1951 affligitur.
1870 1868 1940 1932 Iam
1964 1891 2064 1952 quum
2089 1883 2153 1936 tam

162 1955 323 2034 tenebras,
352 1965 484 2018 coactus
515 1962 624 2017 tamen
653 1952 716 2017 fuit
745 1954 939 2034 exclamare,
972 1954 1132 2018 Moriatur
1184 1951 1338 2017 horribile
1367 1951 1530 2017 diluvium
1561 1953 1753 2036 prophetam
1784 1974 1848 2017 non
1872 1954 2059 2036 impedierit
2079 1978 2153 2039 quo·

160 2042 467 2105 animameemorte
482 2038 651 2104 iustorum.
674 2038 951 2122 Numcapite23,
972 2059 1067 2105 versu
1081 2040 1131 2105 10.
1184 2039 1293 2104 minus
1322 2059 1378 2105 cor
1407 2057 1504 2103 suum
1534 2048 1567 2102 et
1596 2048 1672 2103 vota
1694 2039 1734 2102 ad
1757 2038 1865 2103 Deum
1889 2040 2074 2105 extolleret:
2108 2041 2153 2106 di·

160 2126 276 2209 Itaque
299 2134 406 2208 posset
428 2123 530 2190 rideri
552 2124 714 2189 sententia
735 2123 815 2191 hacc
833 2125 961 2208 profani
980 2123 1130 2202 hominis,
1184 2144 1313 2190 scamus
1335 2124 1404 2190 eius
1426 2124 1584 2206 exemplo,
1607 2125 1641 2187 in
1664 2125 1815 2189 omnibus
1838 2126 2018 2210 naufragiis
2037 2130 2153 2194 nostris

162 2212 271 2277 Deum
296 2233 360 2276 non
384 2231 454 2276 csso
477 2209 616 2292 amplius
638 2230 815 2275 memorem
842 2210 984 2276 hominis
1003 2212 1132 2276 mortui.
1184 2229 1335 2276 ancorum
1357 2209 1433 2274 fidei
1456 2219 1489 2274 et
1533 2230 1642 2275 recum
1665 2211 1700 2273 in
1723 2210 1827 2276 coelos
1848 2211 1961 2276 iacere.

162 2297 345 2380 Responsio
375 2296 444 2361 dari
474 2306 589 2378 potest,
623 2296 814 2379 prophetam
842 2319 882 2362 ex
913 2296 1005 2380 vulgi
1033 2317 1131 2362 sensu
1269 2295 1300 2359 9.
1316 2231 1531 2380 (Removatrl
1562 2294 1672 2375 Quum
1689 2296 1842 2361 humanis
1857 2296 2007 2362 omnibus
2024 2298 2154 2365 auxiliis

162 2384 261 2465 loqui,
290 2382 386 2448 sicuti
417 2382 517 2445 etiam
538 2381 710 2464 scriptura,
739 2403 839 2464 quum
863 2382 902 2447 de
924 2381 1132 2465 providentia
1183 2381 1317 2447 orbatus
1339 2390 1423 2447 essct
1445 2381 1613 2464 propheta,
1638 2380 1698 2448 hcc
1720 2402 1846 2465 quoque
1863 2383 1931 2448 irae
1948 2381 2012 2448 Dei
2034 2383 2153 2450 adseri·

162 2469 224 2533 Dei
247 2469 366 2553 agitur,
390 2467 513 2552 stylum
531 2467 751 2533 accommodat
772 2468 813 2533 ad
837 2467 998 2534 visibilem
1016 2467 1130 2533 mundi
1183 2468 1240 2548 bit,
1262 2468 1296 2532 in
1319 2467 1410 2532 curius
1433 2467 1567 2531 arbitrio
1589 2476 1638 2532 est
1659 2468 1788 2533 flectere
1810 2467 1907 2533 corda
1925 2467 2096 2535 hominum
2115 2471 2153 2535 ad

161 2562 292 2632 statum,
323 2553 400 2636 quia
433 2552 474 2618 ad
508 2551 652 2617 futuram
684 2554 795 2634 vitam,
827 2574 910 2636 quae
943 2553 1131 2619 abscondita
1184 2552 1439 2631 humanitatem,
1480 2551 1530 2617 vel
1564 2553 1676 2618 eadem
1710 2554 1856 2619 efferare.
1911 2552 2006 2633 Quod
2041 2566 2153 2620 notatu

162 2649 220 2716 eet,
240 2640 371 2705 nonnisi
388 2636 550 2723 gradatim
563 2638 819 2704 conscendimus.
848 2639 1010 2703 Existimo
1022 2647 1131 2703 tamen
1185 2637 1320 2721 dignum
1342 2647 1407 2703 est:
1431 2640 1507 2720 quia
1529 2639 1592 2702 nisi
1615 2639 1650 2702 in
1672 2640 1862 2705 memoriam
1882 2650 2061 2718 succurrat,
2084 2642 2155 2707 ideo

163 2725 357 2809 prophetam
396 2724 501 2806 magis
541 2742 582 2786 ex
623 2723 812 2788 turbulento
845 2724 957 2788 alflicti
991 2725 1132 2789 hominis
1185 2744 1243 2788 nos
1276 2722 1409 2787 destitui
1443 2724 1594 2788 humanis
1627 2723 1756 2802 mediis,
1791 2725 1866 2808 quia
1896 2723 1989 2791 Deus
2022 2747 2155 2791 menum

164 2832 264 2877 sensu
293 2810 464 2892 loquutum
494 2828 573 2889 esse,
604 2828 702 2891 quam
731 2809 913 2892 respexisse
935 2810 1012 2893 quid
1035 2810 1131 2875 rudes
1184 2829 1277 2873 suem
1299 2806 1458 2886 subducit,
1482 2808 1723 2874 tumultuamur
1744 2811 1815 2874 sine
1838 2812 1902 2875 fine
1924 2820 1959 2875 et
1979 2812 2093 2877 modo:
2124 2821 2155 2876 et

164 2907 197 2961 et
229 2894 371 2978 imperiti
404 2893 557 2958 sentiant.
612 2894 680 2960 Noc
712 2895 833 2959 mirum
867 2902 932 2978 est,
968 2894 1130 2960 hominem
1185 2896 1255 2959 iure
1285 2892 1417 2976 quidem
1447 2895 1601 2975 conqueri
1631 2893 1741 2960 licebit
1767 2895 1806 2960 de
1831 2896 1999 2961 hominum
2023 2898 2153 2981 ingrati·

163 2983 280 3065 spiritu
298 2980 362 3046 Dei
385 2979 578 3062 praeditum,
601 2979 657 3045 ubi
680 2980 860 3062 praevaluit
877 3000 1015 3058 moeror,
1037 2982 1132 3064 quasi
1186 2980 1308 3055 tudine,
1339 2979 1391 3046 vel
1415 2980 1561 3059 saevitis,
1584 2981 1711 3063 quoties
1734 2981 1827 3046 iustis
1849 2982 1963 3047 officiis
1985 3003 2046 3049 nos
2069 2983 2153 3048 iruu-

164 3067 338 3133 attonitum
377 3064 479 3131 fuisse
519 3074 556 3130 ut
596 3084 709 3131 rocem
748 3087 862 3148 parum
895 3065 1131 3132 consideratum
1186 3065 1324 3131 dabunt:
1354 3063 1412 3130 sed
1434 3064 1494 3129 hoc
1515 3064 1661 3148 profectu
1683 3065 1814 3148 carebit,
1838 3067 1900 3131 nisi
1923 3066 2055 3133 accedat
2076 3068 2155 3135 haec

165 3154 336 3219 emitteret.
389 3149 552 3230 Quamvis
584 3150 672 3216 enim
706 3152 809 3218 serris
839 3151 903 3216 Dei
932 3153 966 3216 in
996 3154 1132 3217 summis
1185 3152 1336 3235 cognitio,
1360 3150 1434 3233 quia
1457 3151 1548 3218 Deus
1570 3152 1662 3217 nobis
1686 3153 1830 3218 offensus
1853 3160 1912 3227 eet,
1936 3153 2050 3220 tollere
2072 3174 2155 3238 quae

164 3236 463 3324 perturbationibus
503 3235 585 3302 fides
624 3236 705 3302 haec
737 3236 840 3302 infixa
872 3245 1021 3318 maneat,
1060 3238 1132 3303 Deo
1184 3238 1277 3301 nobis
1300 3237 1520 3302 destinaverat
1542 3236 1703 3304 subsidia:
1726 3239 1822 3304 sicuti
1867 3246 2031 3321 romptom
2055 3240 2085 3305 ei
2107 3250 2155 3305 est
2209 3258 2222 3297 ι·

164 3345 263 3390 curae
291 3343 361 3389 esse
384 3330 451 3387 tam
476 3320 571 3387 νίνου
594 3343 693 3405 quam
714 3332 874 3388 mortucsz
904 3343 999 3406 saepe
1021 3332 1131 3388 tamen
1184 3323 1312 3406 quoties
1339 3323 1446 3387 visum
1468 3322 1579 3401 luerit,
1607 3322 1779 3390 conciliare
1799 3260 1892 3389 nolis
1915 3325 2063 3390 omnium
2086 3326 2154 3389 ani·
2202 3355 2222 3367 -

165 3431 276 3475 eorum
307 3417 432 3473 mentes
456 3405 623 3472 obnubilat
652 3407 752 3488 dolor,
782 3417 905 3474 utnon
929 3419 1076 3474 occurrat
1098 3410 1132 3474 in
1186 3429 1255 3474 mos
1288 3417 1326 3473 ut
1364 3429 1496 3473 manum
1531 3409 1709 3493 porrigant.
1763 3408 1867 3475 Addit
1898 3410 1998 3475 etiam
2031 3409 2154 3493 aliquid
2190 3403 2222 3471 l

164 3517 200 3562 re
237 3494 400 3578 praesenti
433 3491 498 3557 Dei
537 3492 749 3576 providentia.
803 3493 875 3561 Hoc
908 3494 996 3559 inter
1026 3496 1132 3579 queri·
1185 3494 1329 3578 gravius,
1358 3514 1393 3560 se
1415 3493 1517 3559 fuisse
1539 3494 1761 3561 detestabilem
1785 3495 1937 3563 omnibus
1959 3496 2088 3563 amicis:
2119 3516 2154 3563 ac
2184 3510 2222 3555 ε

164 3582 291 3647 monice
314 3578 373 3646 Iob
396 3579 525 3661 saepius
547 3577 806 3645 animadvertere
828 3578 912 3659 lieet,
943 3579 1019 3646 dum
1043 3601 1133 3663 prae
1187 3577 1318 3645 tandem
1339 3578 1503 3647 concludit
1527 3580 1655 3646 nullum
1677 3580 1745 3646 suis
1767 3580 1862 3645 malis
1884 3588 1995 3664 petere
2018 3582 2153 3649 exitum.
2184 3625 2221 3643 -

165 3666 312 3751 occupati
344 3673 422 3732 eunt
455 3664 581 3747 piorum
610 3664 709 3730 animi
738 3665 889 3744 tristitia,
924 3686 989 3730 non
1022 3667 1133 3732 statim
1273 3665 1322 3732 10.
1345 3664 1479 3752 (cacus
1499 3664 1609 3751 meus.)
1648 3666 1699 3732 Ne
1721 3665 1913 3749 prophetam
1935 3666 2222 3751 imagitionum

164 3764 336 3836 penetrare
376 3749 417 3817 ad
457 3769 608 3816 arcanam
641 3750 704 3817 Dei
736 3751 989 3835 providentiam,
1034 3771 1133 3836 quam
1186 3750 1287 3818 fnisse
1309 3752 1460 3829 ferroum,
1484 3772 1598 3818 rursus
1619 3752 1761 3817 inculcat
1778 3752 1839 3819 sibi
1859 3760 1927 3817 tam
1942 3752 2042 3818 duras
2056 3755 2155 3819 fuisse
2180 3762 2222 3809 ε

165 3850 276 3905 mereo
298 3835 398 3922 probe
419 3833 568 3900 meditati
589 3843 675 3915 sunt,
701 3846 734 3903 et
754 3836 950 3920 insculptam
972 3838 1007 3903 in
1029 3837 1134 3904 cordi·
1187 3848 1220 3902 et
1249 3837 1401 3903 molestas
1432 3836 1631 3915 afflictiones,
1662 3846 1698 3903 ot
1727 3838 1762 3903 in
1791 3837 1885 3903 vultu
1915 3846 1948 3902 et
1976 3839 2081 3905 oculis
2103 3860 2155 3905 ex·
2181 3865 2222 3883 ⁶

164 3927 226 3990 bus
244 3925 312 3990 suis
329 3930 468 4005 gestant.
498 3921 588 4007 Ergo
606 3922 773 4006 propheta,
791 3923 941 4006 quamvis
958 3943 1134 4008 persuasus
1186 3933 1311 3988 starem
1332 3922 1513 3988 moestitiae
1527 3923 1630 4007 signa,
1653 3922 1740 3988 unde
1757 3923 1940 4009 colligimus
1957 3935 2154 4008 quantopere
2189 3932 2222 3980 ε

167 4016 254 4075 esset
274 4016 422 4075 mortuos
443 4026 568 4090 quoque
590 4028 661 4074 esee
679 4007 740 4074 sub
759 4008 954 4086 tutelaDei,
976 4009 1135 4093 inprime
1187 4007 1331 4075 deiectus
1363 4007 1471 4073 fuerit.
1526 4006 1592 4074 Sed
1625 4009 1751 4075 interea
1783 4016 1922 4076 testatur
1955 4031 1990 4074 se
2020 4012 2155 4076 minimo
2191 4018 2222 4063 ε

166 4104 276 4159 mmen
307 4093 460 4159 tristitiae
489 4091 613 4175 impetu
640 4113 707 4158 non
730 4101 798 4158 tam
820 4094 997 4177 composite
1020 4095 1133 4178 loquu—
1186 4094 1285 4159 luisse
1307 4114 1327 4159 a
1347 4094 1418 4161 Dec
1438 4091 1646 4173 abstractum,
1667 4106 1705 4159 ut
1724 4093 1818 4161 multi
1841 4113 1952 4161 secum
1976 4096 2074 4163 tacite
2091 4096 2155 4161 fre·
2196 4116 2222 4136 ⁴

166 4193 221 4245 tue
253 4186 305 4244 est
332 4188 369 4244 ut
401 4175 549 4243 decebat:
589 4178 666 4262 quia
698 4180 889 4246 suffocatum
923 4190 994 4246 crat
1025 4181 1133 4247 lumen
1186 4189 1322 4255 mentes,
1353 4180 1565 4262 fraenumque
1593 4178 1754 4260 rodentes,
1784 4188 1820 4246 ut
1842 4188 1892 4246 est
1914 4180 1947 4244 in
1970 4182 2154 4263 proverbio,
2208 4219 2222 4244 .

166 4266 252 4346 fidei,
279 4261 364 4348 quod
391 4262 502 4329 statim
531 4264 673 4344 emicuit,
702 4275 739 4331 ut
767 4263 958 4331 ridebimus.
1001 4267 1047 4332 Et
1073 4267 1134 4333 hoc
1186 4265 1269 4329 nihil
1300 4267 1408 4332 minus
1441 4263 1504 4329 sibi
1536 4276 1723 4350 proponunt
1754 4286 1851 4351 quam
1884 4284 1961 4331 suas
1992 4288 2090 4334 coras
2122 4269 2154 4333 in
2217 4286 2222 4317 ¹

167 4360 282 4418 notato
311 4349 348 4414 in
377 4347 491 4431 primis
521 4349 601 4415 utile
625 4361 684 4430 est,
718 4372 759 4416 nc
788 4352 816 4417 si
847 4352 1044 4418 tentationes
1075 4373 1134 4418 nos
1186 4350 1294 4418 Deum
1323 4369 1509 4430 exonerare,
1539 4360 1577 4417 ut
1597 4351 1747 4417 solatium
1771 4351 1811 4417 ab
1833 4372 1871 4416 eo
1892 4358 2014 4433 petant
2061 4351 2155 4435 Quod
2216 4392 2222 4401 .

168 4437 346 4510 debilitent,
368 4432 494 4499 animos
515 4442 623 4500 umen
645 4435 914 4520 despondeamus.
1187 4436 1226 4501 de
1258 4457 1411 4502 monam
1438 4439 1613 4504 eanum
1640 4436 1728 4515 dicit,
1759 4438 1888 4521 signum
1918 4438 2011 4518 ponit
2041 4460 2099 4522 pro
2121 4460 2155 4504 re

1185 4521 1266 4605 ipsa.
1321 4521 1409 4587 Alibi
1446 4532 1554 4588 autem
1593 4522 1736 4588 diximus
1768 4542 1922 4605 quorsum
1956 4525 2156 4606 spectaverit

253 4607 284 4673 7.
308 4606 448 4674 Poenici
469 4624 518 4672 me
538 4605 575 4670 ic
592 4605 683 4686 {mec
701 4607 821 4690 infirm,
846 4607 882 4673 irc
902 4606 1078 4688 unebrocic,
1099 4608 1135 4674 is
1186 4607 1266 4674 baec
1284 4610 1496 4688 caeremonia,
1514 4630 1596 4692 quac
1614 4608 1752 4674 saeculis
1769 4605 1918 4673 omnibus
1935 4606 1999 4674 fuit
2016 4609 2052 4676 in
2069 4632 2156 4679 com·

162 4691 442 4778 profunditatibus.
476 4692 505 4758 8.
527 4690 630 4773 Super
649 4692 1133 4778 metamaucensem,
1186 4692 1279 4758 muni
1303 4714 1373 4760 osu.

168 4785 197 4846 ct
217 4778 356 4846 omuibus
373 4778 518 4858 flacitus
537 4778 602 4843 luia
623 4776 769 4859 offlirisls'
789 4798 846 4845 me.
878 4777 980 4845 aaut.
1020 4779 1051 4845 9.
1074 4778 1133 4845 Re·

167 4865 293 4930 motisb'
320 4868 407 4930 cuca
432 4883 515 4930 mccc
536 4884 557 4929 c
578 4882 636 4943 me,
659 4864 1134 4944 praemonstrationes
1274 4864 1322 4929 11.
1350 4863 1405 4929 An
1432 4867 1563 4931 moncia
1590 4865 1690 4949 facies
1717 4864 1930 4930 miraculum?
1964 4885 2008 4930 cn
2038 4869 2155 4934 monui

167 4950 252 5016 illis:
284 4950 443 5016 conducas
476 4969 546 5015 sam
581 4954 616 5013 ut
643 4968 704 5013 acc
731 4950 883 5033 eruar.
935 4950 985 5017 10.
1019 4949 1136 5017 Ocius
1185 4953 1343 5034 carpentes
1360 4950 1581 5033 wcfiubuntw
1601 4950 1684 5017 titt?
1721 4948 1823 5016 aas.
1866 4952 1916 5017 12.
1935 4951 1991 5017 An
2007 4953 2156 5019 namaci-

168 5055 254 5101 meuc
274 5034 352 5101 dolet
366 5055 450 5117 prce
469 5034 636 5118 efflictim
657 5054 742 5100 mea:
763 5034 869 5103 invoco
885 5039 913 5103 le
930 5035 1044 5104 lebera
1060 5055 1133 5119 quc·
1186 5039 1239 5100 tur
1252 5035 1288 5100 ia
1301 5035 1440 5116 sepulcro
1455 5036 1613 5104 &memo
1628 5042 1693 5117 tac,
1710 5037 1829 5104 cuiae
1843 5043 1898 5103 tua
1914 5037 1949 5102 in
1964 5037 2155 5126 inmature)

168 5121 253 5199 tidie,
275 5120 415 5202 cupam
436 5121 479 5188 ad
499 5125 528 5187 tc
546 5140 660 5186 monus
679 5140 774 5188 mccc.

1273 5220 1302 5291 ‘l
1319 5237 1352 5277 en
1370 5223 1397 5277 la
1413 5224 1559 5294 perdition,
1578 5239 1613 5280 es
1629 5237 1735 5293 merge:
1753 5240 1789 5280 cn
1808 5225 1834 5279 la
1852 5232 1931 5282 mort.
