4658 5856
204 319 266 382 211
322 330 324 335 ’
1041 309 1259 381 estoldus
1282 313 1362 379 XX.
2130 316 2203 379 212

205 506 331 588 reliquo
354 503 476 568 mundo
497 503 638 569 conferri
660 503 808 568 arbitror.
847 502 919 568 Hoc
941 501 1028 566 onim
1047 498 1175 565 ounotis
1231 503 1296 568 oris
1319 503 1424 567 nostri
1447 502 1600 569 Christus
1622 503 1663 570 110
1685 523 1751 586 quo
1773 503 1925 583 diximus,
1947 505 1984 569 in
2006 504 2121 569 umbra
2144 511 2203 569 tua

205 591 275 656 fere
297 590 491 657 mortalibus
512 589 663 655 videmus
685 610 755 654 esse
777 588 970 672 ingenitum,
993 597 1030 651 ut
1047 584 1177 682 quantis
1232 591 1379 654 vivemus
1401 590 1488 654 inter
1517 599 1642 674 gentes.
1685 590 1765 656 ldeo
1797 592 1896 657 otiam
1920 591 2048 672 quoties
2070 590 2203 654 restitu-

206 679 344 759 quisque
384 678 508 758 opibus,
550 676 703 757 1101611111.
749 675 800 739 Vel
842 672 1039 738 militaribus
1077 689 1178 750 ⁰⁰P11⁸
1232 676 1354 740 tionem
1386 675 1541 741 ecclesiae
1571 697 1649 742 snae
1683 677 1854 760 promittit,
1890 676 1983 741 Dens
2016 677 2202 760 symbolum

206 765 373 845 praeditus
403 773 462 838 est,
496 771 625 824 tantum
655 762 815 843 concipiat
843 759 955 824 animi·
975 769 1009 823 et
1031 756 1178 822 fiduciae.
1231 761 1347 826 salutis
1369 764 1522 844 proponit
1544 763 1577 827 in
1601 783 1714 844 regna.
1751 761 1848 828 Nunc
1867 763 2025 837 videmus,
2049 784 2113 827 non
2130 764 2202 827 abs·

130 866 137 879 ·
206 850 361 914 'l'estatur
384 867 462 930 erga
485 847 624 929 populus
645 847 706 911 Dei
724 869 759 910 se
777 869 841 910 non
861 845 988 928 vulgari
1005 842 1178 908 hominum
1232 867 1295 929 quo
1317 848 1440 927 optima
1462 848 1590 913 ratione
1618 848 1731 912 fideles
1753 847 1873 927 induci,
1901 848 2062 912 auxilium
2086 868 2105 911 a
2127 868 2204 930 rege

207 957 296 999 more
326 955 417 1017 spem
448 933 570 998 locasse
599 933 634 995 in
668 933 768 996 armis
799 931 850 995 vel
874 932 988 995 bellico
1010 938 1179 1010 apparatu,
1233 943 1388 1014 petentes,
1419 935 1470 997 oni
1498 934 1534 997 in
1562 932 1659 998 fidem
1689 944 1722 999 et
1751 934 1931 999 custodiam
1963 934 2030 997 dati
2052 944 2140 1011 sunt,
2171 944 2205 997 et

207 1021 263 1084 sed
287 1033 414 1084 tantum
438 1019 471 1082 in
495 1018 619 1082 auxilio
641 1017 714 1082 Dei.
755 1016 867 1098 Quum
887 1027 996 1082 autem
1016 1015 1097 1078 haec
1117 1009 1180 1077 duo
1231 1019 1285 1099 qui
1319 1018 1384 1082 Dei
1416 1019 1486 1084 loco
1519 1021 1552 1083 in
1586 1019 1692 1100 capite
1725 1040 1836 1084 eorum
1870 1019 2042 1101 praesidet.
2098 1019 2204 1084 Sicuti

207 1106 294 1169 inter
327 1127 361 1171 00
394 1107 529 1188 opponit
562 1106 709 1186 spiritus,
743 1102 920 1166 notandum
953 1113 1011 1178 est,
1043 1098 1180 1164 simulac
1232 1104 1381 1168 Micheas
1404 1104 1481 1168 dicit
1503 1106 1532 1181 2,
1558 1104 1613 1169 13:
1657 1104 1824 1169 Transibit
1845 1126 1905 1169 rex
1928 1126 2035 1170 coram
2059 1105 2149 1186 ipsis,
2172 1113 2206 1169 et

207 1202 335 1256 mentes
364 1207 492 1255 nostras
514 1206 649 1272 occupat
671 1189 780 1253 carnis
802 1188 933 1271 fiducia,
956 1187 1021 1252 Dei
1043 1185 1179 1249 oblivio·
1213 1187 1354 1254 .Iehova
1382 1191 1416 1254 in
1445 1192 1550 1272 capite
1581 1211 1704 1255 eorum.
1750 1188 1877 1271 Quibus
1901 1192 2008 1255 verbis
2030 1190 2203 1274 significat,

207 1299 281 1341 nem
302 1275 536 1359 quodammodo
555 1275 725 1340 obducere.
771 1274 861 1338 Fieri
880 1277 968 1339 enim
988 1293 1054 1338 non
1072 1279 1179 1353 potest
1232 1294 1342 1358 regem
1376 1276 1444 1340 fore
1477 1277 1581 1340 instar
1613 1275 1747 1359 speculi,
1785 1279 1818 1340 in
1853 1297 1917 1358 quo
1950 1276 2107 1359 affulgeat
2139 1275 2201 1341 Dei

206 1375 245 1426 nt
267 1364 323 1444 qni
347 1384 407 1427 sua
428 1364 550 1425 virtute
572 1363 714 1426 confisus
738 1361 908 1427 victoriam
927 1359 989 1424 sibi
1009 1356 1178 1440 promittit,
1231 1360 1350 1444 imago.
1394 1361 1507 1426 Redeo
1528 1381 1618 1426 nuno
1639 1361 1679 1427 ad
1704 1374 1909 1444 praesentem
1933 1362 2048 1427 locum.
2092 1362 2202 1445 110111)-

207 1449 241 1512 111
264 1448 372 1513 Deum
405 1449 565 1529 respiciat.
611 1447 689 1511 Ideo
721 1445 914 1511 recordandi
943 1445 1046 1509 verbo
1075 1440 1179 1506 utitur
1232 1447 1296 1509 tica
1314 1446 1470 1528 loquutio,
1492 1468 1591 1529 quum
1610 1447 1739 1524 dicitur,
1762 1469 1859 1512 serva
1877 1448 2029 1522 Domine,
2047 1450 2202 1512 maiorem

207 1534 374 1616 propheta,
409 1545 445 1597 ut
467 1532 617 1596 ostendat
640 1531 752 1597 fideles
776 1532 906 1595 nonnisi
929 1551 1050 1596 vacuos
1073 1527 1177 1592 omni·
1230 1533 1376 1596 continet
1394 1533 1576 1615 emphasin,
1594 1552 1691 1615 quam
1710 1534 1738 1596 si
1756 1534 1918 1597 adiectum
1939 1534 2052 1599 luisset
2069 1553 2203 1597 nomen:

206 1620 266 1684 bus
295 1620 536 1701 impedimentis
559 1618 599 1682 ad
618 1617 725 1682 Deum
745 1620 930 1700 confugere.
975 1617 1078 1681 Porro
1098 1614 1178 1710 11000
1230 1618 1307 1698 qaia
1336 1617 1398 1682 hoo
1420 1620 1514 1684 modo
1536 1617 1678 1684 ostendit
1701 1617 1822 1698 David,
1850 1621 2068 1684 communiter
2090 1618 2130 1681 ad
2154 1632 2204 1681 to·

206 1704 267 1769 Dei
298 1708 477 1770 recordatio
514 1705 654 1785 primum
686 1703 807 1780 fideles,
845 1702 1044 1785 quibuslibet
1077 1699 1178 1781 00ρὶιο
1231 1716 1299 1765 tum
1328 1703 1484 1768 eeclesiae
1514 1725 1631 1788 corpus
1656 1719 1805 1787 spectare
1834 1705 1975 1769 salutem
2006 1706 2115 1769 istam.
2159 1705 2205 1768 Et

205 1791 361 1875 polleant,
385 1791 522 1855 retrahit
541 1804 647 1853 tamen
668 1811 791 1853 avana
809 1789 1017 1866 confidentia,
1040 1808 1081 1850 ne
1099 1784 1176 1868 quid
1231 1788 1318 1853 Psal.
1354 1790 1427 1869 118,
1461 1790 1503 1855 25
1536 1791 1649 1855 eadem
1684 1791 1858 1855 verborum
1889 1791 1994 1855 forma
2023 1791 2205 1871 coneipitur

205 1878 337 1941 aliunde
376 1898 473 1959 quam
513 1898 554 1939 ex
594 1897 684 1939 mera
724 1876 785 1939 Dei
832 1877 938 1958 gratia
977 1881 1176 1954 exspectent.
1229 1875 1383 1957 precatio,
1398 1896 1493 1957 quam
1510 1877 1644 1941 eandem
1657 1897 1728 1942 esse
1739 1888 1863 1939 certum
1884 1886 1942 1941 est.
1986 1875 2126 1940 Summa
2146 1887 2204 1952 est,

205 1963 331 2026 Deinde
354 1965 381 2028 si
405 1961 554 2026 omnibus
577 1960 731 2025 subsidiis
752 1961 856 2025 orbati
874 1962 941 2025 sint
960 1981 997 2024 ac
1019 1958 1177 2039 destituti,
1230 1973 1267 2023 nt
1300 1961 1390 2026 Deus
1423 1982 1534 2045 regem
1568 1982 1663 2026 suum
1698 1961 1918 2026 benedicendo
1954 1962 2056 2027 totius
2092 1962 2204 2047 populi

202 2049 377 2114 coufirmat
406 2061 513 2111 tamen
544 2056 581 2111 ut
609 2047 772 2128 intrepide
805 2057 839 2111 et
861 2056 1048 2111 constanter
1069 2042 1176 2106 Deum
1230 2056 1379 2111 servator
1406 2059 1570 2131 appareat.
1613 2047 1744 2111 Deinde
1770 2049 1968 2128 exprimitur
1990 2048 2106 2112 salutis
2135 2067 2204 2112 mo·

203 2135 368 2199 invocent.
413 2132 520 2199 Sicuti
539 2155 669 2198 rursum
689 2133 818 2214 profani
837 2131 998 2209 homines,
1020 2131 1077 2194 ubi
1097 2129 1177 2192 viri·
1230 2130 1301 2209 dus,
1332 2140 1370 2197 ut
1399 2155 1457 2198 rex
1488 2133 1551 2199 Dei
1582 2135 1704 2198 virtute
1726 2134 1909 2198 instructus
1932 2135 1977 2198 sit
1999 2133 2038 2197 ad
2062 2133 2204 2197 liberan-

205 2221 264 2283 bue
288 2220 419 2301 pollent,
442 2219 594 2300 superbia
612 2219 786 2294 excaecati,
811 2239 878 2283 non
896 2218 1047 2282 dubitant
1065 2237 1178 2280 secure
1230 2216 1309 2280 dum
1343 2220 1509 2301 populum,
1545 2220 1671 2302 quoties
1708 2221 1778 2283 eius
1811 2240 1905 2301 opem
1938 2218 2204 2301 imploraverint:

203 2303 313 2369 Deum
333 2317 559 2370 contemnere:
584 2305 625 2368 ad
644 2305 786 2386 inopiam
806 2323 884 2367 vero
903 2302 1037 2378 redacti,
1060 2302 1178 2365 misere
1230 2304 1307 2384 quia
1336 2324 1402 2368 non
1433 2304 1528 2369 aliter
1558 2326 1657 2388 quam
1688 2306 1758 2371 eius
1782 2326 1880 2368 manu
1904 2315 1938 2368 et
1960 2324 2059 2386 opera
2081 2305 2205 2387 promi·

205 2403 434 2473 expavescunt.
491 2391 641 2473 Denique
675 2391 766 2454 nobis
800 2388 853 2454 hic
887 2388 951 2452 Dei
985 2385 1177 2452 memoriam
1230 2397 1317 2465 serat
1354 2387 1448 2456 Deus
1478 2413 1556 2457 suos
1585 2390 1655 2457 fore
1684 2391 1801 2456 salvos.
1853 2391 1964 2454 Hodie
1994 2391 2205 2454 monitostato

203 2477 410 2543 commendat
431 2477 576 2559 spiritus,
599 2498 681 2558 quae
704 2488 770 2539 tam
794 2475 829 2538 in
854 2476 1002 2538 nuditate
1022 2494 1118 2556 quam
1142 2473 1176 2535 in
1230 2473 1363 2539 Obristo
1393 2475 1556 2542 discamus
1590 2476 1679 2541 huno
1702 2477 1857 2541 honorem
1881 2476 2018 2559 deferre,
2041 2498 2082 2540 ne
2105 2476 2205 2540 aliam

203 2565 304 2643 copiis
334 2565 480 2646 vigorem
510 2584 607 2626 suum
639 2561 795 2636 retinens,
831 2581 933 2624 vanas
963 2580 1038 2640 spes
1060 2559 1177 2640 quibus
1229 2559 1377 2637 salutem,
1402 2562 1464 2625 nisi
1488 2584 1585 2644 quam
1610 2562 1704 2627 nobis
1726 2582 1745 2625 0
1767 2576 1859 2644 patre
1878 2563 2002 2642 afferet,
2025 2582 2205 2644 speremus.

203 2648 310 2712 inflari
333 2651 414 2712 solet
436 2668 520 2726 caro,
550 2647 689 2728 subigat.
735 2644 880 2709 Verbum
905 2656 1010 2729 qim
1030 2646 1106 2726 quia
1128 2654 1177 2708 est
1230 2645 1311 2709 Eius
1340 2666 1418 2710 vero
1450 2658 1530 2711 tuno
1552 2647 1683 2720 demum
1706 2648 1810 2712 futuri
1831 2669 1945 2712 sumus
1965 2647 2153 2729 participes,
2176 2649 2204 2712 si

204 2734 237 2797 in
261 2735 492 2816 coniugatione
510 2732 626 2813 hiphil,
651 2732 823 2796 transitive
841 2732 973 2812 quidam
994 2739 1176 2813 exponunt,
1228 2750 1342 2796 omnes
1364 2735 1425 2796 sub
1448 2735 1614 2798 communi
1645 2745 1756 2797 nostro
1777 2735 1881 2814 capite
1903 2734 1939 2796 in
1961 2754 2063 2797 unum
2086 2754 2205 2814 corpus

203 2820 367 2883 recordari
391 2819 555 2881 faciemus.
602 2815 666 2882 Sed
690 2818 766 2898 qnia
789 2837 910 2880 novum
936 2837 1001 2879 non
1025 2829 1176 2880 00111011-
1228 2815 1365 2895 collecti,
1389 2832 1538 2884 mutuam
1560 2819 1616 2884 alii
1640 2839 1699 2903 pro
1722 2819 1794 2882 aliis
1817 2840 1926 2884 curam
1951 2840 2114 2902 geramus,
2137 2839 2203 2883 non

204 2904 330 2967 traliter
364 2908 460 2967 etiam
495 2903 595 2983 accipi
630 2905 730 2966 verba
764 2902 850 2983 apud
883 2902 1063 2980 Hebraeos,
1093 2921 1176 2982 quae
1229 2912 1339 2967 autem
1361 2924 1508 2970 seorsum
1529 2905 1668 2987 quisque
1690 2903 1750 2969 sibi
1773 2905 1931 2970 consulat.

203 2991 333 3071 proprie
363 2990 535 3053 transitiva
564 2999 651 3064 sunt,
685 2987 856 3071 amplexus
878 3008 951 3052 sum
974 2988 1058 3070 quod
1083 3006 1175 3069 prae·

202 3079 288 3138 senti
312 3075 381 3140 loco
403 3076 518 3139 molius
541 3072 729 3156 quadrabat.
1060 3088 1065 3096 ·

288 3160 403 3245 9.(111
431 3161 588 3224 iceurooti
615 3158 711 3245 suat.)
755 3157 927 3225 Probabile
955 3170 1006 3223 ost
1027 3158 1081 3222 hic
1103 3165 1174 3221 tan·

202 3267 298 3328 quam
323 3246 424 3328 digito
448 3245 623 3310 monstrari
647 3245 780 3310 israelis
802 3245 922 3322 hostes,
946 3245 1000 3326 qui
1020 3243 1175 3309 divinitus
1547 3242 1751 3313 PSALHUS
1774 3244 1877 3311 XXI.

203 3334 357 3416 prostrati
381 3333 520 3407 fuerant,
552 3352 651 3414 quum
676 3331 757 3394 nibil
781 3332 891 3394 minus
912 3329 1059 3395 laturum
1084 3344 1175 3412 puta·

202 3432 287 3482 rent.
333 3415 453 3482 Subest
475 3429 584 3480 autem
608 3419 706 3480 tacita
724 3415 899 3479 antithesis
917 3417 1003 3479 inter
1023 3416 1175 3479 ferociam
1200 3458 1203 3477 1
1229 3413 1312 3467 ABG·
1332 3415 1454 3495 P⁸⁸l¹¹¹¹¹⁸
1481 3416 1524 3468 hio
1552 3416 1687 3495 publicam
1713 3417 1862 3496 gratiarnm
1888 3417 2029 3500 8111011111,
2049 3435 2101 3486 pro
2121 3419 2204 3500 ,111111

203 3524 266 3584 qua
290 3502 328 3564 ad
355 3516 483 3583 tempus
506 3502 584 3564 elati
607 3502 738 3564 fuerant
763 3502 880 3577 hostes,
904 3521 1003 3582 quum
1023 3503 1176 3564 audacter
1201 3482 1203 3593 J
1331 3501 1402 3552 regis
1425 3491 1498 3537 statu
1521 3494 1651 3537 eontinet.
1686 3485 1752 3538 Erus
1776 3498 1865 3537 autem
1888 3492 1917 3538 et
1939 3489 2086 3554 superioris
2105 3490 2204 3541 similis

203 3590 368 3652 irruerent
393 3586 432 3649 011
459 3587 569 3649 omnia
588 3585 763 3667 perdenda,
782 3599 814 3648 et
833 3585 944 3666 populi
966 3585 1026 3647 Dei
1046 3607 1177 3667 oppres·
1331 3552 1459 3687 {erfoeffii
1477 3553 2036 3691 ἓξὲξ,ιιζξιωῗξξῖὲοὲῗιῖ,,ᾱὲᾛῑζαὲξέξε
2050 3573 2204 3679 ξζῗξζῗξῖἓ

205 3676 339 3739 sionem.
385 3670 490 3737 Sicuti
519 3673 605 3735 enim
640 3692 776 3753 surgere
806 3692 871 3733 non
902 3671 963 3733 11181
993 3691 1104 3732 eorum
1127 3683 1177 3733 681
1331 3690 1564 3742 essetsollicitus:
1594 3692 1632 3742 ita
1665 3707 1736 3742 nunc
1762 3692 1921 3757 ostenditur,
1953 3693 2112 3746 incolumem
2132 3696 2206 3759 regis

205 3760 260 3842 qui
285 3761 374 3840 prius
404 3758 561 3835 iacebant,
594 3759 640 3821 ita
667 3757 832 3819 incurvari
856 3765 888 3820 et
910 3755 1025 3820 cadere
1049 3755 1176 3837 proprio
1331 3764 1432 3809 atatam
1451 3758 1484 3809 ad
1503 3758 1637 3826 publicam
1656 3759 1788 3812 laetitiam
1807 3769 1945 3827 spectare:
1971 3763 2034 3881 quia
2052 3763 2104 3815 hoc
2123 3763 2205 3816 modo

206 3847 360 3909 dicuntur
378 3865 458 3926 quos
477 3846 567 3925 prius
581 3864 644 3907 sua
662 3843 821 3907 securitas
839 3842 872 3905 iu
891 3840 1028 3904 sublime
1046 3840 1176 3903 extulit.
1332 3825 1508 3877 9111101111
1527 3842 1624 3894 corpus
1642 3843 1752 3879 servare
1771 3829 1906 3898 integrum
1918 3829 1977 3882 vole
1997 3841 2033 3883 at.
2055 3833 2203 3898 Praecipue

208 3930 297 4012 Ergo
321 3930 361 3993 ab
391 3943 511 3994 eventu
542 3929 634 3994 docet
665 3928 834 4010 propheta,
865 3938 988 4008 quanto
1010 3927 1113 3989 satius
1135 3926 1178 3988 sit
1332 3896 1832 4030 {ier‘fxigmgffimre⁸32¹¹i⁰¹ffiiu2defli¹n¹¹i¹s¹¹
1850 3910 1973 4018 02¹?ssss
1992 3899 2205 4036 ἐξήρξξῗξᾟ

207 4036 281 4098 spos
313 4035 427 4079 omnes
466 4029 595 4079 nostras
635 4014 674 4078 ad
715 4013 823 4077 Deum
864 4033 966 4075 arnum
1003 4011 1177 4094 applicare,
1331 4031 1441 4096 scirent,
1466 4046 1518 4082 „on
1538 4031 1715 4098 „fimum
1743 4035 1793 4087 „b
1816 4037 1904 4101 ,295oe
1921 4034 2053 4088 divinitus
2076 4037 2205 4090 ordinato

131 4104 133 4108 ’
208 4120 304 4184 quam
329 4101 469 4181 propriis
491 4101 614 4165 viribus
636 4100 743 4163 inniti.
1333 4099 1553 4150 setoresalros.

295 4185 346 4249 10.
374 4184 503 4269 (1111000
531 4183 646 4268 seruo.)
690 4184 832 4263 Quidam
865 4202 930 4245 uno
953 4190 1108 4247 contextu
1131 4180 1177 4244 lo·

209 4285 301 4357 gunt,
339 4270 462 4334 lehova
492 4293 586 4334 serva
616 4288 745 4352 regem:
781 4268 865 4332 forte
895 4266 971 4348 quia
1000 4265 1176 4331 absurdum
1316 4268 1346 4332 1.
1383 4266 1544 4348 Praefecto
1575 4270 1726 4335 canticum
1760 4271 1911 4339 Decidio.
1958 4275 1989 4338 2.
2023 4274 2141 4341 Iehooa
2169 4278 2205 4341 in

208 4358 274 4423 illis
291 4355 420 4421 videtur
437 4355 477 4417 ad
498 4377 606 4439 regem
628 4368 804 4427 terrenum,
828 4350 912 4435 quod
930 4351 992 4416 Dei
1011 4354 1176 4433 proprium
1229 4352 1342 4417 0111010
1374 4358 1430 4418 tua
1463 4352 1629 4418 loetabitur
1662 4377 1727 4438 rea,
1760 4365 1787 4423 01
1820 4359 1855 4422 ia
1883 4360 1982 4424 001010
2016 4367 2072 4426 tuo
2105 4383 2205 4443 quam

210 4457 268 4519 est,
292 4441 474 4514 transferri,
498 4451 534 4503 ut
556 4440 679 4504 scilicet
698 4441 873 4503 invocetur
894 4447 991 4519 atque
1014 4437 1177 4500 exaudiat.
1230 4438 1396 4501 0000110111
1423 4438 1539 4502 calolo?
1583 4439 1840 4508 0110110000
1869 4447 1973 4511 cordia
1999 4449 2068 4511 01110
2087 4448 2206 4513 dedisti

209 4528 336 4595 Verum
360 4528 388 4592 si
411 4528 444 4590 in
469 4525 648 4599 Christum,
672 4536 709 4587 ut
731 4537 870 4607 oportet,
891 4523 1082 4588 coniioimus
1103 4541 1179 4585 ocu·
1231 4523 1271 4604 ci,
1301 4529 1328 4586 01
1355 4523 1438 4603 quod
1462 4524 1595 4603 protulit
1621 4525 1714 4592 latiis
1743 4531 1822 4607 suis,
1850 4550 1910 4594 noa
1932 4534 2062 4613 11090011.
2097 4531 2205 4598 seloh.

210 4615 270 4697 los,
294 4636 358 4678 non
381 4615 523 4677 01110111
546 4612 703 4673 miremur
727 4609 847 4673 Davidi
869 4620 903 4672 et
925 4611 994 4672 eius
1016 4628 1180 4672 suecesso-
1231 4607 1262 4670 4.
1300 4607 1454 4689 00001010
1487 4614 1670 4690 praevenies
1709 4633 1780 4677 eum
1819 4615 2082 4684 benedictionem
2113 4618 2205 4684 pom.

212 4702 314 4777 ribus,
346 4711 505 4782 quatenus
529 4714 698 4777 personam
722 4695 791 4757 eius
813 4707 991 4776 gestarunt,
1015 4713 1073 4774 per
1095 4693 1180 4756 simi·
1230 4694 1368 4773 impones
1388 4695 1484 4772 copiti
1506 4697 1736 4763 0100οω011001
1758 4720 1897 4765 auream.

212 4788 385 4853 litudinem
416 4783 550 4848 attribui
580 4778 664 4861 quod
694 4779 728 4842 iu
759 4781 863 4861 ipsum
887 4780 1050 4858 competit.
1094 4777 1180 4857 Quia

214 4887 324 4938 autem
355 4893 412 4953 per
441 4870 510 4932 eius
541 4887 674 4930 manum
704 4885 764 4929 nos
786 4865 870 4946 regit
891 4861 983 4943 Deus
1005 4882 1042 4927 ao
1063 4875 1179 4938 servat,
1318 4861 1448 4947 (1011000
1480 4865 1514 4926 ia
1546 4866 1679 4954 0111010.)
1729 4871 1864 4934 Poterat
1898 4871 2006 4937 David
2046 4875 2203 4957 privatim

216 4982 279 5023 non
300 4956 431 5022 aliunde
450 4954 612 5037 speranda
630 4960 680 5014 est
698 4951 796 5014 salus.
842 4946 937 5013 Sicut
955 4950 1051 5012 etiam
1071 4948 1181 5012 fideles
1233 4952 1356 5029 gratias
1378 4944 1449 5009 Deo
1477 4968 1574 5032 agere
1604 4973 1661 5033 pro
1686 4956 1832 5019 victoriis
1860 4968 1892 5020 01
1921 4960 1993 5023 01110
2017 4961 2204 5044 insignibus

214 5045 290 5110 olim
315 5045 355 5107 ad
388 5063 496 5124 regem
527 5058 632 5115 auom,
663 5049 815 5117 tanquam
839 5035 1002 5098 salvificae
1028 5034 1088 5096 Dei
1112 5055 1183 5115 gra·
1234 5031 1328 5095 donis
1351 5030 1467 5113 quibus
1489 5048 1624 5099 ornatus
1647 5038 1765 5102 fuerat:
1789 5040 1844 5104 sed
1865 5046 1977 5106 testari
1997 5049 2204 5127 propositum

216 5130 280 5194 tiae
322 5129 519 5205 ministrum,
557 5123 731 5203 confugere
770 5118 926 5184 solebant.
981 5118 1069 5181 Hinc
1102 5118 1181 5182 illud
1234 5115 1359 5194 habuit,
1393 5138 1456 5180 non
1491 5120 1586 5184 modo
1620 5142 1664 5195 se,
1697 5124 1768 5189 Deo
1801 5136 1922 5199 autore,
1956 5150 2105 5210 regnare,
2143 5132 2202 5197 sed

216 5214 377 5280 Ieremias
399 5213 522 5277 Three.
545 5211 576 5287 4,
606 5206 755 5291 20011011
777 5207 870 5289 prius
893 5205 1005 5268 citavi:
1040 5203 1184 5288 Spiritus
1235 5204 1332 5265 etiam
1362 5203 1517 5284 quidquid
1547 5207 1580 5269 in
1604 5227 1677 5270 eum
1699 5208 1790 5275 Deus
1812 5213 2007 5296 contulerat,
2038 5216 2072 5277 in
2095 5218 2203 5297 publi·
