4658 5856
168 353 230 417 737
943 351 1160 420 Petamus
1183 353 1382 421 LXXVIII.
2093 359 2155 425 738

166 542 250 623 cula,
272 564 408 625 quorum
430 552 464 607 et
484 562 641 608 numerus
661 550 694 608 et
714 542 915 625 praestantia
936 543 1040 609 caecis
1057 543 1136 626 ipsis
1187 548 1331 625 posteros
1354 542 1442 620 Sem,
1473 545 1630 628 propheta
1659 546 1711 612 hic
1740 549 1956 625 commendat,
1990 548 2076 630 quod
2100 568 2156 614 eos

167 639 219 697 cst
246 626 427 712 palpabilis.
478 625 623 693 Tandem
654 626 754 708 addit,
783 628 892 694 Deum
921 630 1043 695 iudicia
1062 629 1137 695 5555
1187 628 1377 710 praetulerit
1398 630 1548 697 omnibus
1570 632 1647 697 filiis
1669 632 1784 710 Oham,
1807 654 1907 716 quum
1931 645 2040 698 tamen
2065 633 2157 699 nulla

167 715 341 780 5551551555
362 735 424 795 per
451 713 586 796 5555155.
630 713 703 779 Etsi
733 714 820 779 enim
849 715 937 781 coelo
966 727 1000 779 51
1029 729 1136 782 terrae
1186 716 1317 798 propria
1338 714 1497 798 dignitate
1520 717 1727 783 excellerent.

167 812 272 868 certas
294 800 450 883 imposuit
468 798 557 884 leges
579 820 637 864 555
653 800 798 879 arbitrio,
816 814 849 865 et
867 814 970 865 totum
987 800 1135 866 ordinem

167 899 305 953 naturae
322 888 368 952 sic
385 886 555 969 gubernat,
578 892 616 949 51
632 885 774 971 singulis
791 889 949 953 creaturis
967 889 1135 970 proprium
1270 884 1322 950 52.
1344 884 1390 950 Et
1416 888 1551 952 15555155
1576 889 1648 970 feeit
1675 890 1770 971 quasi
1791 910 1859 955 ovea
1875 890 2031 970 papatum
2051 912 2155 971 55555,

166 975 209 1040 511
231 994 351 1038 55555
372 992 479 1051 5555,
502 992 543 1035 55
568 971 636 1036 5155
657 981 778 1051 15555,
800 974 926 1056 5551155
948 975 1056 1038 visum
1074 985 1135 1056 est,
1185 971 1369 1037 etdeduait
1395 974 1488 1053 55551
1515 977 1694 1058 prepensis
1716 977 1846 1041 deserto.
1889 975 2157 1042 5551155115

166 1060 336 1124 ministros
364 1055 496 1122 adhibet
522 993 567 1121 ad
585 1057 793 1140 exsequenda
815 1080 875 1124 aua
896 1059 1040 1141 imperia,
1068 1081 1134 1124 non
1185 1058 1221 1122 ia
1238 1063 1311 1137 tuto,
1330 1063 1357 1122 et
1373 1078 1435 1123 555
1453 1060 1638 1125 timuerant:
1659 1062 1901 1126 etadcersarics
1916 1082 2021 1126 eorum
2038 1064 2157 1143 operuit

166 1145 330 1210 consuetis
352 1142 404 1209 vel
427 1141 630 1208 naturalibus
651 1143 777 1220 madiis,
804 1142 861 1209 sed
883 1163 1002 1208 arcana
1023 1153 1055 1209 et
1078 1167 1133 1211 no·
1185 1164 1283 1209 mare.
1327 1143 1379 1209 54.
1401 1141 1446 1209 Et
1473 1146 1608 1211 adducit
1638 1166 1688 1211 eoa
1715 1149 1758 1213 aa
1785 1149 1950 1213 1555115555
1979 1149 2155 1213 sanctitatis

166 1233 216 1296 bis
245 1228 566 1312 incomprehensibili
594 1229 726 1294 virtute.
771 1228 869 1310 Quod
898 1229 1042 1296 diabolos
1063 1232 1135 1314 qni·
1185 1250 1262 1294 suae
1294 1237 1426 1294 51551555
1457 1229 1553 1308 tuac,
1586 1252 1675 1312 quem
1707 1234 1876 1314 acquisivit
1903 1232 2014 1297 dextra
2042 1233 2155 1307 riusa)

166 1315 241 1381 dam
272 1317 325 1381 hic
346 1316 453 1380 notari
475 1325 602 1398 putant,
631 1315 708 1396 quia
730 1313 885 1381 dicuntur
905 1317 1014 1400 angeli
1036 1317 1134 1393 noxii,
1186 1314 1238 1380 55.
1261 1314 1307 1379 Ε1
1331 1316 1451 1398 eaputit
1479 1337 1499 1381 a
1523 1316 1605 1398 facie
1625 1338 1730 1382 eorum
1755 1324 1866 1402 555155,
1897 1323 1924 1382 et
1950 1319 2083 1399 proiecit
2104 1339 2156 1386 eas

165 1423 234 1467 non
261 1401 390 1467 refello:
419 1401 483 1466 nisi
512 1399 597 1483 quod
624 1401 709 1466 ratio
738 1421 802 1483 qua
827 1402 988 1485 nituntur,
1018 1424 1134 1485 parum
1186 1403 1221 1466 ia
1241 1407 1352 1467 551155
1373 1400 1590 1467 haaeditatis:
1612 1408 1641 1467 ct
1656 1402 1796 1470 55511555
1810 1405 1884 1486 fecit
1898 1404 1933 1467 in
1951 1404 2157 1470 tabernaculis

165 1488 263 1553 firma
283 1496 342 1553 est.
386 1485 511 1552 Dicunt
532 1487 630 1568 enim,
652 1484 758 1552 Sicuti
781 1508 838 1570 per
860 1487 980 1554 clectos
1002 1487 1135 1570 angelos
1185 1488 1326 1569 ipsorum
1350 1486 1435 1567 filios
1456 1486 1568 1554 Israel.
1613 1489 1664 1554 56.
1688 1488 1732 1553 Et
1751 1495 1952 1567 1551555551,
1982 1495 2011 1555 et
2031 1510 2155 1556 555555·

164 1595 224 1639 555
252 1572 407 1638 beneficia
435 1571 644 1637 5551511555
671 1569 855 1654 dispensat:
888 1573 1054 1639 11551155
1077 1595 1135 1657 per
1185 1572 1334 1638 55555551
1363 1571 1468 1637 Deum
1507 1573 1674 1654 excelsum,
1714 1580 1741 1640 et
1776 1576 1952 1641 testimonie
1991 1577 2059 1640 eiua
2096 1595 2156 1641 555

164 1660 318 1743 reprobos
336 1660 417 1723 iram
435 1678 528 1723 snam
546 1658 689 1741 exsequi,
713 1679 750 1722 ac
767 1658 797 1725 si
813 1669 924 1725 assent
942 1660 1012 1725 eius
1029 1660 1135 1725 carni·
1184 1659 1403 1724 creatodieruut.
1447 1659 1498 1724 51.
1522 1659 1566 1724 Ε1
1592 1662 1698 1726 auersi
1717 1667 1798 1741 5551,
1827 1666 1855 1727 et
1878 1659 2000 1744 perfide
2021 1667 2156 1743 5555551,

163 1747 251 1811 11555.
295 1743 391 1825 Quod
420 1744 481 1809 etsi
511 1764 551 1809 cx
578 1755 669 1827 parte
691 1764 805 1810 verum
828 1766 898 1810 esse
920 1745 1031 1825 fateor,
1061 1767 1134 1827 per·
1184 1746 1266 1810 sicat
1295 1749 1403 1826 patrea
1431 1745 1499 1810 sui:
1533 1746 1640 1825 reticeri
1671 1752 1744 1812 suat
1771 1747 1865 1829 quasi
1897 1767 1991 1813 arcus
2023 1747 2155 1814 dolosraa

165 1845 300 1912 potuum
318 1843 428 1895 15555
447 1850 517 1894 asse
536 1848 636 1913 nego:
654 1828 731 1912 quia
747 1830 781 1895 in
800 1831 996 1895 contrariam
1009 1844 1133 1914 partem
1185 1829 1237 1896 58.
1260 1829 1305 1894 Et
1329 1831 1373 1896 55
1399 1831 1600 1897 iracundiam
1614 1838 1860 1913 proumuerunt
1881 1853 1950 1897 eum
1972 1833 2008 1898 ia
2028 1834 2157 1900 55551515

164 1925 341 1982 occurrunt
358 1916 499 1998 plurima
515 1915 696 1999 scripturae
715 1916 912 1982 testimonia.
945 1915 1028 1996 Quis
1046 1918 1133 1982 anim
1185 1917 1573 1997 remotissimarum
1589 1920 1659 1983 suia
1676 1919 1816 1983 adirem
1834 1938 1904 1984 eum
1921 1919 2155 1985 eonodaueruut.

163 2002 341 2086 Assyrium
366 1999 453 2066 edita
474 2001 604 2085 ingenti
625 2010 736 2084 strage
758 2003 792 2066 in
815 2002 886 2068 eius
908 2003 1063 2078 exercitu,
1094 2002 1134 2066 ab

164 2088 254 2154 urbis
281 2098 412 2153 sanctae
441 2085 609 2152 obsidione
640 2085 771 2168 repulit,
798 2088 828 2153 2.
850 2087 932 2171 Reg.
956 2090 1061 2171 capite
1085 2089 1134 2165 19,
1271 2085 1405 2172 52.(Ι1’1
1435 2089 1570 2153 trcraeire
1595 2088 1690 2175 fecit.)
1734 2089 1859 2155 Iterum
1889 2100 2062 2173 paternum
2093 2090 2155 2155 Dei

163 2196 260 2239 versu
278 2172 330 2253 35,
353 2173 417 2237 5151
435 2173 581 2256 angelus,
605 2181 684 2237 tunc
702 2170 798 2239 datus
813 2173 966 2239 ecclesiae
981 2174 1133 2257 praeses?
1186 2175 1332 2238 favorem
1361 2173 1502 2239 celebrat
1528 2195 1607 2257 erga
1633 2174 1773 2240 electum
1795 2175 1960 2259 populum,
1989 2195 2087 2258 quem
2106 2173 2157 2261 (ut

163 2257 221 2327 Sic
243 2270 276 2323 et
293 2257 429 2341 angelus
446 2259 502 2341 qui
519 2258 738 2342 primogenita
755 2259 881 2338 antidit,
903 2259 1008 2324 Exod.
1030 2261 1134 2344 capite
1185 2259 1261 2324 alibi
1286 2258 1441 2345 diximus)
1466 2261 1557 2344 gregi
1583 2261 1694 2325 ovium
1712 2267 1888 2342 comparat,
1911 2279 1949 2325 55
1967 2260 2052 2342 quod
2070 2260 2156 2326 nihil

162 2343 345 2420 undecimo,
374 2365 456 2409 vers.
487 2345 612 2427 quinto,
642 2364 707 2408 non
737 2352 864 2410 tantum
895 2344 962 2410 irae
985 2345 1049 2410 Dei
1070 2346 1135 2410 fuit
1186 2345 1236 2409 vel
1265 2345 1394 2411 consilii
1416 2346 1468 2408 vel
1494 2347 1563 2428 opis
1584 2343 1626 2410 ad
1648 2365 1683 2410 se
1706 2346 1878 2410 tutandum
1901 2344 2061 2424 hahuerit,
2093 2347 2156 2411 nisi

163 2430 316 2494 minister
337 2438 370 2493 at
392 2439 589 2512 exsequutor
611 2439 724 2496 contra
742 2431 932 2514 Aegyptios,
954 2430 1011 2495 sed
1034 2433 1133 2496 etiam
1185 2430 1279 2496 Deua
1307 2431 1446 2514 pastoris
1475 2452 1594 2496 munus
1622 2452 1660 2496 ac
1683 2442 1792 2514 partes
1813 2431 1977 2514 suscipere
1999 2430 2155 2516 dignatus

161 2514 275 2599 populi
309 2515 407 2580 saluti
440 2515 615 2581 consuluit.
667 2515 813 2582 Rursum
848 2536 947 2598 quum
977 2518 1069 2581 avari
1099 2522 1134 2582 et
1187 2519 1279 2582 toret.
1315 2517 1388 2583 Hoc
1410 2526 1519 2582 autem
1541 2539 1608 2582 non
1631 2515 1817 2600 vulgarent
1837 2517 1957 2581 amoris
1979 2517 2155 2599 specimen,

162 2599 366 2684 sanguinarii
383 2619 487 2683 reges,
508 2601 562 2665 vel
581 2600 688 2682 potius
706 2600 858 2678 latrones,
881 2601 1008 2667 coelum
1027 2612 1133 2669 torrae
1186 2602 1270 2685 quod
1289 2603 1380 2668 Dans
1401 2623 1545 2687 eousque
1565 2602 1761 2668 descendere
1782 2611 1938 2685 gravatus
1959 2623 2024 2667 non
2047 2611 2097 2667 551
2119 2612 2156 2667 51

161 2686 345 2763 miscerent,
373 2686 492 2750 Dunicl
517 2691 629 2752 tamen
650 2687 756 2769 capite
778 2684 911 2763 decimo,
942 2707 1025 2753 vers.
1048 2687 1133 2754 deci·
1185 2709 1265 2753 oves
1299 2709 1375 2754 suas
1404 2696 1560 2771 pasceret.
1611 2688 1679 2753 Nec
1708 2709 1785 2753 vero
1815 2687 1954 2753 imbellis
1983 2686 2156 2753 multitudo

162 2772 315 2837 motertio
342 2772 546 2854 pronunciat,
575 2770 756 2855 praefectos
782 2771 850 2837 11115
878 2771 977 2839 151555
1001 2784 1132 2840 5555155
1185 2773 1362 2857 quidquam
1385 2773 1543 2839 adversus
1566 2774 1675 2839 hostes
1693 2772 1842 2839 robustos
1859 2794 1896 2838 ac
1914 2771 2083 2839 bellicosos
2102 2793 2156 2857 po·

161 2857 308 2941 angelos.
352 2856 426 2922 Etsi
451 2866 560 2923 autem
582 2857 747 2941 probabile
768 2868 817 2924 eat
838 2858 985 2941 reprobis
1007 2880 1049 2924 an
1074 2860 1133 2925 elis
1186 2868 1279 2924 terat.
1331 2857 1462 2925 Scimus
1497 2859 1586 2924 anim
1618 2857 1660 2923 ad
1688 2866 1817 2943 tempus
1847 2857 1986 2924 sordidis
2019 2859 2156 2941 opificiis

161 2942 307 3010 addictos
330 2943 429 3009 fuisse
447 2964 484 3010 ac
501 2942 700 3026 mancipatas
714 2943 905 3028 Aegyptios,
928 2957 1025 3027 prout
1043 2881 1133 3029 digni
1185 2944 1349 3011 addictum
1383 2944 1486 3009 fuisse
1517 2941 1675 3027 populum
1708 2944 1815 3024 illum,
1855 2945 1947 3026 quasi
1981 2945 2155 3010 damnatus

161 3040 268 3110 erant,
297 3029 413 3095 noxios
437 3039 548 3094 15555
568 3027 762 3111 simpliciter
781 3029 835 3094 hic
858 3028 1002 3113 accipere
1023 3030 1134 3096 licebit
1185 3043 1272 3095 esset
1291 3028 1333 3094 ad
1354 3027 1487 3094 metalla
1509 3029 1562 3095 vel
1584 3026 1785 3111 lapicidinas.
1822 3029 1911 3094 Dicit
1928 3039 2035 3094 autem
2054 3030 2155 3094 151555

161 3114 202 3181 55
224 3116 353 3194 5115515,
374 3116 461 3197 5555
481 3114 627 3181 adversis
648 3112 792 3180 cladibus
814 3114 924 3180 hostes
941 3115 1052 3198 populi
1069 3117 1133 3182 Dei
1185 3114 1340 3181 deductos
1362 3115 1434 3180 sino
1456 3125 1562 3179 metu:
1585 3133 1652 3179 non
1671 3115 1757 3196 5555
1776 3134 1889 3179 secure
1910 3115 1974 3198 ipsi
1997 3123 2072 3177 tran
2096 3115 2156 3178 uil-

161 3200 392 3281 multavcrint,
433 3211 470 3266 nt
508 3220 621 3265 eorum
655 3199 863 3283 tyrannidem
896 3209 930 3264 et
960 3201 1130 3267 saevitiam
1185 3200 1289 3284 lisque
1312 3200 1431 3266 animis
1453 3201 1488 3264 in
1511 3201 1619 3265 Deum
1642 3200 1859 3279 recubuerint,
1889 3198 1946 3264 sed
1975 3200 2051 3281 quia
2073 3135 2155 3265 duce

161 3287 388 3369 reprimerent.
431 3286 506 3352 Hoc
527 3287 616 3351 enim
638 3284 735 3350 modo
756 3294 824 3350 tam
845 3285 1001 3352 coelestes
1022 3287 1131 3353 electi·
1184 3298 1217 3352 51
1238 3286 1373 3353 5551555
1395 3286 1512 3352 salutis
1533 3306 1612 3352 suae
1634 3286 1714 3365 Deo,
1744 3305 1812 3350 non
1839 3284 2013 3350 habuerint
2034 3285 2155 3350 iustam

161 3392 227 3455 555
248 3370 365 3454 angeli,
395 3392 492 3454 quam
515 3370 775 3448 cacodaemones,
804 3371 947 3438 ministri
970 3393 1132 3438 noxarum
1184 3371 1322 3437 timendi
1349 3391 1491 3451 causam,
1521 3372 1586 3436 nisi
1615 3392 1669 3436 555
1696 3392 1755 3437 555
1783 3370 1961 3435 infidelitas
1990 3369 2031 3433 ad
2055 3370 2155 3452 trepi-

160 3477 239 3522 vere
266 3467 458 3536 censentur,
490 3456 547 3523 scd
580 3455 719 3522 51155515
747 3456 865 3539 55515,
899 3459 975 3540 5515
1008 3460 1132 3542 priores
1184 3457 1327 3523 dandum
1352 3458 1570 3540 compulisset.
1607 3455 1705 3523 Unde
1726 3457 1933 3539 obstreperae
1956 3454 2032 3520 11155
2049 3475 2154 3536 voces,

160 3541 381 3606 voluntarium
413 3542 485 3607 Deo
517 3542 709 3624 obsequium
742 3554 927 3625 praestant:
967 3544 1020 3609 alii
1056 3566 1133 3611 vero
1184 3544 1254 3610 Gur
1282 3565 1341 3609 nos
1374 3544 1511 3610 coniecit
1539 3542 1631 3608 Deus
1664 3544 1700 3607 in
1729 3542 1790 3607 has
1819 3540 2009 3625 angustias?
2045 3560 2155 3605 annon

161 3648 262 3711 quum
281 3647 410 3712 semper
427 3627 558 3694 inhient
576 3629 616 3693 ad
635 3628 827 3708 nocendum,
847 3642 879 3694 at
896 3640 1003 3694 totum
1021 3630 1132 3696 orbem
1183 3640 1277 3695 erant
1311 3631 1461 3712 sepulcra
1491 3630 1526 3695 in
1556 3631 1734 3714 Aegypto?
1766 3627 1871 3693 Exod.
1896 3626 1952 3704 14,
1977 3626 2027 3690 11.
2080 3625 2154 3690 Non

162 3733 312 3778 eversum
324 3714 469 3796 cupiant,
479 3712 597 3779 idonea
607 3725 686 3780 sunt
697 3734 822 3797 organa
831 3713 925 3779 malis
936 3715 1131 3799 infligendis.
1183 3737 1261 3799 ergo
1284 3716 1480 3781 adsensum
1509 3713 1622 3798 populi
1650 3716 1790 3779 retertur
1819 3713 1994 3788 securitas,
2028 3709 2083 3775 sed
2114 3710 2154 3775 ad

247 3797 298 3864 50.
325 3797 468 3884 (Direait
494 3799 660 3886 semitam.)
709 3799 862 3865 Secundo
891 3801 1019 3883 repetit,
1049 3802 1132 3866 iram
1183 3800 1248 3866 Dei
1278 3800 1494 3883 praesidium,
1527 3821 1592 3883 quo
1623 3800 1745 3866 155155
1775 3809 1835 3875 551,
1869 3808 1906 3863 51
1928 3795 2076 3863 hostibus
2098 3794 2155 3861 de·

161 3883 227 3949 Dei
256 3886 362 3950 instar
389 3885 524 3950 violenti
553 3886 705 3952 torrentis
734 3884 910 3950 inundasse
942 3898 1043 3951 totam
1071 3890 1133 3952 Ae·
1184 3886 1309 3965 mersis,
1330 3886 1437 3969 pacati
1459 3887 1494 3951 in
1516 3885 1645 3951 deserto
1666 3887 1882 3968 quiescerent.
1927 3882 2005 3948 Alia
2026 3901 2154 3964 quoque

161 3971 1132 4139 11111111111.111111111111111115
1183 3971 1426 4122 1111118111
1444 3969 2007 4137 tritt:lttt‘tttt‘ttttt
2030 3970 2155 4138 11111

163 4078 367 4208 5555555115
397 4163 462 4207 555
492 4078 591 4207 155511
620 4151 768 4206 retentus
797 4140 857 4208 555
879 4142 941 4208 Dei
957 4078 1131 4227 pobsequio.
1183 4079 1267 4225 5555
1291 4078 2153 4224 15551115555111155155511555,5155115

163 4224 310 4293 Tandem
344 4229 478 4313 attingit
506 4226 672 4310 Propheta
700 4227 893 4293 miraculum
921 4228 1034 4293 ultimo
1063 4236 1133 4295 loco
1184 4228 1264 4292 nihil
1288 4228 1453 4305 deberent,
1477 4229 1638 4310 pervicaci
1659 4248 1788 4310 semper
1809 4247 1846 4292 ac
1869 4226 2066 4292 intractabili
2088 4226 2156 4291 fue·

161 4313 297 4391 editum,
330 4312 415 4396 quod
448 4313 570 4379 scilicet
602 4315 711 4379 omnia
740 4315 884 4397 Aegypti
917 4314 1134 4398 primogenita
1184 4314 1251 4377 rint
1271 4315 1412 4397 ingenio.
1450 4312 1607 4379 (11555515
1629 4313 1710 4378 5555
1731 4312 1795 4377 1511
1812 4311 2025 4389 liberationis,
2048 4312 2155 4376 locare

163 4418 232 4463 nna
270 4411 366 4465 nocte
400 4419 458 4482 per
491 4418 623 4463 manum
656 4398 764 4479 angeli
801 4400 890 4464 Deus
923 4400 1132 4465 interfecerit.
1184 4420 1238 4463 555
1257 4400 1291 4463 15
1311 4400 1513 4481 possessione
1531 4397 1819 4473 terracOhanaan,
1838 4398 1930 4463 cuius
1948 4419 1983 4462 se
2002 4399 2154 4480 ingressu

162 4483 270 4549 Vocat
309 4494 418 4548 autem
450 4482 629 4549 secundum
661 4504 869 4550 communem
902 4499 934 4549 51
967 4498 1132 4568 receptum
1184 4485 1434 4569 prohibuerant:
1464 4485 1527 4550 nisi
1550 4483 1622 4549 Deo
1651 4485 1766 4550 tuisset
1794 4483 1969 4561 decretum,
2000 4491 2154 4565 superata

162 4569 298 4655 linguas
330 4569 500 4635 hebraicae
532 4590 630 4634 usum
655 4570 821 4651 primitias
852 4571 988 4637 51515115.
1047 4571 1133 4636 Nam
1184 4591 1296 4635 eorum
1320 4571 1494 4653 pravitate,
1527 4570 1674 4634 numeris
1703 4569 1854 4634 omnibus
1876 4568 2045 4633 absolvere
2067 4567 2153 4648 quod

163 4676 266 4740 quum
288 4656 405 4721 5515115
427 4655 564 4720 decursu
587 4653 628 4720 ad
650 4655 820 4721 interitum
843 4654 1009 4722 declinant
1027 4678 1134 4740 senes,
1183 4669 1341 4738 coeperat
1386 4657 1490 4721 Porro
1513 4666 1634 4720 terram
1658 4656 1763 4738 ipsam
1785 4654 1933 4718 nominat
1957 4650 2054 4718 Fines
2079 4674 2154 4717 aaa·

163 4743 240 4825 quia
264 4752 375 4806 tamen
403 4749 608 4806 renoventur
636 4740 872 4824 quodammodo
901 4744 935 4807 in
958 4740 1073 4820 sobole,
1101 4753 1134 4806 51
1183 4743 1299 4807 5155511
1321 4742 1400 4807 Dei:
1427 4741 1513 4823 qnod
1535 4761 1606 4806 eam
1630 4741 1832 4824 populosae
1855 4737 1947 4802 Deus
1970 4739 2152 4821 assignans,

165 4829 310 4912 vigorem
341 4827 376 4891 in
410 4846 446 4892 se
478 4824 657 4911 collapsum
690 4841 900 4909 recuperant,
937 4828 1134 4894 transfertur
1184 4826 1245 4891 sibi
1278 4828 1376 4892 ctiam
1409 4840 1666 4893 consecraverat.
1720 4825 1817 4892 Unde
1851 4823 1980 4906 turpius
2019 4833 2155 4905 apparet

163 4913 307 4979 Virtutis
330 4933 448 4977 nomen
471 4910 511 4976 ad
534 4911 663 4979 liberos.
703 4913 784 4977 Eius
806 4925 915 4978 autem
939 4914 1133 4995 principium
1183 4913 1342 4995 flagitium
1367 4913 1489 4995 populi,
1517 4913 1573 4995 qui
1596 4912 1709 4976 eadem
1732 4909 1982 4993 inquinamenta
2004 4908 2082 4972 illuc
2104 4909 2154 4972 in·

164 4999 434 5082 dicunturprimo
457 4997 1133 5082 5511515511515515555555511155153.
1185 4997 1274 5076 15111,
1302 4997 1418 5081 551555
1440 4998 1517 5063 5115
1540 4997 1664 5081 5511515
1685 4997 1800 5060 fuerat.
1846 4995 1949 5061 Ouios
1980 4995 2067 5057 enim
2093 4994 2155 5057 fuit

167 5084 385 5150 Tabernatula
475 5104 507 5148 m
538 5094 631 5149 vocat
653 5084 766 5149 domos
788 5082 941 5169 Aegypti,
972 5088 1048 5169 quia
1070 5085 1133 5149 Mi·
1185 5082 1384 5157 dementiae,
1424 5104 1523 5165 quum
1561 5083 1659 5147 sciret
1692 5081 1830 5164 populus
1863 5078 1966 5145 Israel
2000 5079 2155 5163 expulsos

165 5172 275 5249 araim,
298 5171 352 5250 qui
376 5190 493 5235 nomen
513 5169 637 5252 regioni
654 5170 818 5253 imposuit,
839 5171 900 5235 1511
915 5172 1002 5238 filius
1017 5171 1132 5249 Oham,

165 5256 249 5322 Gon.
279 5256 329 5337 10,
356 5257 386 5323 6.
438 5256 542 5320 Porro
575 5255 754 5338 gratuitum
786 5255 850 5322 Dei
881 5278 1025 5323 umorem
1055 5276 1133 5341 erga
1272 5269 1415 5339 *)quesa
1434 5271 1504 5324 maia
1524 5270 1673 5338 esequire,
1692 5284 1726 5322 ert
1744 5283 1850 5336 marae:
1868 5285 1903 5322 ou
1921 5272 2062 5338 possedes.

236 5357 455 5428 51551551.
495 5356 681 5413 aaran.
1918 5355 1951 5410 a
