4658 5856
96 328 158 396 617
905 327 1122 396 Psanites
1148 326 1297 394 LXVII.
2045 332 2112 399 618

100 534 212 586 autem
243 536 319 582 cnm
349 514 581 596 affirmatione,
616 518 791 584 exauditus
820 519 920 585 fuisse
950 537 1075 600 preces:
1131 537 1287 600 prospere
1316 537 1424 597 agere,
1455 514 1519 581 nisi
1549 514 1624 597 quia
1654 518 1797 598 gratuito
1819 540 1879 584 noe
1901 539 2011 584 amors
2033 541 2111 603 pro·

100 604 189 671 unde
207 602 381 687 colligitur.
400 622 569 683 nunquam
587 604 654 670 iore
673 624 763 687 spem
779 617 924 670 nostram
939 603 1078 680 irritam,
1134 603 1294 685 sequitur.
1334 600 1432 682 Quod
1455 602 1483 666 si
1506 621 1621 666 verum
1644 611 1703 675 est,
1726 606 1896 685 quiscum
1919 607 2113 688 praeveniet

100 690 199 756 modo
221 711 262 754 ex
286 688 395 752 animo
416 684 526 754 Deum
551 708 758 771 quaeramus.
1134 690 1203 753 suis
1236 685 1387 751 meritis?
1433 684 1504 753 Sub
1538 686 1641 772 eabae
1671 687 1902 756 illuminatione
1935 703 2111 775 utrumque

186 775 238 842 20.
260 771 487 860 (Benedictus.)
539 775 708 841 Psalmum
737 776 918 860 gratiarum
950 775 1078 840 actione
1135 773 1264 838 videtur
1294 773 1482 854 complecti:
1512 773 1591 855 quia
1621 772 1675 837 ubi
1706 787 1737 838 et
1760 777 1880 841 amoris
1903 778 1953 841 aui
1974 798 2108 843 sensum

103 861 236 938 claudit,
260 858 347 926 uude
369 878 508 925 exorsus
530 860 651 926 iuerat:
666 874 708 935 ,et
729 882 861 929 causam
885 861 976 926 addit
992 858 1078 943 quod
1135 859 1287 924 cordibus
1316 859 1437 922 uostris
1465 857 1604 940 inspirat
1628 859 1729 937 Deus,
1759 871 1791 925 et
1813 883 1849 927 re
1871 863 1942 943 ipsa
1966 864 2112 930 declarat

101 947 267 1032 repulsam
296 966 362 1010 non
392 945 491 1009 fuerit
521 966 653 1029 passus:
684 949 824 1033 figurate
850 948 937 1012 euim
960 942 1106 1013 diciturl
1135 966 1170 1009 se
1197 945 1373 1029 propitium
1405 965 1485 1020 esse,
1516 943 1633 1008 dicitnr
1659 966 1838 1027 supernos
1862 947 2110 1015 lucereserena

103 1034 195 1099 Deus
224 1032 394 1098 orationem
414 1050 436 1095 o
457 1051 491 1096 ec
513 1031 670 1115 depellere,
698 1034 727 1099 si
748 1054 844 1117 quem
867 1031 990 1097 auxilio
1013 1052 1077 1096 non
1102 1016 1107 1105 l
1135 1030 1205 1094 eius
1235 1030 1350 1095 iacies:
1381 1030 1476 1094 sicuti
1500 1028 1683 1094 obnubilari
1707 1030 1837 1109 dicitur,
1867 1031 1944 1098 dum
1967 1039 2111 1116 peccatis

103 1119 267 1203 dignetur,
297 1138 335 1182 ac
363 1118 393 1180 si
421 1126 553 1200 tergum
582 1117 777 1184 obverterat
826 1117 968 1183 Fontem
998 1136 1078 1183 vero
1102 1108 1107 1179 l
1135 1116 1256 1180 nostris
1283 1116 1436 1191 offensus,
1466 1116 1683 1209 conscientias
1705 1129 1834 1183 nostras
1856 1129 1967 1201 terret,
1997 1121 2107 1205 signa·

103 1205 262 1287 designat,
291 1202 368 1285 quia
397 1222 463 1266 non
493 1203 687 1270 subduxerit
708 1203 801 1270 Deus
828 1223 920 1269 suam
951 1203 1078 1267 miseri·
1102 1193 1107 1299 l
1135 1221 1199 1283 que
1221 1202 1327 1265 aufert
1349 1203 1399 1264 sui
1423 1200 1552 1266 favoris.

102 1288 255 1357 cordiam.
308 1287 423 1371 Neque
455 1289 543 1352 enim
572 1289 660 1354 aliud
691 1310 789 1373 quam
819 1289 982 1373 gratuitus
1008 1287 1078 1353 eius
1219 1287 1249 1352 3.
1273 1284 1332 1370 (Ut
1353 1284 1555 1372 cognoscent.)
1600 1286 1665 1351 Hic
1690 1289 1815 1355 clarum
1843 1300 1892 1355 est
1916 1292 2107 1357 vaticinium

102 1377 195 1442 favor
219 1375 272 1440 vel
295 1373 388 1438 nobis
410 1394 485 1438 eum
508 1374 616 1440 reddit
638 1374 841 1458 placabilem,
865 1375 917 1439 vel
936 1374 1077 1457 pretium
1134 1372 1174 1436 de
1204 1374 1439 1455 propagatione
1476 1374 1601 1455 gratiae
1629 1373 1706 1452 Dei,
1740 1376 1962 1460 quassatum
1991 1391 2042 1442 est
2071 1391 2108 1443 ut

101 1482 139 1527 ac
161 1457 360 1544 impetrandi
383 1459 524 1543 gratiam
541 1462 695 1527 conciliat
714 1461 866 1543 precibus
884 1461 1014 1536 nostris,
1037 1480 1079 1523 ne
1134 1469 1251 1542 gentes
1273 1460 1306 1522 in
1328 1479 1429 1523 unum
1453 1478 1569 1541 corpus
1591 1477 1666 1523 cum
1685 1463 1809 1526 semine
1827 1461 1981 1527 Abrahae
2003 1461 2107 1529 coale-

102 1548 170 1614 sint
191 1548 423 1613 infructuosae.
1104 1550 1269 1608 tenerent.
1325 1542 1428 1625 Optat
1461 1544 1566 1628 igitur
1602 1544 1760 1628 propheta
1793 1547 2002 1629 conspicuum
2036 1572 2107 1615 esse

1104 1606 1107 1719 l
1134 1628 1199 1693 Dei
1220 1629 1367 1696 favorem
1391 1630 1425 1694 in
1444 1628 1545 1694 electo
1567 1631 1696 1714 populo,
1720 1643 1757 1696 nt
1774 1645 1888 1716 gentes
1906 1654 1963 1698 suo
1983 1635 2108 1718 fulgore

1132 1715 1168 1778 in
1207 1713 1351 1779 eiusdem
1394 1715 1466 1797 spei
1498 1717 1682 1782 societatem
1717 1716 1867 1783 adducat.
1922 1719 1987 1784 Per
2020 1723 2105 1786 mom

1132 1799 1196 1864 Dei
1214 1800 1409 1883 intelligitur
1426 1800 1540 1868 foedus
1558 1822 1622 1886 quo
1641 1825 1676 1868 se
1694 1804 1846 1886 patefecit
1865 1805 1966 1869 veteri
1985 1807 2104 1889 populo

399 1887 610 1958 PSALHUS
632 1888 780 1958 LXVII,
1133 1887 1166 1949 in
1185 1896 1321 1968 patrem,
1343 1886 1461 1952 clarius
1480 1887 1597 1952 deinde
1615 1908 1675 1970 per
1692 1888 1908 1972 evangelium,
1927 1912 1990 1974 quo
2009 1891 2104 1958 datus

1132 1981 1182 2036 est
1213 1970 1344 2036 uberior
1373 1972 1555 2056 adoptionis
1582 1975 1726 2057 spiritus,
1756 1976 1842 2041 unde
1864 1988 1977 2041 manat
1998 1978 2104 2043 salus:

102 2059 188 2116 ABG.
207 2060 331 2116 Ρῐοθῦῑίο
356 2067 399 2112 est
421 2058 561 2129 proseliti
588 2060 717 2114 ecelesiae
741 2066 828 2127 statu,
856 2076 910 2114 non
937 2060 1023 2113 solum
1050 2064 1081 2112 ub
1132 2058 1217 2123 sicut
1243 2055 1341 2121 eliam
1364 2056 1518 2124 Christus
1548 2058 1642 2126 docet,
1672 2060 1756 2127 hanc
1782 2082 1853 2126 egge
1875 2063 1975 2127 vitam
1998 2073 2103 2129 aeter.

209 2129 283 2184 ΒΜ
307 2127 463 2211 iri-Iudaeo
480 2143 540 2182 Μ’
560 2134 669 2210 1391131
685 2130 857 2211 ineolumem,
882 2128 932 2210 red
950 2129 1034 2210 elien
1050 2133 1083 2204 ¹¹³.
1132 2162 1218 2220 nam,
1239 2163 1435 2224 cognoscere
1455 2165 1570 2210 verum
1594 2145 1702 2211 Deum
1720 2160 1780 2213 etc.
1804 2148 1893 2213 Ioau.
1918 2148 1957 2212 17
1992 2148 2022 2214 3.

209 2215 279 2254 nova
296 2203 325 2251 et
336 2197 448 2251 insolata
460 2205 656 2267 propagatione
673 2205 779 2268 augeat,
798 2200 844 2251 ubt
857 2207 939 2251 ettam
957 2196 1081 2250 breviter
1961 2198 1969 2229 ’

208 2267 318 2322 diruerit
334 2267 368 2320 de
385 2281 469 2335 regno
481 2265 541 2331 Dei,
559 2266 631 2334 qnod
644 2265 747 2320 Obristi
764 2267 883 2321 adventu
900 2268 929 2320 in
941 2272 1001 2319 toto
1014 2268 1080 2319 arbe
1104 2266 1107 2349 Ι
1216 2228 1247 2292 4·
1271 2226 1440 2314 (celebrent
1468 2229 1519 2315 le.)
1568 2231 1656 2312 (ΜΒ
1684 2234 1848 2334 θῧῙῖῙᾷθθθ
1877 2232 1943 2299 Dei
1973 2236 2104 2300 mistiae

207 2335 365 2406 erigendum
385 2341 452 2388 mc,
1104 2324 1267 2415 icunctos
1297 2315 1433 2398 populos
1462 2317 1548 2381 dixit
1576 2319 1644 2383 fore
1672 2331 1856 2401 participes,
1886 2342 1973 2385 nuuc
1996 2331 2105 2385 tantae

1104 2420 1107 2483 ξ
1132 2401 1255 2483 gratiae
1285 2420 1462 2481 praedones
1492 2404 1559 2466 lore
1589 2403 1675 2480 dicit,
1705 2405 1866 2487 simulque
1893 2405 1933 2469 ad
1963 2408 2102 2490 gratitu-

190 2491 218 2556 1.
248 2488 411 2571 Praefecto
450 2489 486 2553 iet
520 2488 688 2571 Negiaote,
727 2489 879 2555 Prolatae
916 2488 1078 2554 canticum.
1132 2487 1242 2550 dinem
1272 2484 1432 2550 hortatur.
1477 2488 1523 2552 Et
1545 2489 1693 2570 repetitio
1716 2490 1836 2556 clarius
1859 2491 2012 2573 exprimit
2034 2513 2103 2557 ser·

102 2577 132 2640 2.
155 2575 246 2641 Deae
273 2577 459 2641 meereaar
480 2575 589 2650 matri,
619 2579 647 2639 ct
673 2575 829 2642 benedicat
849 2573 953 2640 nobis:
980 2574 1080 2641 lucere
1131 2593 1264 2636 monem
1294 2572 1365 2636 fieri
1395 2573 1435 2637 dc
1465 2595 1501 2638 re
1530 2596 1614 2640 nova
1636 2588 1669 2639 et
1690 2576 1849 2648 insolita.
1876 2576 1993 2659 Neque
2015 2579 2103 2642 euim

101 2662 201 2743 faeiat
217 2661 337 2727 umbem
354 2679 448 2726 seeum
464 2661 501 2725 in
517 2660 617 2726 nobie.
649 2659 754 2727 Setae.
786 2663 817 2726 3.
843 2660 884 2727 Ut
897 2665 1081 2744 cognoscant
1131 2658 1160 2721 si
1182 2672 1336 2723 consueto
1358 2678 1448 2723 more
1470 2671 1504 2724 st
1524 2659 1638 2725 ordine
1660 2662 1780 2726 usitato
1803 2683 1897 2727 suam
1921 2682 1998 2747 orgo
2021 2662 2104 2729 filios

102 2751 137 2812 in
170 2753 256 2814 terro
286 2748 371 2812 eiam
403 2751 507 2827 mom,
540 2745 575 2811 ie
604 2747 747 2813 mneos
775 2746 920 2831 pentibus
947 2743 1080 2811 summm
1131 2742 1286 2808 Abrahae
1318 2744 1459 2828 gratiam
1491 2758 1713 2829 prosequutus
1745 2758 1831 2813 esset
1863 2745 1972 2824 Deus.
2013 2759 2105 2814 tanta

103 2839 198 2898 tuom.
234 2832 266 2898 4.
291 2831 447 2898 celebrent
465 2831 620 2913 upupae·
641 2830 740 2911 Deae,
762 2832 910 2900 celebrent
924 2831 1080 2914 tepopeli
1131 2828 1338 2895 vehementia
1359 2851 1441 2913 opus
1462 2841 1542 2896 erat.
1581 2832 1666 2896 Nam
1689 2834 1794 2916 primo
1817 2833 1906 2913 dicit,
1929 2832 2105 2899 Oelebrent

106 2939 220 2984 omnes.
274 2917 304 2984 5.
336 2917 505 2983 Leucatae
537 2923 565 2982 et
595 2918 748 2984 secutast
774 2917 896 3004 populi.
931 2919 1079 2999 quoniam
1132 2925 1165 2978 te
1187 2915 1310 2998 populi,
1332 2914 1498 2980 eelebrent
1521 2929 1554 2981 te
1575 2917 1686 3000 populi
1709 2940 1832 2984 omnes.
1866 2918 1996 2984 Deinde
2019 2920 2104 2987 hanc

104 3003 260 3070 iudicabis
286 3003 421 3085 populos
448 3003 484 3068 in
510 3004 682 3086 acquitate,
715 3005 901 3086 etpopaloe
928 3004 965 3067 tn
992 3009 1078 3068 terro
1102 2988 1106 3128 ἱ
1130 3000 1401 3073 exclamationem
1432 3001 1530 3084 paulo
1564 3014 1635 3085 post
1663 3004 1770 3070 iterat.
1823 3003 1890 3069 Sed
1922 3019 2104 3087 opportune

104 3091 229 3173 demes.
267 3088 371 3154 Βάαλ.
404 3088 434 3153 6.
461 3086 616 3156 werrae
636 3095 664 3153 te
676 3090 791 3172 populi
812 3088 912 3169 Deua,
933 3088 1080 3154 celebrem
1103 3129 1106 3195 i
1132 3085 1287 3167 gandium
1321 3107 1396 3151 cum
1431 3107 1491 3153 sua
1519 3108 1619 3153 causa
1648 3089 1790 3154 medium
1820 3090 1993 3155 inseritur:
2027 3093 2104 3173 quia

104 3181 132 3240 tc
248 3176 395 3241 lomnes.
435 3173 465 3238 l.
486 3173 588 3240 Terra
604 3174 688 3239 dedit
703 3181 909 3256 praecedam:
928 3174 1079 3240 bencdkct
1103 3200 1106 3263 ς
1130 3193 1208 3236 vore
1237 3183 1270 3235 et
1300 3172 1385 3237 serio
1415 3172 1540 3237 laudari
1569 3194 1635 3239 uon
1665 3186 1772 3258 potest
1793 3174 1895 3252 Deus,
1926 3175 1990 3240 nisi
2014 3185 2103 3254 tran·

104 3281 160 3327 noe
233 3280 287 3343 aa,
313 3259 406 3327 Deus
432 3264 546 3325 noster.
591 3259 621 3326 8.
645 3257 813 3327 Benedicat
840 3279 897 3326 uos
919 3259 1018 3343 Deua,
1051 3256 1241 3357 ctqquillis
1281 3268 1315 3321 et
1347 3257 1507 3323 hilaribus
1541 3260 1674 3338 animis,
1714 3260 1768 3326 ubi
1801 3259 1873 3325 Deo
1906 3261 2103 3327 reconciliati

104 3346 251 3412 timebant
271 3365 342 3413 eam
362 3364 467 3411 omnes
485 3344 566 3426 fines
587 3351 698 3412 terrac
1103 3386 1105 3439 ,
1130 3343 1309 3425 gloriamur
1337 3344 1371 3408 in
1403 3355 1493 3410 certa
1521 3366 1579 3428 spe
1608 3346 1734 3425 salutis,
1764 3355 1798 3410 et
1827 3368 1891 3429 pax
1914 3346 1978 3411 Dei
2005 3368 2101 3414 exsu-

1130 3449 1248 3511 perans
1269 3450 1398 3495 omnem
1422 3452 1565 3509 sensum,
1589 3432 1732 3514 palmam
1754 3431 1880 3498 obtinet
1898 3433 1931 3497 iu
1950 3432 2103 3499 cordibus

189 3519 219 3584 2.
243 3516 346 3604 (Deae
366 3515 575 3667 miscreatur?
607 3515 803 3600 Quanquam
823 3518 1021 3585 vaticinatur
1043 3519 1078 3582 in
1131 3515 1260 3593 nostris,
1294 3514 1413 3599 Philip.
1436 3518 1465 3598 4,
1497 3517 1525 3583 7.
1580 3518 1659 3601 Ipsa
1698 3540 1777 3584 vero
1814 3539 1931 3585 causae
1963 3518 2102 3583 redditio

107 3606 167 3671 hoc
195 3605 328 3671 Psalmo
357 3604 523 3687 Propheta
574 3624 592 3668 s
622 3621 726 3686 reguo
757 3601 892 3681 Christi,
925 3604 985 3669 sub
1037 3624 1078 3669 uo
1102 3642 1105 3683 g
1130 3600 1226 3683 plane
1259 3599 1463 3669 demonstrat
1495 3604 1642 3686 gentium
1678 3607 1896 3671 vocationem:
1930 3606 2004 3687 quia
2038 3602 2101 3669 Dei

105 3690 169 3756 Dei
192 3688 322 3774 adoptio
343 3689 525 3756 communis
548 3689 607 3754 toti
631 3687 753 3754 mundo
774 3689 887 3755 futura
908 3701 996 3755 erat:
1015 3625 1077 3754 lu·
1101 3704 1105 3835 q
1129 3685 1333 3770 gubernatio,
1361 3689 1456 3755 cuius
1484 3690 1537 3754 hio
1560 3692 1682 3755 mentio
1711 3693 1758 3772 fit,
1789 3711 1854 3755 uon
1887 3689 1926 3754 de
1956 3689 2101 3772 generali

105 3777 194 3842 dacis
232 3786 342 3841 tamen
383 3775 589 3858 peculiariter
629 3775 769 3858 gratiam
803 3774 867 3839 Dei
909 3785 1075 3860 precatur:
1128 3773 1266 3855 imperio
1304 3775 1474 3856 accipitur,
1515 3775 1572 3840 sed
1610 3776 1650 3840 de
1683 3775 1847 3859 spirituali
1878 3774 2099 3841 iurisdictione

106 3862 202 3929 sicuti
232 3862 469 3946 primogenitos
496 3861 597 3926 fnisse
626 3861 757 3938 scimus,
790 3861 894 3926 Exod.
916 3862 948 3941 4,
969 3861 1013 3926 22
1041 3872 1078 3927 ut
1101 3842 1104 3945 l
1128 3879 1227 3940 quam
1248 3861 1283 3923 in
1305 3860 1440 3926 ecclesia
1461 3882 1522 3926 sua
1543 3872 1683 3927 exercet.
1717 3861 1832 3943 Neque
1850 3862 1947 3937 enim,
1970 3863 2101 3946 proprie

104 3947 221 4014 merito
250 3947 291 4012 ab
319 3946 402 4032 ipsis
424 3948 567 4030 incipere
589 3945 737 4012 debuerit
759 3967 842 4030 quas
864 3967 921 4030 per
943 3958 1076 4012 ounotas
1101 3948 1104 4038 ξ
1129 3942 1298 4027 loquendo,
1328 3943 1410 4011 alios
1439 3947 1531 4012 Deus
1558 3947 1716 4029 regendos
1746 3947 1892 4030 suscipit,
1923 3946 1987 4012 nisi
2017 3968 2101 4030 quos

105 4049 221 4118 gentes
250 4032 436 4116 spargenda
463 4045 534 4099 erat
556 4030 621 4096 Dei
642 4030 833 4099 benedictio.
878 4032 1075 4115 Quanquam
1101 4047 1104 4120 g
1128 4030 1209 4112 legis
1247 4052 1327 4096 suae
1360 4029 1508 4097 doctrina
1542 4032 1666 4116 colligit
1698 4035 1731 4097 iu
1766 4054 1862 4098 snum
1897 4033 2099 4116 obsequium.

105 4135 214 4185 autem
245 4120 278 4184 in
309 4119 453 4201 optativo
478 4119 573 4201 modq
594 4116 723 4183 reddidi
745 4128 849 4185 totum
872 4118 960 4184 huno
981 4119 1075 4185 Psal·
1100 4126 1104 4219 Ι
1129 4116 1174 4179 Et
1195 4137 1314 4182 nomen
1336 4118 1505 4198 aequitatis
1527 4119 1649 4184 diserte
1667 4119 1863 4201 exprimitur
1881 4118 1921 4183 ad
1939 4140 2102 4186 commen·

104 4227 205 4284 mum,
228 4205 305 4288 quia
325 4204 363 4268 in
385 4204 472 4271 huno
497 4206 565 4270 iere
587 4223 719 4270 sensum
741 4205 943 4271 conveniunt
964 4225 1077 4269 omnes
1100 4222 1103 4337 q
1128 4201 1291 4267 dationem
1310 4201 1409 4267 huius
1426 4204 1606 4288 regiminis.
1640 4205 1770 4270 Deinde
1789 4205 1899 4270 eadem
1916 4206 1983 4270 lere
2001 4205 2101 4270 verba

103 4292 317 4374 interpretes:
339 4310 406 4356 non
428 4289 537 4356 minus
560 4302 670 4355 tamen
693 4291 860 4356 commode
877 4292 911 4355 in
931 4301 1076 4373 tempore
1100 4360 1103 4381 1
1128 4285 1283 4372 leguntur
1305 4289 1390 4373 apud
1415 4288 1552 4355 Iessiam
1573 4291 1623 4368 11,
1646 4292 1668 4355 4
1689 4305 1722 4356 et
1744 4291 1928 4356 Michaeam
1946 4291 1976 4365 4,
1999 4291 2020 4354 3
2043 4289 2100 4354 ubi

104 4379 215 4442 inturo
246 4379 346 4442 verba
369 4376 479 4441 omnia
501 4387 629 4442 vertere
651 4376 771 4456 liceret,
800 4377 895 4443 sicuti
928 4376 1075 4442 hebraice
1100 4373 1168 4449 ⁸,de
1208 4375 1394 4458 spargenda
1430 4397 1489 4458 per
1523 4389 1626 4442 tntum
1659 4378 1769 4443 orbem
1803 4378 1918 4442 salutis
1951 4376 2101 4440 doctrina

106 4464 279 4547 leguntur:
309 4462 355 4526 ita
384 4472 469 4527 esset
497 4475 610 4527 saneta
632 4462 810 4545 gratulatio
832 4463 871 4529 ad
896 4462 1076 4527 fulciendas
1100 4466 1103 4497 ¹
1127 4460 1371 4527 concionantur.

105 4550 176 4632 pias
199 4557 336 4628 mentes,
359 4568 399 4613 ne
422 4546 623 4631 ambigerent
642 4548 682 4613 de
701 4549 855 4613 continuo
873 4549 994 4614 favoris
1013 4548 1075 4613 Dei
1213 4546 1242 4611 7.
1265 4548 1382 4633 (Terra
1409 4548 1494 4614 dedit
1520 4547 1683 4635 fructum.)
1726 4549 1906 4630 Postquam
1936 4546 1975 4612 de
2006 4567 2098 4628 prae·

105 4655 271 4713 successu,
310 4633 388 4716 quin
421 4635 530 4718 potius
561 4632 762 4699 incrementa
794 4636 863 4700 eius
896 4645 1075 4716 sperarent.
1127 4633 1223 4715 cipua
1244 4633 1307 4697 Dei
1329 4635 1437 4717 grstia
1459 4634 1610 4716 loquutus
1633 4649 1690 4713 est,
1716 4634 1807 4698 addit
1828 4632 1936 4697 Deum
1960 4633 2098 4697 terrenis

105 4720 193 4802 Quia
220 4730 332 4785 tamon
359 4719 527 4785 communi
554 4719 621 4784 iere
645 4738 805 4786 consensu
826 4732 991 4804 receptum
1015 4732 1074 4798 est,
1127 4740 1253 4802 quoque
1290 4719 1567 4786 benedictionibus
1600 4721 1754 4804 prosequi
1788 4740 1868 4801 quos
1901 4739 2009 4783 amore
2040 4739 2098 4783 suo

106 4806 298 4888 prophetam
326 4806 379 4871 hic
405 4806 542 4888 precari,
572 4804 653 4868 mihi
675 4806 756 4871 satis
778 4817 828 4872 est
849 4806 985 4872 lectores
1006 4827 1075 4870 mo·
1128 4804 1294 4889 dignatur,
1325 4818 1362 4870 nt
1392 4806 1473 4870 nihil
1498 4827 1638 4888 prorsus,
1667 4828 1703 4870 eo
1727 4804 1875 4887 propitio,
1905 4803 1946 4868 ad
1970 4803 2097 4870 beatum

105 4893 224 4957 unisse.
281 4891 384 4956 Porro
423 4913 521 4974 quum
559 4911 742 4956 sermonem
784 4893 904 4958 habeut
936 4913 1001 4956 non
1036 4891 1074 4955 de
1128 4902 1160 4954 et
1189 4890 1315 4955 felicem
1346 4892 1445 4957 vitam
1476 4891 1568 4958 desit.
1614 4891 1806 4957 'Ponendum
1839 4911 1915 4954 vero
1941 4892 2098 4955 memoria

106 4978 280 5056 extraneis,
310 4975 367 5042 sed
397 4975 436 5041 de
465 4977 599 5042 ecclesia
619 4977 701 5059 ipsa,
729 4987 895 5043 ettamen
918 4976 1075 5061 quidquid
1128 4987 1178 5041 est
1204 4976 1290 5058 quod
1319 4989 1395 5042 ante
1426 4977 1577 5054 diximus,
1607 4979 1734 5059 quoties
1756 4976 1850 5039 illum
1875 4986 2017 5041 veterem
2042 4997 2097 5057 po·

107 5063 263 5128 bonorum
290 5064 326 5126 in
356 5082 427 5127 eam
454 5064 596 5128 conferri
626 5072 729 5145 optat,
764 5063 890 5129 derivet
917 5086 957 5128 ex
988 5065 1076 5128 fonte
1128 5063 1242 5145 pulum
1273 5066 1340 5128 suis
1371 5064 1535 5129 benefieiis
1559 5066 1648 5128 Dens
1675 5063 1814 5137 ornavit,
1843 5063 1934 5143 quasi
1962 5082 2098 5128 accensa

107 5151 231 5232 gratiae
243 5149 322 5212 Dei:
340 5149 495 5230 sequitur,
514 5145 669 5231 quamdiu
690 5151 840 5229 vivimus,
859 5170 924 5214 non
944 5148 1076 5213 aliunde
1128 5148 1278 5232 lampade
1301 5149 1503 5230 praeluxisse
1528 5150 1586 5212 toti
1611 5148 1743 5231 mundo,
1767 5159 1802 5211 ut
1826 5148 1866 5211 ad
1886 5170 1920 5213 sc
1939 5168 2097 5230 quaeren-

106 5255 166 5300 nos
196 5257 268 5300 esse
297 5235 417 5314 felices,
451 5235 584 5300 affluere
613 5233 772 5301 bonorum
802 5237 904 5318 copia,
938 5236 1076 5318 deniqne
1127 5235 1205 5299 dum
1228 5246 1342 5317 gentes
1365 5236 1518 5301 alliceret.
1563 5234 1641 5300 Ideo
1664 5237 1691 5299 si
1714 5235 1891 5300 liberaliter
1914 5236 2098 5334 suppeditet
