4672 5864
125 313 191 378 469
928 315 1144 383 PSALMUS
1167 313 1313 382 XLVII.
2057 322 2122 388 470

126 515 161 572 et
193 503 412 586 praestantiae
445 502 479 566 in
514 503 586 567 Deo
624 505 695 586 ipso
731 510 890 569 statueret
927 505 1096 588 propheta.
1148 526 1226 589 ergo
1243 504 1394 570 fidelibus
1413 515 1584 590 suppetere
1603 509 1696 573 docet
1714 507 1880 591 propheta,
1897 530 1954 573 cur
1969 511 2122 577 alacriter

126 598 237 674 Atque
266 590 347 654 haec
378 588 491 671 regula
521 590 663 653 tenenda
690 598 755 669 est,
789 591 915 673 quoties
944 589 1098 656 laudatur
1147 590 1261 657 laudes
1279 590 1342 655 Dei
1366 604 1555 674 personent:
1579 595 1655 676 quia
1676 607 1765 659 certo
1785 596 1893 658 sciunt
1916 608 2119 677 praesentem

127 678 191 742 Dei
213 674 321 760 gratia
344 694 422 758 erga
442 672 591 749 Iudaeos,
614 676 689 758 quia
710 684 820 758 patres
842 696 953 740 eorum
977 674 1098 742 dilexe·
1149 676 1210 742 sibi
1234 676 1355 754 adesse,
1386 698 1424 742 ac
1446 679 1474 741 si
1497 679 1659 744 intereos
1689 680 1797 763 regale
1825 679 1941 743 solium
1973 681 2118 748 locasset.

126 766 179 840 rit,
202 763 318 826 merita
336 761 444 825 omnia
465 760 500 824 in
519 760 658 825 nihilum
682 759 803 845 redigi:
825 762 892 825 iam
911 782 1008 843 quum
1030 771 1098 827 tota
1148 762 1324 828 Caeterum
1357 772 1529 845 postquam
1558 765 1693 829 ‘vocavit
1725 785 1837 849 regem
1870 765 1963 830 electi
1998 768 2119 851 populi,

125 849 231 916 saneti
254 845 457 930 patriarchae
479 845 622 931 dignitas
644 868 686 911 ex
704 867 793 911 mero
807 845 870 911 Dei
893 846 1096 930 beneplacito
1149 848 1304 914 confinuo
1332 857 1408 931 post
1429 849 1508 915 dicit
1531 870 1640 934 regom
1664 871 1736 916 esse
1759 851 1856 916 totius
1880 860 1995 932 terrae,
2023 867 2120 935 atque

125 934 275 1020 pendeat,
299 933 371 1015 quis
389 931 450 996 sibi
472 932 641 1015 proprium
665 932 840 1015 quidquam
863 952 1017 1016 arrogare
1040 954 1097 998 au·
1150 933 1210 999 hoc
1231 933 1328 999 moda
1351 935 1401 999 ius
1423 944 1456 998 et
1479 934 1634 1000 honorem
1663 937 1943 1019 primogeniturae
1971 958 2120 1005 asserens

126 1019 223 1085 deat‘l
258 1018 420 1084 discamus
451 1039 543 1102 ergo,
576 1015 733 1100 quidquid
767 1016 860 1082 nobis
888 1018 1099 1101 peculiariter
1148 1017 1290 1095 Iudaeis,
1319 1030 1433 1103 gentes
1457 1020 1574 1085 deinde
1595 1022 1698 1086 socias
1721 1020 1878 1105 adiungit.
1922 1022 1986 1087 His
2009 1037 2119 1090 autem

124 1106 252 1175 confert
274 1105 366 1169 Deus
393 1124 493 1186 supra
522 1103 614 1186 alios,
644 1114 780 1186 paterno
809 1104 881 1168 eius
909 1106 1012 1168 amori
1040 1104 1096 1168 ad·
1149 1104 1261 1171 verbis
1290 1105 1452 1188 significat
1479 1104 1640 1188 propheta
1669 1107 1765 1190 longo
1795 1108 1937 1172 nobilius
1965 1109 2034 1174 fore
2058 1111 2119 1175 Dei

125 1193 284 1259 scribere:
306 1191 384 1272 quia
404 1210 462 1254 nos
480 1190 542 1255 sibi
561 1191 596 1254 in
611 1209 746 1274 gregem
764 1189 870 1273 elegit.
905 1189 1097 1274 Colligimus
1148 1211 1286 1274 regnum
1316 1189 1461 1256 adventu
1485 1193 1633 1271 Messiae,
1664 1214 1761 1275 quam
1791 1193 1852 1258 sub
1881 1194 1963 1275 legis
1991 1195 2120 1279 figuris,

124 1280 225 1346 etiam
247 1297 289 1341 ex
307 1275 369 1340 hoc
391 1275 469 1356 loco,
492 1275 631 1360 gratiam
653 1295 752 1358 quam
767 1275 860 1340 Deus
881 1294 959 1358 erga
976 1276 1097 1341 electos
1148 1277 1224 1357 quia
1245 1275 1492 1360 propagandum
1516 1277 1560 1341 sit
1583 1279 1615 1342 in
1638 1278 1772 1343 ultimos
1794 1290 1902 1343 terrae
1923 1279 2023 1345 fines:
2046 1280 2118 1346 ideo

124 1384 201 1431 suos
221 1363 352 1442 exserit,
376 1381 443 1426 non
462 1362 679 1426 communiter
701 1361 742 1426 ad
760 1379 873 1427 omnes
895 1368 1016 1444 patere,
1039 1358 1097 1426 sed
1148 1361 1281 1425 maioris
1294 1362 1477 1427 vehementi
1500 1383 1518 1426 s
1536 1382 1645 1444 causa,
1661 1365 1835 1446 quinquies
1849 1365 1969 1447 repetit
1979 1368 2118 1431 verbum

123 1448 333 1533 privilegium
362 1468 432 1513 esse
454 1467 518 1529 quo
547 1466 666 1530 paucos
688 1468 709 1512 a
730 1447 845 1512 maiori
867 1466 1004 1512 numero
1031 1446 1095 1512 dis·
1150 1446 1291 1513 Psallite.
1328 1448 1368 1511 In
1392 1381 1623 1533 vocedptnqm
1648 1451 1784 1514 mutatio
1804 1461 1853 1514 est
1877 1451 2018 1514 numeri:
2042 1472 2119 1516 nam

123 1536 238 1603 cernit
1147 1552 1262 1597 omnes
1291 1533 1429 1598 canendi
1459 1535 1581 1616 peritos
1609 1532 1649 1599 ad
1680 1535 1740 1600 hoc
1770 1536 1961 1600 exercitium
1990 1537 2119 1603 invitat.

197 1658 200 1665 ·
1150 1616 1216 1684 Sed
1244 1620 1396 1701 quamvis
1429 1619 1582 1702 loquatur
1615 1620 1655 1684 de
1683 1621 1819 1685 scientia
1852 1621 1933 1686 artis
1966 1623 2120 1700 musicae,

209 1707 240 1772 6.
270 1703 440 1771 Adsceudit
462 1701 552 1768 Deus
578 1703 739 1783 intuitio,
763 1702 881 1769 Ieleva
900 1703 937 1767 ia
957 1721 1025 1768 voce
1047 1707 1096 1766 ta·
1147 1704 1286 1785 requirit
1307 1713 1418 1768 tamen
1441 1706 1475 1768 in
1498 1704 1653 1770 canendis
1675 1706 1739 1770 Dei
1762 1705 1911 1771 laudibus
1934 1727 2044 1772 veram
2068 1708 2121 1771 in·

122 1795 186 1860 bae.
232 1792 263 1857 l.
294 1789 426 1857 Psallite
448 1788 532 1869 Dec,
559 1788 701 1870 psallite,
729 1789 857 1871 psallite
884 1788 952 1872 regi
977 1793 1094 1866 norbo,
1148 1789 1376 1874 telligeutiam,
1398 1811 1440 1855 ne
1463 1791 1595 1874 linguae
1618 1801 1747 1855 tantum
1770 1792 1917 1867 reboent,
1940 1804 1977 1857 ut
1999 1794 2121 1858 scimus

116 1879 257 1961 psallite.
303 1877 333 1941 8.
357 1876 440 1958 Quia
462 1895 518 1939 rec
539 1875 705 1940 univerae
725 1881 827 1940 terroe
847 1873 947 1954 Deus,
966 1873 1096 1955 psallite
1147 1876 1218 1940 fieri
1240 1875 1275 1939 in
1294 1885 1423 1958 papatu.
1456 1877 1649 1960 Requiritur
1671 1897 1748 1961 ergo
1770 1876 1811 1940 ad
1829 1878 2010 1962 legitimum
2033 1879 2121 1961 psal-

119 1961 342 2048 impense).
387 1962 417 2026 9.
443 1960 588 2044 Regnum
605 1960 734 2025 mauult
755 1980 852 2042 super
870 1965 984 2043 pentes,
1006 1958 1096 2025 Deua
1147 1959 1235 2026 lendi
1262 1960 1363 2025 ritum
1391 1963 1537 2043 seientia,
1569 1985 1609 2027 ne
1633 1982 1719 2028 vano
1748 1963 1889 2029 clamore
1912 1984 2033 2029 nomen
2057 1965 2120 2030 Dei

121 2051 205 2117 sedet
233 2068 328 2132 arcper
355 2048 472 2113 solium
499 2047 675 2111 suauitatis
703 2066 790 2114 succ.
845 2047 895 2112 10.
928 2043 1096 2126 Principes
1147 2046 1347 2130 profanetur.

114 2135 307 2218 populatam
327 2131 500 2216 angegeli
520 2135 593 2195 suat
613 2132 656 2198 ad
674 2131 826 2214 populum
846 2131 913 2197 Dei
929 2130 1096 2196 Abrabae:
1232 2133 1264 2197 9.
1294 2128 1452 2216 (Regnum
1481 2132 1613 2198 oblinat
1640 2153 1735 2216 super
1759 2133 1886 2221 peaes.)
1930 2133 2015 2216 Quia
2045 2157 2118 2200 ver-

119 2222 198 2303 qaia
219 2221 288 2287 Dec
308 2218 408 2303 clypei
429 2225 539 2295 terrae,
561 2217 650 2282 valde
672 2218 829 2283 mutatas
848 2223 901 2283 est.
1146 2217 1224 2282 bum
1257 2197 1358 2332 Ἴδῃ,
1401 2217 1462 2283 sub
1509 2230 1657 2302 tempore
1703 2220 1881 2302 praeterito
1927 2221 2120 2286 continuum

1146 2314 1255 2368 actum
1293 2303 1460 2387 designat,
1497 2303 1571 2368 idea
1604 2305 1764 2370 vertimus
1797 2327 1935 2390 regnum
1969 2308 2120 2372 obtinuit.

207 2392 237 2457 6.
267 2389 455 2477 (Adeeeadit
483 2387 596 2475 Deua.)
641 2389 770 2454 Allusio
801 2396 851 2454 θεῖ
880 2387 920 2452 ad
948 2396 1092 2452 veterem
1145 2388 1252 2453 Porro
1274 2409 1374 2471 quum
1398 2390 1494 2454 toties
1520 2397 1650 2471 repetat
1679 2389 1847 2473 propheta,
1878 2391 1987 2455 Deum
2019 2413 2120 2474 super

119 2478 203 2563 legis
233 2477 344 2551 ritum,
373 2495 450 2539 nam
474 2474 551 2558 quia
573 2473 614 2539 ad
636 2473 847 2541 celebrandos
875 2493 985 2539 sacros
1015 2492 1093 2537 con·
1146 2488 1260 2558 gentes
1282 2494 1430 2558 regnare,
1458 2475 1612 2559 colligere
1633 2487 1820 2558 promptum
1844 2490 1894 2541 θεῖ
1917 2476 1957 2540 de
1979 2498 2063 2540 novo
2086 2488 2120 2542 et

118 2573 242 2630 ventus
263 2560 413 2628 adhiberi
434 2561 558 2625 solebat
581 2560 733 2626 tubarum
756 2561 901 2643 clangor,
925 2559 1002 2625 dicit
1019 2577 1092 2640 pro·
1145 2562 1237 2642 prius
1270 2559 1414 2625 inaudito
1446 2561 1606 2644 regnandi
1639 2562 1736 2625 modo
1770 2562 1881 2627 haberi
1922 2582 2117 2627 sermonem.

118 2650 221 2735 pheta
241 2647 350 2713 Deum
380 2644 585 2724 adscendere,
615 2667 715 2728 quum
744 2646 897 2712 buccinae
923 2644 964 2708 ad
987 2643 1092 2708 extol·
1145 2644 1380 2711 subaudienda
1402 2647 1489 2711 enim
1512 2659 1562 2711 est
1580 2647 1752 2712 antithesis
1774 2649 1861 2712 inter
1880 2647 1961 2731 legis
1979 2664 2118 2731 tempus,

118 2735 253 2803 leudam
275 2735 346 2799 eius
376 2732 555 2815 potentiam
583 2730 758 2797 hortantur
787 2731 943 2815 populum
967 2739 999 2794 et
1021 2730 1092 2793 ani·
1144 2751 1208 2813 quo
1226 2731 1318 2796 Deus
1341 2732 1514 2815 imperium
1534 2753 1630 2797 suum
1647 2733 1856 2798 continuerat
1873 2734 1960 2798 intra
1977 2732 2118 2799 Iudaeae

118 2829 221 2887 mant.
265 2818 306 2884 Id
328 2818 414 2884 enim
437 2817 630 2884 tantundem
654 2817 784 2883 valebat
805 2818 893 2901 olim,
923 2835 961 2881 ac
983 2816 1010 2879 si
1032 2835 1092 2879 rex
1144 2817 1282 2894 limites,
1314 2825 1349 2881 et
1378 2816 1505 2882 Ohristi
1533 2817 1713 2883 adventum
1743 2839 1807 2901 qno
1835 2818 1918 2884 illud
1948 2819 2120 2902 ampliavit

119 2907 295 2992 magnifico
325 2903 498 2987 splendore
522 2901 564 2967 ad
584 2923 660 2969 suos
681 2901 879 2986 ingrediens,
908 2901 1092 2968 veneratio·
1144 2922 1242 2985 quam
1271 2903 1368 2986 longe
1397 2903 1526 2985 lateque
1552 2913 1643 2985 patet
1670 2915 1757 2969 totus
1778 2902 1876 2969 orbis.
1921 2903 2118 2988 Quanquam

118 3014 195 3059 nem
225 2992 286 3057 sibi
312 2989 470 3056 conciliet.
513 2989 646 3054 Interea
674 3009 740 3054 non
770 2987 905 3054 dubium
934 2996 986 3052 est
1014 2987 1092 3068 quin
1145 2999 1254 3053 autem
1288 2989 1350 3052 Dei
1382 2988 1539 3053 maiestas
1576 2988 1725 3054 scintillis
1766 2989 1957 3071 quibusdam
2000 2992 2120 3056 enituit

118 3080 181 3145 sub
203 3077 260 3142 illa
283 3074 449 3141 umbratili
464 3074 667 3139 caeremonia
681 3073 783 3138 alium
801 3073 994 3140 adscensum
1017 3091 1092 3153 pro·
1143 3074 1231 3138 inter
1253 3084 1377 3157 gentes,
1400 3092 1502 3155 quum
1524 3093 1580 3137 eas
1602 3072 1662 3139 sibi
1686 3075 1875 3139 tributarias
1896 3075 1972 3139 feeit
1990 3074 2117 3140 David:

119 3164 222 3248 pheta
242 3159 535 3229 commendaverit:
568 3180 684 3242 nempe
714 3159 793 3223 dum
815 3159 970 3224 (lhristus
992 3176 1093 3237 supra
1145 3180 1209 3223 uon
1240 3169 1350 3223 tamen
1380 3159 1510 3240 proprie
1539 3157 1677 3224 dixisset
1705 3159 1864 3242 propheta
1893 3159 2000 3224 Deum
2029 3163 2118 3226 inter

118 3269 233 3316 omnes
255 3247 362 3314 coelos
384 3256 518 3311 evectus
537 3244 652 3309 mundi
684 3245 782 3309 totius
811 3244 984 3327 imperium
1015 3240 1090 3304 ade·
1143 3245 1218 3308 illas
1240 3264 1404 3327 regnasse,
1433 3245 1510 3327 quia
1531 3253 1565 3308 et
1585 3245 1655 3310 eius
1677 3245 1803 3309 cultum
1825 3245 2117 3327 adspernabantur‚

118 3346 199 3421 ptus
228 3342 292 3414 est,
320 3345 354 3399 ot
382 3330 513 3398 coelesti
542 3331 666 3396 virtute
695 3329 876 3395 instructus
906 3327 1092 3410 superbiam
1144 3329 1563 3412 etoptassentexstinotam
1578 3349 1712 3412 prorsus
1728 3331 1986 3398 esseecclesiam.
2006 3330 2118 3413 Quare

118 3441 252 3488 omnem
275 3427 308 3485 θῖ
329 3417 537 3484 altitudinem
567 3415 762 3499 subiugavit.
806 3416 911 3480 Porro
935 3412 1093 3477 memoria
1134 3423 1182 3480 ut
1203 3423 1332 3479 constet
1353 3414 1498 3480 vaticinii
1529 3415 1628 3481 huius
1657 3415 1931 3499 complementum
1955 3417 1997 3481 ad
2019 3418 2118 3483 Obri-

118 3503 333 3591 repetendum
351 3512 402 3569 est
419 3500 506 3586 quod
523 3502 615 3585 prius
633 3499 796 3584 admonui,
814 3500 1093 3566 adareamtrans·
1143 3514 1231 3567 stum
1260 3503 1372 3566 venire
1405 3521 1537 3566 neeesse
1570 3515 1629 3567 est.
1678 3501 1774 3584 Quod
1809 3502 1941 3568 additur
1974 3503 2118 3569 secunda

117 3593 217 3660 scribi
235 3589 369 3656 Ieltoaae
386 3606 522 3654 nomen:
545 3587 624 3671 quia
645 3588 776 3653 tametsi
798 3587 865 3651 illie
883 3607 947 3650 non
965 3583 1094 3650 inclusa
1143 3586 1299 3668 membro,
1329 3587 1435 3653 Deam
1455 3587 1558 3652 sedere
1579 3607 1674 3670 caspar
1695 3589 1809 3653 solium
1829 3589 2006 3654 saadiwtia
2032 3609 2118 3671 suae,

118 3688 190 3746 erat
218 3676 283 3742 Dei
315 3675 457 3740 essentia
487 3673 540 3739 vel
568 3674 736 3752 maiestas,
765 3694 827 3738 nse
857 3672 966 3738 virtus
993 3670 1091 3734 etiam
1144 3673 1305 3756 duplicem
1317 3693 1449 3739 sensum
1467 3673 1592 3755 recipit.
1616 3676 1723 3756 Saepe
1741 3675 1829 3740 enim
1848 3674 1909 3739 hac
1928 3676 2118 3756 loquutione

118 3766 262 3849 alligata,
286 3772 479 3825 nontamen
497 3759 597 3824 inane
616 3769 686 3825 orat
703 3759 906 3842 praesentiae
924 3757 987 3822 Dei
1005 3775 1093 3840 sym·
1144 3758 1390 3825 tabernaculum
1424 3755 1478 3822 vel
1512 3759 1672 3843 templum
1706 3758 1918 3842 intelligitur:
1950 3760 2117 3826 interdum

119 3850 240 3917 bolum.
275 3847 361 3912 Nam
384 3845 482 3910 sicud
499 3847 694 3928 promiserat
709 3844 799 3910 Deus
816 3863 850 3909 se
867 3842 1092 3909 habitaturum
1144 3865 1222 3909 vero
1243 3843 1369 3910 coelum
1398 3844 1571 3927 significat.
1617 3843 1655 3911 Si
1677 3845 1717 3910 de
1738 3845 1860 3927 templo
1887 3864 2051 3927 exponere
2076 3845 2116 3910 li·

119 3938 153 4002 in
175 3934 285 4000 medio
306 3931 426 4015 populi,
448 3930 604 4013 quamdiu
626 3952 700 3996 eum
723 3951 766 3996 ex
788 3929 870 4014 legis
891 3928 1092 4014 praescripta
1144 3930 1227 4005 beat,
1250 3949 1365 3995 sensus
1386 3931 1457 4006 erit,
1481 3930 1588 3994 Deum
1611 3932 1658 3996 sic
1675 3948 1823 4013 praeesse
1845 3931 1905 3995 toti
1922 3930 2057 4013 mundo,
2078 3951 2117 4000 aa

118 4020 235 4088 Iudaei
256 4018 416 4086 colerent:
438 4016 486 4081 ita
505 4037 541 4081 re
557 4016 630 4100 ipsa
646 4015 849 4081 monstrabat
870 4035 947 4080 vere
969 4034 1005 4079 se
1024 4011 1092 4077 illis
1144 4016 1279 4099 populos
1308 4035 1421 4080 omnes
1443 4012 1503 4079 sub
1532 4015 1670 4098 imperio
1692 4036 1751 4081 suo
1774 4017 1953 4099 complecti,
1984 4025 2022 4082 ut
2049 4019 2118 4100 pri·

120 4109 245 4185 adesse,
261 4123 323 4170 nec
336 4104 458 4168 frustra
473 4103 619 4167 invocari
634 4103 721 4167 iuter
735 4103 834 4184 ipsos,
851 4102 963 4165 verius
980 4111 1091 4162 tamen
1144 4101 1249 4166 maria
1270 4110 1380 4166 umen
1403 4101 1474 4166 eius
1496 4101 1590 4167 sedes
1612 4101 1831 4187 Ierosolymae
1852 4112 1999 4167 maneat:
2022 4104 2119 4169 sicuti

120 4192 242 4260 hocin
264 4189 389 4274 gloriae
408 4186 705 4253 manifestationem
728 4187 894 4270 competit,
915 4205 998 4268 quae
1020 4197 1091 4248 tan-
1144 4188 1242 4252 etiam
1264 4184 1342 4251 inde
1363 4187 1460 4251 fluxit
1480 4187 1644 4272 evangelii
1667 4188 1822 4264 doctrina,
1852 4207 1916 4272 qua
1941 4189 2004 4254 sibi
2026 4188 2119 4256 Deus

120 4280 196 4345 dem
217 4275 347 4343 refulsit
366 4275 403 4338 in
426 4273 550 4340 Ohristi
571 4293 719 4356 persona.
757 4272 897 4340 Summa
918 4283 968 4336 est
989 4291 1091 4352 quum
1143 4282 1278 4339 cunctos
1310 4273 1466 4338 mortales
1495 4274 1634 4359 subegit.
1686 4273 1738 4339 Ι)θ
1767 4274 1856 4340 θοθΙο
1888 4286 2000 4339 tamen
2028 4295 2118 4339 oom-

120 4370 278 4433 canerent
293 4359 378 4443 apud
396 4359 536 4426 Iudaeos
554 4359 709 4426 buccinae
726 4381 768 4426 ex
784 4359 867 4443 legis
881 4356 1090 4442 praescripto,
1143 4356 1239 4424 made
1261 4359 1408 4442 accipere
1429 4355 1548 4439 licebit,
1571 4358 1656 4443 quod
1671 4359 1763 4425 Deus
1786 4379 1922 4425 manum
1945 4381 2037 4426 suam
2059 4381 2117 4424 ex·

120 4472 186 4516 non
208 4447 382 4514 evanuisse
414 4447 449 4510 in
482 4459 557 4512 aere
586 4445 731 4510 sonitum
759 4444 862 4522 illum,
896 4443 973 4527 quia
999 4443 1092 4508 Deus
1143 4465 1255 4511 serens
1277 4442 1318 4508 ad
1341 4444 1490 4510 homines
1519 4446 1580 4511 sub
1602 4445 1792 4527 obsequium
1822 4467 1917 4512 suum
1945 4444 2116 4529 cogendos,

121 4534 238 4621 quiin
267 4553 344 4598 arca
375 4531 513 4597 foederis
545 4533 748 4614 praesentiae
791 4550 869 4596 suae
900 4530 1022 4614 pignus
1054 4549 1091 4595 ac
1144 4530 1250 4615 palam
1272 4530 1431 4609 ostendat,
1458 4552 1494 4597 se
1515 4554 1557 4597 ex
1579 4531 1659 4597 solio
1681 4532 1812 4597 coelesti
1834 4532 1995 4598 dominari
2018 4551 2118 4614 super

121 4635 278 4689 toewrarn
308 4617 457 4696 dederat,
491 4638 570 4683 vore
599 4615 800 4701 praesideret
832 4617 866 4680 in
897 4625 990 4683 coetu
1023 4613 1091 4679 illo.
1144 4616 1309 4682 homines:
1340 4616 1418 4699 quia
1444 4618 1508 4684 nisi
1535 4619 1729 4702 propinquis
1750 4627 1784 4683 et
1805 4617 1902 4684 claris
1924 4617 2027 4700 signis
2051 4618 2117 4681 vir·

121 4707 211 4774 Hinc
232 4703 472 4771 exhortationis
494 4714 723 4787 argumentum
745 4701 840 4767 duxit
862 4702 1032 4786 propheta,
1055 4709 1092 4764 nt
1144 4711 1247 4767 tutem
1280 4722 1373 4768 suam
1406 4701 1626 4784 demonstret,
1666 4703 1782 4769 mundi
1814 4701 2016 4788 gubernator
2048 4722 2116 4767 non

121 4792 196 4859 Deo
219 4789 364 4876 psallant
391 4789 519 4855 fideles:
548 4790 626 4872 quia
654 4808 721 4852 non
743 4789 811 4852 sint
831 4787 865 4852 id
886 4787 1005 4853 facturi
1027 4787 1091 4850 for·
1144 4788 1341 4873 agnoscitur.

120 4880 213 4957 tuito,
243 4876 329 4942 deut
348 4876 574 4960 superstitiosi,
601 4893 703 4958 quum
725 4874 804 4938 nibil
826 4873 969 4939 habeant
996 4872 1092 4938 certi-
1232 4874 1282 4939 10.
1311 4873 1494 4959 (Principes
1517 4874 1728 4958 populonien.)
1771 4874 1923 4938 Exornat
1944 4883 1979 4938 et
1999 4875 2117 4957 ampli·

122 4963 258 5042 tudinis,
286 4962 409 5028 frustra
426 4961 555 5027 eiulaut
575 4978 687 5027 coram
708 4958 777 5025 suis
798 4958 905 5025 idolis.
950 4957 1092 5025 (lauaem
1144 4961 1221 5026 ficat
1245 4959 1393 5043 pluribus
1414 4961 1524 5027 verbis
1545 4962 1729 5044 proximam
1754 4961 1969 5024 sententiam:
1999 4981 2117 5027 rursus

122 5102 326 5115 „-
1144 5046 1232 5110 enim
1255 5044 1370 5111 definit
1397 5045 1538 5129 qualiter
1559 5047 1621 5112 sibi
1643 5045 1735 5111 Deus
1760 5066 1898 5128 regnum
1930 5047 2117 5130 acquisierit

208 5166 239 5236 ε)
270 5166 434 5238 psalmodia
467 5165 604 5231 serenda,
636 5179 672 5220 Μ
699 5178 812 5234 mm„
844 5181 861 5220 o
892 5181 959 5220 m,
991 5164 1093 5220 ,hm
1144 5151 1244 5213 super
1264 5140 1390 5231 gentes,¹
1411 5131 1489 5197 dum
1511 5132 1634 5198 scilicet
1655 5130 1937 5214 quipriusalieni
1958 5135 2119 5235 arentin

118 5239 249 5297 manau.
1145 5216 1285 5283 eundem
1316 5216 1393 5284 fider
1421 5238 1617 5284 eonsensum
1645 5216 1838 5283 coaluerunt
1870 5236 1946 5282 cum
1975 5218 2120 5286 Iudaeis.

1860 5318 1912 5374 302
