4658 5856
167 347 231 412 773
943 345 1159 413 PSALMUS
1181 345 1384 414 LXXXHI.
2092 351 2156 419 774

166 536 222 618 qui
244 535 330 600 inter
350 555 385 600 se
407 536 676 620 conspiraverant
704 534 744 601 ad
768 533 969 618 perdendum
993 536 1055 601 Dei
1076 557 1134 619 po·
1157 555 1162 608 ι
1186 546 1312 601 ιιιοιιιιιι
1347 546 1415 602 tam
1448 559 1468 601 a
1499 543 1607 601 mente
1640 555 1737 617 quam
1772 557 1791 600 a
1819 536 1925 602 verbis
1958 537 2153 620 Prophetae.

165 620 296 703 pulum,
328 621 503 704 probabilis
534 634 585 686 est
617 622 816 697 coniectura,
856 620 1024 686 Psalmum
1057 633 1135 686 tunc
1187 622 1387 707 Simpliciter
1409 624 1496 687 enim
1519 623 1612 687 docet
1629 621 1730 686 latere
1749 641 1807 686 nos
1822 623 1882 688 sub
1898 622 2153 690 umbraalarum

165 709 266 771 fuisse
288 705 454 783 dictatum,
483 728 560 771 nam
585 717 618 771 et
641 727 734 772 sacra
755 706 891 772 historia
912 707 1012 773 refert
1034 728 1134 772 unam
1186 708 1260 793 Dei,
1290 710 1366 791 quia
1395 709 1458 773 etsi
1485 707 1634 773 videmur
1655 727 1771 790 parere
1794 716 1827 772 et
1848 709 1976 774 obnoxii
2000 731 2070 775 esse
2091 713 2154 775 im·

165 812 210 856 ex
232 793 361 857 Lev'itis
387 792 566 874 pollicitum
595 794 694 858 fuisse
724 793 794 877 regi
817 793 986 858 victoriam
1016 793 1133 876 spiritu
1185 796 1311 877 piorum
1334 793 1469 870 libidini,
1491 793 1617 860 occulta
1635 793 1693 857 Dei
1711 794 1833 858 virtute
1850 814 2028 862 servamur.
2061 795 2153 861 Ideo-

164 879 368 962 prophetico‚
408 892 441 942 et
474 877 607 943 Levitae
646 877 801 943 cecinisse
839 899 948 945 coram
982 878 1132 943 Domino.
1185 901 1248 961 que
1270 880 1348 945 alibi
1372 879 1500 960 dicitur,
1527 879 1716 944 Abscondes
1737 899 1791 943 me
1812 880 1847 943 in
1871 881 1980 945 abdito
2004 882 2154 947 taberna·

165 965 255 1045 Quia
286 975 393 1028 autem
427 965 497 1028 fieri
530 986 595 1028 non
630 966 736 1046 potuit
767 965 846 1046 quin
880 974 968 1029 totus
995 966 1134 1047 populus
1185 964 1249 1031 culi
1273 967 1330 1042 tui,
1360 966 1447 1030 Psal.
1471 965 1522 1043 27,
1545 965 1574 1030 5.
1619 963 1726 1030 Simul
1756 975 1865 1028 tamen
1895 967 2074 1031 notandum
2094 977 2153 1046 est,

164 1071 241 1115 cum
264 1059 376 1113 sancto
395 1069 472 1133 rege
494 1050 527 1113 in
545 1050 647 1114 tantis
664 1050 816 1133 periculis
834 1069 1031 1132 magnopere
1049 1059 1134 1115 esset
1185 1073 1249 1116 uon
1278 1052 1358 1116 alios
1390 1050 1546 1117 occultari
1568 1051 1629 1116 sub
1650 1048 1715 1114 Dei
1737 1049 1892 1126 custodis,
1923 1051 1987 1116 nisi
2009 1055 2064 1134 qui
2086 1054 2153 1119 suia

164 1137 294 1211 anxius,
318 1135 415 1217 plena
437 1135 662 1200 vehementiae
683 1144 717 1199 et
738 1135 966 1200 sollicitudinis
989 1134 1042 1200 hic
1060 1156 1136 1200 con·
1186 1136 1309 1202 viribus
1339 1136 1451 1215 diffisi,
1482 1135 1598 1218 trepidi
1627 1133 1669 1199 ad
1699 1134 1808 1200 Deum
1837 1137 2045 1219 confugiunt,
2077 1159 2153 1202 nam

165 1223 291 1286 tinetur
320 1221 471 1302 precatio.
516 1223 625 1304 Atque
647 1222 712 1285 huc
733 1231 859 1304 spectat
879 1221 1028 1303 repetitio
1051 1240 1134 1303 quas
1185 1224 1241 1303 qui
1263 1223 1409 1305 persuasi
1431 1243 1467 1286 se
1488 1221 1529 1286 ad
1549 1221 1766 1287 resistendum
1785 1241 1880 1302 pares
1908 1223 1976 1287 fore
1998 1225 2154 1290 audenter

165 1307 309 1373 occurrit
335 1307 445 1370 statim
473 1307 510 1369 in
537 1309 642 1388 primo
671 1327 780 1386 versu,
809 1327 848 1372 ae
867 1310 969 1372 tuccas
990 1307 1078 1389 apud
1098 1311 1135 1385 tc,
1185 1321 1392 1383 concurrunt,
1416 1317 1450 1372 et
1469 1309 1560 1391 quasi
1582 1318 1671 1372 metu
1694 1305 1792 1371 soluti
1811 1307 1997 1384 lasciviunt,
2020 1308 2153 1374 tandem

163 1413 204 1458 me
235 1391 345 1470 sileas,
377 1411 417 1455 rte
447 1391 606 1474 quiescas:
644 1411 683 1456 ac
709 1394 736 1457 si
770 1391 916 1457 dicerent
947 1392 1072 1469 fideles,
1105 1392 1133 1457 si
1185 1393 1312 1457 dabunt
1335 1393 1491 1458 nuditatis
1512 1415 1591 1458 suae
1613 1413 1742 1474 poenas.
1783 1390 1922 1475 ideoque
1944 1395 2026 1457 nihil
2049 1395 2154 1461 tutius

164 1477 318 1542 auxiliari
346 1477 408 1542 sibi
437 1477 518 1541 velit
547 1477 651 1556 Deus,
685 1498 849 1559 nunquam
877 1478 911 1542 id
941 1478 1133 1560 tempestive
1184 1489 1235 1544 eet
1257 1500 1354 1561 quam
1377 1479 1437 1544 sub
1458 1478 1523 1543 Dei
1546 1478 1661 1543 umbra
1683 1477 1880 1556 delitescere,
1903 1477 1980 1543 dum
2004 1482 2154 1563 propriae

163 1563 328 1629 facturum
359 1563 422 1628 nisi
445 1563 596 1628 celeriter
616 1564 758 1628 festinet.
803 1562 1000 1647 Quanquam
1023 1572 1131 1627 autem
1185 1563 1417 1629 imbecillitatis
1433 1565 1553 1630 conscii
1572 1564 1712 1629 salutem
1730 1574 1874 1629 nostram
1896 1566 1930 1628 in
1953 1564 2024 1630 eius
2043 1567 2153 1631 sinum

164 1659 314 1714 nostrum
346 1659 395 1713 est
428 1649 587 1731 patienter
615 1649 796 1732 quiescere,
828 1650 854 1714 si
882 1649 1012 1732 quando
1041 1647 1133 1712 Deus
1184 1650 1384 1716 coniieimus.

164 1735 326 1799 auxilium
352 1754 448 1798 suum
476 1734 615 1811 differat,
645 1734 832 1799 infirmitati
862 1746 972 1801 tamen
1003 1744 1133 1800 nostrae
1270 1736 1299 1800 5.
1334 1735 1514 1818 (Dixermat,
1556 1733 1686 1833 Venite.)
1739 1736 1891 1819 Augetur
1923 1735 1984 1800 hac
2017 1737 2153 1802 circum·

163 1817 314 1886 concedit
352 1820 592 1884 festinationem
629 1819 713 1885 hano
751 1834 874 1903 optare.
934 1820 998 1887 Ubi
1037 1821 1132 1899 verti,
1184 1823 1305 1887 stantia
1333 1819 1521 1903 indignitas,
1552 1820 1637 1902 quod
1667 1841 1701 1884 ιιι
1730 1820 1839 1885 animo
1867 1820 2040 1887 habuerint
2061 1824 2153 1906 impii

163 1905 216 1971 Ne
245 1905 341 1970 sileas
370 1903 456 1987 apud
486 1916 527 1984 te,
556 1903 597 1969 ad
624 1904 760 1970 verbum
787 1915 845 1986 est,
874 1906 925 1971 Ne
947 1906 1043 1971 sileas
1065 1905 1132 1984 tibi,
1184 1906 1352 1972 ecclesiam
1384 1906 1540 1970 radicitus
1571 1905 1730 1971 excidere.
1782 1907 1894 1972 Potest
1927 1908 2057 1990 quidem
2092 1908 2152 1974 hoc

163 1989 250 2074 quod
281 1988 514 2073 periphrastice
539 1990 708 2056 resolvunt
733 1991 875 2074 quidam,
904 2013 946 2056 ne
969 2003 1077 2056 taceas
1096 1991 1131 2054 in
1184 1993 1340 2075 restringi
1368 1991 1409 2055 ad
1438 1993 1645 2057 Ammonitas
1671 2004 1703 2056 et
1732 1991 1910 2071 Moabitas,
1938 1995 1994 2075 qui
2022 1994 2152 2060 flabella

163 2076 298 2162 propria
319 2094 430 2140 causa:
454 2075 540 2156 quod
564 2088 719 2159 tanquam
738 2078 836 2141 nimis
854 2089 1006 2160 argutum
1025 2076 1131 2142 omisi.
1184 2079 1319 2143 luerunt
1348 2077 1420 2143 aliis
1449 2076 1638 2143 excitandis.
1684 2075 1750 2142 Sed
1779 2079 1853 2160 quia
1876 2099 1988 2143 eorum
2010 2080 2151 2163 impulsu

163 2161 373 2227 Tantundem
402 2181 481 2225 vero
511 2161 657 2244 loquutio
680 2161 760 2228 haec
782 2162 871 2227 valet
892 2183 929 2228 ac
956 2164 982 2226 si
1006 2163 1130 2228 dictum
1186 2163 1345 2247 Agereni,
1378 2160 1483 2246 Syrii,
1516 2173 1549 2227 et
1581 2162 1700 2245 reliqui
1732 2184 1798 2227 non
1831 2163 1981 2229 dissimili
2015 2164 2087 2229 odio
2121 2175 2153 2231 et

163 2260 260 2327 esset,
290 2247 340 2311 Ne
368 2258 401 2310 te
429 2247 519 2310 intus
548 2249 726 2312 contineas.
776 2248 891 2314 Potest
919 2262 1028 2313 autem
1061 2267 1132 2312 esse
1184 2251 1293 2314 furore
1326 2249 1440 2332 perciti
1473 2248 1513 2312 ad
1546 2244 1745 2331 perdendum
1776 2247 1841 2314 Dei
1870 2250 2028 2332 populum
2062 2270 2153 2316 arma

162 2352 366 2416 supervacua
388 2331 556 2415 particula,
579 2333 664 2398 sicut
685 2333 757 2398 aliis
779 2333 926 2415 pluribus
946 2334 1035 2400 locis.
1184 2345 1405 2419 sumpserunt,
1426 2334 1593 2399 commode
1615 2334 1699 2397 hauc
1721 2355 1831 2400 vocem
1855 2335 2007 2400 omnibus
2029 2336 2153 2402 tribue·

250 2418 281 2483 3.
303 2416 404 2502 (Quia
432 2437 495 2484 ecce
522 2418 670 2500 inimici.)
722 2418 787 2484 Hic
818 2421 994 2485 necessitas
1023 2420 1130 2501 expri·
1184 2443 1266 2496 mus,
1297 2422 1373 2503 quia
1397 2419 1519 2486 scilicet
1541 2420 1623 2484 inita
1645 2419 1791 2503 pactione
1814 2422 1962 2485 certatim
1985 2422 2151 2500 irruerint,

162 2503 274 2586 mitur,
296 2503 382 2586 quod
401 2513 468 2567 tam
485 2503 518 2566 vi
535 2514 568 2568 et
585 2505 708 2587 impetu
723 2505 877 2584 hostium,
895 2526 992 2589 quam
1012 2506 1129 2569 astutis
1183 2507 1302 2588 aliique
1324 2506 1404 2571 alios
1427 2504 1548 2570 hortati
1570 2505 1637 2570 sint
1654 2502 1694 2567 ad
1713 2503 1884 2570 delendum
1904 2527 2040 2589 regnum
2058 2506 2150 2571 Iuda.

162 2589 306 2656 consiliis
334 2600 526 2671 premantur
554 2587 674 2667 fideles,
704 2598 743 2655 nt
764 2591 891 2655 nullum
913 2591 1029 2655 mortis
1050 2590 1131 2655 effu·
1185 2591 1293 2658 (lausa
1315 2605 1424 2657 autem
1447 2599 1514 2655 tam
1536 2589 1677 2655 crudelis
1698 2591 1763 2654 odii
1782 2592 1955 2674 praecipua
1973 2592 2042 2668 luit,
2066 2591 2151 2674 quod

163 2677 254 2761 mum
288 2684 407 2757 pateat.
461 2673 664 2741 Tumultucri
695 2681 724 2741 ct
752 2676 861 2757 efferre
888 2682 982 2759 capet
1010 2675 1131 2755 dicens,
1184 2676 1289 2745 Satan
1318 2678 1382 2741 Dei
1412 2674 1579 2742 ecclesiam
1614 2675 1823 2758 exstinguere
1855 2697 1983 2759 semper
2016 2687 2151 2743 conatus

161 2761 319 2845 intelligit
346 2760 446 2824 fretos
475 2779 536 2824 sua
564 2762 711 2843 potentia
739 2761 922 2826 insolenter
951 2783 986 2827 se
1007 2782 1131 2845 gerere.
1184 2774 1251 2828 est:
1281 2761 1416 2845 ideoque
1437 2783 1513 2828 suos
1535 2781 1649 2826 omnes
1670 2760 1711 2826 ad
1733 2762 1874 2827 furorem
1896 2761 2064 2843 impellere
2085 2784 2151 2829 non

162 2845 271 2914 Sicuti
300 2857 409 2910 autem
439 2843 512 2909 tulis
540 2845 658 2912 ferocia
686 2847 757 2929 pios
779 2847 906 2913 animos
928 2846 1023 2913 valde
1045 2846 1132 2912 labe-
1185 2849 1318 2914 destitit.
1362 2848 1520 2913 Recidere
1541 2868 1562 2911 c
1579 2850 1666 2929 pente
1691 2846 1856 2929 significat
1877 2846 2023 2913 funditus
2046 2848 2151 2914 eradi·

161 2934 281 2998 factat:
311 2933 357 2996 ita
386 2931 482 2995 unica
510 2929 629 2996 levatio
657 2943 714 3007 est,
745 2932 785 2996 de
812 2934 885 3016 ipsa
914 2933 1000 3016 apud
1022 2931 1132 2997 Deum
1185 2956 1267 3011 care,
1291 2954 1333 2998 ne
1354 2934 1397 2998 sit
1418 2932 1557 3014 amphus
1579 2952 1659 3014 gens
1681 2942 1739 2996 aut
1757 2932 1905 3014 populus,
1928 2934 2012 3013 quod
2032 2935 2151 2999 clarius

162 3018 329 3099 conqueri,
351 3016 444 3081 cuius
461 3029 653 3100 perpetuum
670 3038 791 3083 munus
809 3027 860 3083 est
876 3019 1032 3100 superbos
1048 3039 1131 3082 com·
1186 3028 1275 3102 patet
1301 3040 1344 3084 ex
1372 3017 1514 3083 secundo
1542 3015 1704 3092 membro,
1739 3016 1790 3081 Ne
1816 3023 1998 3082 memoretur
2018 3019 2152 3099 posthac

163 3123 304 3188 pascere.
358 3100 500 3183 Ideoque
533 3104 651 3180 sancti,
684 3113 723 3167 ιιι
754 3104 947 3186 plurimum,
980 3103 1034 3167 ubi
1068 3101 1132 3167 Dei
1184 3124 1292 3169 semem
1319 3102 1432 3168 [muel.
1477 3104 1585 3184 Atque
1616 3101 1695 3167 haec
1717 3103 1962 3167 circumstantia
1985 3103 2089 3169 valuit
2110 3103 2151 3168 ad

163 3189 331 3271 suppetias
347 3187 535 3271 implorant,
557 3188 696 3253 obiicere
714 3189 821 3253 solent
837 3189 980 3253 hostium
998 3207 1132 3252 suorum
1184 3187 1425 3273 provocandam
1448 3186 1511 3251 Dei
1534 3187 1798 3266 misericordiam,
1826 3187 1911 3270 quod
1941 3188 2061 3253 bollum
2091 3188 2151 3254 hoc

162 3275 373 3358 proterviam.
417 3275 467 3339 Ae
496 3272 675 3338 notandum
705 3283 764 3351 cst,
794 3276 903 3341 vocari
929 3272 993 3338 Dei
1022 3272 1132 3338 hostes
1184 3296 1249 3338 non
1275 3276 1318 3338 sit
1339 3281 1524 3356 susceptum
1546 3274 1712 3337 communi
1733 3293 1831 3351 more,
1861 3282 1899 3337 ιιι
1919 3273 1999 3339 victi
2020 3284 2054 3339 et
2074 3274 2150 3340 sub·

162 3360 346 3443 quicunque
373 3359 541 3424 ecclesiam
569 3360 741 3425 infestant:
770 3360 847 3442 quis
868 3359 948 3424 haee
970 3380 1037 3422 non
1061 3357 1132 3422 vul·
1183 3361 1248 3425 acti
1269 3359 1422 3425 venirent
1450 3360 1486 3423 in
1514 3357 1657 3423 hostium
1686 3366 1890 3441 potestatem,
1920 3358 1977 3424 sed
2006 3359 2046 3423 ad
2076 3359 2152 3425 ulti·

162 3446 253 3530 garis
274 3444 411 3510 fiduciae
433 3445 571 3510 materia
589 3457 648 3528 est,
669 3465 859 3511 communes
877 3443 1042 3509 nobiscum
1060 3443 1132 3509 Deo
1183 3466 1275 3510 mum
1298 3466 1401 3528 usque
1423 3444 1560 3509 exitium
1579 3464 1749 3528 progressa
1771 3445 1816 3509 sit
1832 3445 1978 3510 saevitia.
2011 3445 2153 3512 Perinde

162 3531 274 3596 hostes
306 3551 386 3595 esse.
437 3530 510 3596 Hoc
543 3541 652 3596 autem
686 3552 727 3596 ex
761 3532 902 3611 gratuito
934 3531 1004 3594 eius
1037 3540 1131 3612 pacto
1183 3541 1292 3596 autem
1323 3531 1388 3595 fuit
1413 3552 1451 3597 ao
1479 3531 1506 3595 si
1536 3532 1644 3596 conati
1677 3536 1787 3596 essent
1815 3542 1962 3596 evertere
1984 3531 2046 3596 Dei
2076 3553 2153 3598 con·

161 3625 284 3693 manat,
313 3636 377 3698 quo
407 3616 571 3698 pollicitus
598 3628 649 3682 est
673 3636 708 3682 se
730 3617 797 3681 lore
819 3616 1040 3681 adversarium
1062 3636 1132 3680 om·
1183 3617 1293 3682 silium
1316 3618 1349 3681 in
1371 3637 1435 3699 quo
1457 3617 1593 3681 fundata
1614 3627 1665 3681 est
1687 3616 1842 3683 ecclesiae
1864 3618 2073 3700 perpetuitas.

161 3703 260 3766 nibus
282 3701 430 3766 hostibus
452 3703 588 3767 nostris:
618 3714 651 3766 et
671 3703 799 3779 merito,
827 3702 903 3783 quia
925 3723 965 3766 ex
988 3721 1051 3783 quo
1074 3721 1132 3766 nos

161 3787 334 3872 amplexus
364 3798 413 3851 est
437 3787 472 3851 in
495 3808 587 3851 suam
610 3787 754 3865 tutelam,
783 3789 965 3871 oppugnari
987 3808 1052 3850 non
1075 3807 1131 3870 po·
1269 3788 1299 3852 6.
1325 3786 1408 3869 Quia
1434 3787 1681 3852 mussitaverant
1709 3788 1798 3853 corde
1825 3786 1928 3866 mmet,
1956 3787 2152 3853 adversitate

161 3883 227 3938 test
248 3871 336 3938 salus
359 3881 477 3948 nostra,
501 3874 582 3955 quin
604 3872 702 3938 simul
723 3872 862 3937 violetur
882 3873 952 3938 eius
971 3873 1132 3937 maiestas.
1182 3874 1291 3955 foedus
1313 3874 1510 3955 pepigerant.
1556 3873 1586 3936 7.
1612 3872 1828 3938 tabernacola
1849 3872 1960 3950 Edem
1984 3878 2013 3937 et
2034 3874 2151 3939 Ismuc·

162 3960 296 4025 Interea
324 3979 388 4039 pax
416 3959 509 4023 nobis
531 3979 604 4023 cum
628 3958 778 4023 omnibus
799 3956 934 4023 colenda
955 3969 1006 4022 eet
1027 3958 1131 4039 quoad
1183 3959 1268 4039 litae,
1296 3958 1392 4023 Moab
1424 3964 1452 4023 et
1479 3958 1653 4040 Huqarem'.
1699 3958 1729 4023 8.
1755 3959 1864 4038 Gebcl,
1895 3963 1923 4023 et
1951 3957 2098 4042 Ammon,
2124 3964 2153 4024 ct

161 4045 287 4111 licebit:
321 4042 582 4124 studendumque
614 4043 781 4126 probitati,
816 4054 854 4108 ut·
883 4064 995 4109 secure
1024 4064 1130 4107 coram
1183 4045 1320 4124 Amalec,
1338 4043 1543 4126 Philoctete,
1561 4063 1632 4108 cum
1648 4043 1875 4109 dubietatibus
1888 4043 1976 4125 Tyri.
2002 4050 2030 4109 9.
2042 4041 2153 4110 Etiam

162 4130 235 4195 Deo
258 4128 391 4212 gloriari
408 4128 506 4194 liceat
521 4130 672 4193 iniuriam
692 4129 785 4194 nobis
799 4129 870 4194 fieri
885 4150 986 4211 quum
1003 4140 1132 4211 praeter
1184 4132 1292 4195 Assae
1316 4131 1450 4195 societas
1479 4135 1523 4195 est
1544 4129 1627 4195 illis:
1654 4129 1782 4211 scerunt
1804 4128 1964 4194 huetium
1981 4128 2062 4210 filiis
2083 4131 2150 4195 Lot.

162 4215 317 4281 meritum
350 4214 549 4279 lacessimur.
594 4214 666 4279 Iam
695 4225 861 4297 utcunque
881 4213 922 4278 ad
945 4215 1130 4296 superbiam
1186 4216 1289 4281 Sedala.

161 4312 197 4367 ot
219 4300 380 4365 violentos
402 4301 542 4382 impetus
560 4300 702 4365 hostium
721 4299 853 4367 accedat
870 4300 969 4363 etiam
987 4301 1130 4365 hostium

161 4386 333 4461 calliditas,
356 4383 464 4449 danda
485 4395 667 4450 esttamen
689 4408 748 4451 sua
766 4385 837 4451 Deo
859 4385 980 4469 gloria:
1002 4398 1039 4450 ut
1061 4387 1131 4451 eius
1268 4387 1298 4452 6.
1322 4388 1422 4470 (Quia
1442 4386 1712 4471 comsuttuveruat.)
1746 4386 1811 4452 Hic
1829 4385 2025 4469 multiplices
2043 4386 2149 4466 copias

162 4471 306 4537 subsidio
327 4473 470 4536 contenti
492 4471 604 4536 simus.
639 4469 745 4537 Sicuti
768 4472 854 4536 enim
877 4473 1027 4555 frangere
1048 4471 1132 4536 solet
1184 4485 1339 4550 recenset,
1363 4495 1447 4555 quae
1468 4475 1587 4538 iunctis
1609 4472 1734 4537 viribus
1756 4471 2026 4537 machinabantur
2048 4471 2149 4536 eccle-

161 4558 320 4640 snperbcs
353 4558 408 4638 qui
441 4556 562 4622 rabiem
596 4578 689 4622 enam
719 4559 921 4640 despumant,
953 4558 1000 4621 ita
1032 4559 1129 4622 etiam
1182 4560 1249 4623 eise
1271 4558 1336 4623 Dei
1364 4561 1502 4624 ruinam.
1548 4557 1660 4638 Quum
1690 4578 1767 4641 ergo
1790 4569 1856 4621 tam
1880 4554 1988 4620 valida
2009 4557 2149 4622 faotione

161 4655 287 4708 astutos
309 4641 550 4724 deprehendere
572 4643 607 4706 in
629 4662 689 4707 sua
711 4644 840 4708 astutia.
884 4643 987 4707 Porro
1008 4665 1050 4707 ne
1071 4643 1131 4707 ho·
1181 4644 1407 4709 incumberent
1447 4644 1567 4708 multae
1600 4653 1713 4727 gentes
1745 4644 1781 4707 in
1818 4642 1992 4724 perniciem
2026 4642 2147 4706 infirmi

162 4730 263 4795 atium
292 4727 419 4792 insidiis
448 4738 481 4793 et
501 4728 703 4811 captionibus
725 4739 877 4812 putemus
899 4751 959 4794 noe
981 4748 1052 4792 esse
1073 4750 1129 4792 ex·
1181 4730 1284 4811 regni,
1309 4751 1439 4796 necesse
1460 4730 1523 4794 fuit
1544 4742 1670 4794 mature
1692 4728 1857 4794 sublevari
1879 4727 2061 4791 admirabili
2085 4728 2148 4792 Dei

163 4814 294 4897 positos,
323 4821 506 4895 opportune
533 4815 678 4897 suggerit
700 4816 795 4880 nobis
815 4816 976 4897 propheta
998 4814 1128 4895 plenum
1181 4815 1316 4895 auxilio,
1338 4817 1462 4898 {quibus
1491 4814 1581 4879 nulla
1610 4814 1651 4879 ad
1681 4836 1715 4878 se
1745 4812 1881 4877 tuendos
1903 4813 2037 4877 facultas
2066 4821 2146 4878 erat.

162 4899 393 4966 consolationis
415 4911 446 4962 et
466 4902 534 4982 spei
557 4900 732 4981 epitheton,
755 4921 877 4964 vocans
900 4922 959 4965 nos
974 4900 1037 4964 Dei
1059 4900 1130 4964 abs·
1181 4902 1225 4964 Et
1252 4910 1361 4964 tamen
1385 4902 1418 4965 in
1444 4901 1542 4965 simili
1565 4899 1791 4981 desperatione
1813 4898 1922 4980 erupit
1943 4907 2055 4962 sancto
2078 4899 2147 4981 regi

162 4988 307 5051 conditos.
349 4984 435 5049 Nam
457 4986 543 5068 quod
566 4984 696 5067 quidam
719 4987 753 5050 in
777 4989 971 5051 contrariam
1003 4998 1128 5066 partem
1180 4989 1249 5051 Aea
1271 5007 1335 5050 vox
1356 4986 1412 5049 illa
1432 5008 1507 5051 vere
1526 4987 1663 5060 heroica,
1685 4985 1714 5048 2.
1733 4985 1806 5047 Par.
1827 5003 1896 5065 cap.
1916 4983 1965 5058 14,
1990 5003 2072 5047 vers.
2093 4985 2146 5047 ll:

162 5073 306 5150 trahunt,
336 5072 411 5153 quia
440 5093 505 5135 non
534 5084 688 5155 appareat
711 5072 772 5136 Dei
794 5072 952 5136 auxilium
975 5093 1036 5154 quo
1058 5092 1129 5153 pro·
1180 5071 1254 5136 Non
1282 5085 1331 5136 est
1353 5071 1484 5137 difficile
1507 5074 1577 5137 Deo
1600 5090 1789 5135 succurrere
1812 5069 1881 5134 sive
1900 5067 2055 5133 adversus
2078 5091 2146 5134 ma-

163 5159 315 5241 tegimnr‚
345 5157 442 5223 sicuti
471 5156 547 5221 alibi
576 5158 644 5221 vita
672 5156 816 5222 fidelium
839 5169 975 5223 vocatur
997 5158 1129 5222 abscon·
1180 5179 1292 5241 gnum,
1310 5158 1379 5221 sive
1398 5159 1553 5240 exiguum
1572 5158 1765 5221 exercitum:
1785 5174 1846 5220 nec
1864 5154 2019 5238 impediet
2036 5164 2147 5218 nostra

164 5243 240 5323 dita,
262 5243 332 5309 Col.
355 5243 385 5325 3,
413 5242 433 5306 3
464 5244 561 5307 nimis
590 5253 736 5309 coactum
764 5254 825 5323 est,
858 5255 891 5309 et
917 5263 1051 5327 prorsus
1078 5264 1129 5308 re·
1181 5244 1335 5326 paucitas,
1365 5246 1538 5325 quominus
1560 5243 1600 5306 ab
1622 5241 1749 5326 ingenti
1772 5240 1981 5305 multitudine
2003 5261 2062 5306 nos
2083 5240 2147 5305 eri-

1893 5340 1943 5394 te*
