4658 5856
107 322 167 387 721
883 322 1100 391 PSALMUS
1123 319 1323 389 LXXVIII.
2033 327 2097 395 722

65 501 72 511 ’
103 515 209 595 gmata
231 532 251 575 a
272 515 405 595 tempore
426 512 564 594 antiquo.
608 513 639 580 3.
666 513 753 596 Quae
774 513 958 579 audivimus
979 517 1006 576 et
1027 530 1074 577 co·
1125 532 1310 593 suspensas.
1356 510 1471 576 Voluit
1498 512 1587 578 enim
1610 508 1672 578 hdc
1694 513 1788 579 modo
1813 515 1946 596 probare
1969 538 2004 581 se
2026 518 2096 581 exi·

103 598 276 680 quominus,
302 603 330 662 et
354 604 462 680 patres
483 600 582 664 nostri
603 605 780 665 narrarunt
799 599 898 666 abbis.
943 599 972 663 4.
1002 597 1075 662 Nou
1126 598 1230 661 mium
1253 595 1316 661 Dei
1340 598 1545 679 prophetam,
1570 620 1632 680 quo
1656 602 1778 664 maiore
1800 602 1982 665 reverentia
2009 604 2097 667 exei-

105 682 322 749 occultabimus
342 706 364 748 a
383 684 464 764 acics
486 705 591 750 eorum
613 687 649 750 in
663 686 889 769 generationem
907 688 1075 767 posteram,
1126 694 1265 765 peretur.
1317 682 1359 747 In
1390 681 1449 747 hac
1478 685 1578 765 igitur
1611 703 1703 767 parte
1738 706 1837 767 quum
1871 687 1986 751 similis
2019 708 2096 770 pro·

104 775 270 834 comantes
291 771 402 835 laudes
425 770 555 836 Iabacae
576 775 604 835 et
622 772 840 852 fortitudinem
861 773 938 849 cius,
969 774 997 834 ct
1018 771 1075 834 mi·
1125 769 1245 852 phetae
1268 767 1378 842 luerit,
1401 769 1478 850 quia
1501 768 1540 834 de
1562 771 1756 837 sublimibus
1780 774 1944 854 mysteriis
1966 775 2095 838 concie·

104 854 221 920 rabilia
243 857 311 920 eiua
333 877 411 936 quae
430 857 512 935 fecit.
556 856 586 921 5.
617 856 661 921 Et
682 859 790 921 statuit
812 857 1018 922 testimoniam
1040 857 1076 919 in
1126 865 1224 919 natus
1242 863 1293 919 est
1313 855 1426 918 altiore
1449 854 1575 921 dicendi
1599 856 1714 937 ferma,
1732 859 1881 939 'opposite
1900 860 2096 923 transfertur

105 940 208 1019 Iacob,
236 940 379 1023 etleqem
396 943 507 1024 posuit
533 943 566 1006 in
591 942 703 1020 Imail,
732 944 808 1024 quia
828 942 989 1007 mandauit
1016 962 1077 1022 pa·
1127 942 1167 1005 ad
1199 941 1267 1004 eius
1298 961 1471 1023 personam
1502 940 1585 1023 quod
1617 944 1777 1024 propheta
1811 943 1850 1006 de
1880 965 1914 1007 se
1942 944 2094 1008 affirmat.

103 1025 204 1091 tribus
231 1028 348 1093 nostrie
377 1033 410 1092 ut
431 1033 505 1092 nata
530 1027 669 1108 facerem
690 1049 727 1093 ea
754 1028 834 1109 fictis
855 1029 943 1093 suis:
975 1029 1005 1093 6.
1037 1026 1077 1093 Ut
1127 1030 1302 1092 Caeterum
1325 1027 1352 1090 si
1375 1027 1409 1090 in
1433 1027 1565 1092 Psalmo
1588 1028 1649 1092 hoc
1671 1028 1794 1092 relucet
1824 1031 1985 1107 maiestas,
2014 1052 2096 1111 quae

55 1106 59 1117 '
103 1117 260 1195 cognoseat
286 1115 445 1195 animatio
469 1118 610 1194 poetma,
637 1113 701 1194 filii
729 1120 787 1196 qui
813 1118 978 1180 nascentur
1004 1133 1075 1178 aur·
1125 1114 1196 1176 iure
1226 1133 1285 1176 suo
1315 1112 1354 1176 ad
1387 1111 1532 1177 discendi
1565 1113 1709 1178 studium
1743 1115 1863 1178 excitet
1897 1116 2033 1180 lectores
2062 1125 2096 1180 et

101 1203 185 1281 aaut,
209 1203 236 1263 et
257 1205 387 1265 narrarit
405 1198 486 1280 altis
507 1201 587 1264 areb.
1126 1197 1297 1278 accendat,
1338 1196 1416 1263 hinc
1448 1197 1632 1282 colligimus
1665 1220 1761 1281 quam
1796 1200 1882 1264 seria
1914 1203 2095 1267 attentione

1126 1284 1334 1368 evangelium
1368 1284 1518 1365 excipere
1547 1304 1606 1349 nos
1636 1286 1826 1362 conveniat,
1857 1286 1913 1350 ubi
1947 1288 2095 1354 coelestis

191 1371 219 1435 1.
242 1366 434 1455 (Ausculta.)
472 1370 525 1435 Ex
546 1373 612 1435 fine
635 1369 759 1435 Psalmi
782 1372 978 1447 coniectura,
1002 1390 1074 1434 meo
1126 1371 1306 1453 sapientiae
1329 1369 1499 1434 thesauros
1522 1369 1614 1434 nobis
1637 1373 1741 1452 aperit
1763 1370 1926 1436 Christus.

102 1456 231 1529 iudicio,
251 1455 426 1538 probabilis
443 1459 528 1520 sumi
548 1466 664 1538 potest,
681 1457 781 1521 luisse
797 1457 957 1537 scriptum
976 1456 1074 1538 longe
1211 1457 1240 1520 3.
1265 1456 1366 1539 (Quae
1387 1455 1592 1535 ambivimus.)
1631 1455 1727 1536 Quod
1751 1457 1917 1539 praefatus
1940 1458 2095 1525 derebus

103 1552 176 1624 pest
198 1540 335 1606 Davidis
360 1551 516 1607 mortem:
541 1542 618 1624 quia
639 1542 707 1606 illic
728 1542 913 1607 celebratur
935 1562 1072 1624 regnum
1125 1543 1254 1625 magnis
1287 1551 1320 1607 et
1354 1540 1550 1606 absconditis
1584 1562 1618 1606 se
1653 1543 1752 1607 verba
1785 1544 1965 1622 facturum,
2008 1565 2095 1608 nunc

103 1628 262 1692 divinitus
288 1639 430 1693 erectum
459 1628 495 1691 in
518 1627 642 1692 familia
663 1627 812 1692 Davidie.
858 1626 986 1691 Deinde
1015 1648 1074 1709 per
1124 1629 1262 1705 subiicit,
1290 1647 1495 1691 communem
1525 1647 1596 1692 esse
1624 1627 1814 1708 doctrinam,
1843 1638 1876 1692 ct
1899 1650 1958 1710 per
1980 1651 2095 1696 manus

103 1713 343 1778 contentionem
366 1714 541 1795 opponitur
563 1714 668 1778 tribus
691 1713 861 1797 Ephraim,
891 1734 973 1794 quae
996 1713 1074 1777 dici·
1125 1713 1295 1777 traditam:
1320 1711 1448 1776 videtur
1471 1712 1620 1776 nonnihil
1639 1735 1709 1778 esse
1728 1716 1974 1796 repugnantiae.
2009 1716 2094 1780 Nam

103 1813 158 1862 tnr
180 1799 278 1863 fuisse
300 1798 439 1880 repulsa,
462 1799 549 1863 unde
568 1810 712 1881 apparet,
736 1800 846 1865 decem
870 1798 973 1864 tribus
996 1810 1073 1864 tunc
1124 1801 1151 1864 si
1176 1809 1284 1881 patres
1313 1798 1390 1863 filiis
1414 1819 1546 1863 narrare
1576 1801 1721 1880 oportuit
1751 1821 1834 1881 quae
1857 1799 1907 1865 hic
1930 1800 2094 1879 dicuntur,

101 1885 203 1948 fnisse
225 1883 382 1949 alienatas
406 1905 424 1948 a
446 1904 582 1966 corpore
605 1886 739 1967 relique,
770 1885 984 1966 nequeenim
1007 1885 1073 1948 lru·
1125 1885 1235 1950 debuit
1258 1883 1462 1948 familiariter
1493 1893 1570 1948 nota
1598 1905 1668 1949 esse
1699 1885 1845 1949 doctrina
1877 1887 1934 1950 toti
1966 1887 2093 1969 populo,

100 1983 169 2036 stra
193 1990 330 2050 regnum
355 1970 522 2051 Ephraim,
546 1971 639 2053 quasi
661 1969 891 2044 adulterinum,
916 1969 1073 2035 dedecore
1125 1992 1161 2036 ac
1185 1970 1369 2034 rudissimis
1398 1968 1582 2053 quibusque
1611 1969 1731 2036 idiotis.
1776 1971 1841 2036 Ubi
1872 1972 1975 2054 igitur
2005 1973 2094 2036 aeni-

101 2066 243 2121 uotatur.
289 2055 465 2121 Caeterum
488 2055 636 2139 quisquis
658 2057 758 2121 fuerit
780 2066 902 2131 auctor,
933 2076 997 2118 non
1022 2057 1072 2119 in·
1124 2072 1234 2139 gmata
1264 2076 1402 2137 quorum
1435 2076 1538 2136 nuper
1568 2056 1738 2120 meminit?
1772 2056 1977 2141 Respondeo,
2000 2059 2095 2124 facile

101 2142 192 2207 duait
215 2140 399 2224 loquentem
427 2143 544 2224 Deum,
574 2153 611 2205 ut
633 2142 764 2224 quidam
793 2153 925 2224 putant,
958 2141 1072 2206 sedin
1124 2143 1204 2207 haee
1236 2141 1418 2207 conciliari:
1453 2143 1529 2223 quia
1562 2143 1693 2208 tametsi
1727 2143 1878 2208 Psalmus
1910 2165 1962 2209 res
1994 2144 2094 2226 vulgo

100 2228 242 2292 doctoris
273 2249 412 2309 *persona
444 2227 584 2293 Iudaeos
620 2228 804 2310 compellat.
862 2226 931 2292 Nee
965 2228 1072 2292 obstat
1109 2240 1217 2309 ¹notas
1245 2227 1425 2303 contineat,
1454 2227 1625 2308 splendido
1655 2237 1766 2292 tamen
1796 2241 1914 2292 ornatu
1943 2250 1997 2294 eas
2020 2229 2093 2294 illu-

101 2312 189 2396 quod
212 2335 308 2377 suum
332 2313 478 2378 nominat
501 2314 665 2395 populum,
688 2313 944 2396 sieutetlegem
964 2334 1071 2379 suam:
1123 2324 1220 2391 strat,
1255 2333 1318 2394 quo
1348 2313 1451 2395 magis
1480 2313 1601 2377 alliciat
1631 2313 1729 2378 corda
1754 2314 1933 2389 hominum,
1967 2316 2093 2398 sibique

100 2401 178 2482 quia
201 2420 323 2462 novrum
347 2411 485 2465 nonest
514 2400 693 2482 prophetis,
724 2419 843 2463 nomen
874 2399 945 2463 eius
968 2418 987 2460 a
1009 2421 1071 2480 quo
1124 2401 1196 2481 plus
1226 2398 1410 2462 autoritatis
1443 2399 1597 2480 acquirat.
1647 2398 1785 2463 Interim
1821 2400 2001 2465 notandum
2034 2415 2093 2478 εει,

100 2486 192 2550 missi
221 2493 308 2559 sunt,
340 2486 492 2561 mutuari,
525 2507 588 2568 quo
617 2486 720 2549 maior
750 2491 875 2550 constet
905 2484 1070 2549 doctrinae
1124 2486 1333 2568 quantumvis
1356 2483 1483 2549 excelsa
1504 2485 1548 2547 sit
1571 2484 1662 2548 verbi
1684 2483 1748 2548 Dei
1771 2487 1931 2564 maiestas,
1955 2507 2020 2550 uon
2045 2502 2092 2550 ta·

101 2571 267 2636 autoritas.
313 2570 505 2649 Quaerere
536 2569 623 2654 apud
653 2573 739 2652 ipsos
767 2568 914 2653 deposita
943 2583 993 2634 cst
1019 2593 1070 2635 ve·
1123 2592 1199 2635 mon
1221 2569 1350 2634 obstare
1379 2571 1458 2652 quin
1488 2571 1658 2652 perveniat
1682 2571 1754 2634 eius
1777 2571 1899 2635 utilitas
1923 2572 1962 2635 ad
1993 2572 2092 2636 rudes

100 2656 200 2732 ritas,
245 2657 322 2736 ipsis
362 2676 425 2719 non
468 2655 524 2720 abs
558 2679 592 2721 re
626 2657 790 2722 tribuitur.
840 2655 896 2722 Sic
936 2655 1068 2734 Paulus,
1122 2677 1250 2739 quoque
1273 2666 1306 2719 et
1329 2655 1499 2737 parvulos:
1529 2656 1626 2721 sicuti
1649 2677 1703 2719 eos
1726 2676 1790 2720 non
1814 2657 1934 2721 frustra
1957 2660 2092 2738 spiritus

100 2742 196 2806 Rom.
220 2742 249 2818 2,
273 2741 313 2805 16
343 2741 502 2823 gloriatur
531 2741 572 2807 de
595 2763 653 2807 suo
676 2742 858 2827 evangelio,
888 2763 953 2805 non
984 2742 1068 2823 quod
1123 2753 1256 2807 sanctus
1279 2740 1319 2805 ad
1343 2739 1531 2805 discendum
1553 2741 1680 2805 invitat.
1721 2739 1816 2820 Quod
1840 2742 2013 2824 diligenter
2035 2764 2092 2808 no·

99 2827 170 2909 ipse
199 2828 430 2905 fabricaverat,
464 2825 637 2892 sedonius
669 2848 785 2911 praeco
815 2836 885 2893 erat
906 2848 943 2892 ac
966 2829 1067 2893 testis.
1124 2829 1260 2892 tandum
1283 2836 1342 2891 est.
1378 2826 1464 2891 Nam
1482 2828 1510 2890 si
1530 2827 1629 2900 Deus,
1652 2825 1692 2890 ad
1711 2836 1842 2909 captum
1866 2828 2034 2892 hominum
2057 2850 2092 2894 se

100 2913 218 2978 Nescio
241 2922 350 2976 tamen
373 2932 416 2976 an
435 2935 554 2978 nomen
573 2926 672 2995 min
693 2927 767 2995 apte
785 2914 980 2996 interpretes
999 2934 1070 2978 ver·
1122 2912 1378 2991 accommodans,
1408 2912 1601 2976 submissius
1630 2912 1785 2994 loquitur,
1815 2915 2014 2996 contemptui
2043 2927 2093 2979 est

100 3001 202 3063 terint
223 3000 345 3080 legem:
368 3001 444 3079 quia
462 2999 593 3065 videtur
611 2999 796 3082 generalius
818 3019 897 3073 esse,
920 3000 1016 3063 sicuti
1034 3000 1068 3063 in
1122 2998 1254 3063 humilis
1285 2995 1419 3062 docendi
1450 2999 1541 3061 ratio.
1586 2995 1645 3061 Sin
1674 3018 1751 3061 vero
1779 2999 1878 3062 altius
1906 3020 2091 3081 assurgens,

100 3085 202 3148 altero
233 3085 378 3148 membro
401 3093 507 3167 patet,
542 3085 595 3149 ubi
628 3084 721 3149 uerba
741 3084 807 3148 aris
834 3083 947 3148 eodem
970 3105 1068 3149 seusu
1121 3084 1339 3149 reverentiam
1373 3082 1472 3146 verbo
1510 3104 1568 3147 suo
1601 3093 1788 3165 comparat,
1831 3083 2011 3148 obscuritas
2049 3085 2090 3149 ad

99 3170 199 3251 ponit.
244 3170 346 3233 Porro
377 3171 405 3234 si
435 3181 625 3251 reputamus
658 3188 755 3252 quam
786 3170 930 3251 seguiter
959 3168 1067 3233 Deum
1121 3171 1271 3251 ignaviae
1292 3169 1538 3232 excusationem
1562 3168 1758 3234 obtenditur.
1804 3167 1914 3248 Quum
1939 3169 1990 3233 his
2013 3169 2090 3234 duo·

99 3257 235 3319 audiant
258 3256 311 3337 qui
334 3256 432 3318 etiam
460 3257 602 3319 maxime
629 3254 826 3336 profitentur
848 3276 883 3319 se
905 3255 975 3318 eius
997 3276 1068 3320 esse
1123 3257 1183 3320 bus
1206 3255 1295 3319 vitiis
1317 3251 1460 3318 mundus
1482 3254 1615 3329 laboret,
1646 3254 1779 3335 spiritus
1808 3268 1940 3319 sanetus
1965 3254 2089 3339 stylum

99 3340 284 3423 discipules,
304 3341 476 3406 fatebimur
493 3363 557 3405 non
573 3342 695 3404 frustra
714 3340 775 3405 hae
794 3340 957 3422 prooemio
973 3361 1068 3404 usum
1120 3341 1168 3405 ita
1190 3350 1360 3423 temperat,
1383 3360 1426 3402 ne
1444 3338 1627 3405 sublImitas
1644 3339 1810 3404 doctrinae
1827 3343 1925 3404 etiam
1944 3341 2090 3407 minimis

99 3426 198 3491 luisse
221 3425 424 3508 prophetam.
458 3428 544 3492 Nam
563 3426 739 3508 alloquitur
759 3426 889 3508 quidem
912 3425 1068 3491 indociles
1120 3428 1163 3491 sit
1185 3426 1359 3499 recondita,
1390 3425 1535 3489 simodo
1564 3424 1723 3507 placidam
1754 3427 1954 3490 docilitatem
1984 3438 2015 3491 ct
2039 3447 2089 3491 se·

98 3533 135 3576 ae
159 3513 366 3593 praefractos,
388 3514 442 3595 qni
465 3511 530 3577 Dei
554 3513 652 3576 verbo
675 3533 710 3576 se
732 3512 892 3576 subiicere
915 3522 1067 3592 proterve
1120 3515 1205 3577 rium
1225 3510 1415 3594 proficiendi
1433 3510 1578 3577 studium
1596 3511 1745 3575 afferant.
1777 3511 1962 3594 Prophetae
1980 3521 2088 3578 autem

96 3607 263 3662 recusant:
301 3598 358 3663 sed
393 3600 469 3680 quia
502 3600 535 3662 in
571 3597 651 3681 ipsis
685 3617 814 3680 quoque
847 3595 996 3662 fidelibus
1029 3611 1067 3661 ut
1119 3597 1290 3664 eonsilium
1314 3609 1373 3678 est,
1404 3617 1534 3661 omnem
1557 3596 1652 3662 dietis
1675 3599 1742 3662 suis
1762 3598 1998 3662 dubitationem
2021 3598 2090 3662 exi·

96 3683 274 3765 plurimum
298 3683 400 3747 nimia
423 3693 473 3748 est
495 3682 642 3766 tarditas,
666 3682 732 3747 non
755 3703 956 3767 supervacua
980 3683 1065 3766 apud
1119 3704 1218 3761 mere,
1240 3684 1318 3765 quia
1340 3681 1423 3745 nihil
1447 3703 1566 3746 novum
1589 3682 1733 3764 prolerre
1755 3685 1922 3748 instituat:
1953 3684 2009 3749 sed
2037 3705 2089 3749 res

96 3769 205 3851 pigras
237 3770 300 3833 fuit
333 3768 413 3834 haec
446 3770 640 3835 exhortatio.
695 3769 767 3832 Iam
801 3789 864 3850 quo
897 3768 958 3832 eibi
992 3768 1066 3850 plus
1119 3769 1243 3852 pridem
1266 3769 1386 3851 optime
1411 3779 1609 3849 compertas,
1640 3779 1672 3832 et
1694 3770 1764 3833 sine
1786 3774 2010 3833 controversia
2039 3791 2089 3834 re·

95 3856 284 3919 attentionis
317 3854 482 3931 conciliet,
516 3858 633 3920 asserit
662 3853 792 3936 magnis
822 3864 856 3919 ct
885 3854 996 3919 arduis
1026 3853 1066 3920 de
1118 3867 1230 3938 ceptae
1247 3856 1282 3918 in
1301 3853 1445 3919 ecclesia.
1482 3853 1560 3918 Ideo
1583 3876 1649 3918 uon
1667 3854 1762 3918 modo
1781 3855 1908 3919 auditus
1930 3856 2086 3929 meminit,

95 3941 192 4004 rebus
215 3939 314 4003 verba
336 3962 371 4004 se
394 3941 563 4006 iacturum.
610 3941 738 4005 Nomen
761 3940 848 4003 enim
872 3916 962 4023 hgin
991 3962 1065 4023 gra·
1118 3941 1173 4006 sed
1197 3939 1346 4022 adiungit
1375 3960 1503 4022 quoque
1528 3939 1707 4004 scientiam:
1738 3941 1814 4023 quia
1836 3941 1941 4004 multa
1964 3948 2086 4006 temere

96 4047 152 4090 ves
170 4037 204 4090 et
221 4026 367 4109 insignes
386 4028 565 4091 sententias
585 4026 744 4091 Hebraeis
762 4025 934 4109 significat,
953 4027 1065 4106 quales
1117 4034 1317 4109 sparguntur
1346 4024 1463 4108 quibua
1492 4036 1601 4089 tamen
1631 4048 1697 4089 non
1721 4037 1847 4090 canstat
1870 4026 1973 4090 solida
1994 4027 2085 4107 fides,

95 4121 174 4176 sunt
204 4114 395 4192 paroemias,
427 4113 477 4176 vel
508 4113 688 4193 proverbia,
718 4125 751 4176 et
777 4110 1063 4193 apophthegmata.
1117 4114 1182 4176 imo
1213 4110 1295 4174 nihil
1328 4111 1433 4194 magis
1463 4131 1651 4188 commune,
1687 4133 1785 4194 quam
1815 4112 1932 4177 sabulis
1965 4112 2085 4195 repleri

96 4196 182 4276 Quia
204 4198 304 4280 igitur
324 4199 460 4261 materia
479 4198 556 4279 ipsa,
578 4197 606 4261 si
626 4198 736 4280 gravis
754 4207 787 4261 et
805 4195 985 4278 ponderosa
1007 4209 1063 4277 est,
1118 4197 1286 4262 hominum
1313 4216 1417 4260 aures.
1462 4195 1537 4259 Non
1560 4196 1616 4261 abs
1639 4218 1674 4261 re
1696 4199 1798 4281 igitur
1820 4198 1979 4281 propheta
2000 4219 2084 4280 quae

94 4283 315 4364 expergefacit
339 4283 507 4347 hominum
526 4303 652 4360 sensus,
676 4302 767 4347 mera
786 4280 1064 4365 apophthegmata
1116 4283 1227 4347 audita
1245 4303 1315 4346 esse
1334 4279 1470 4357 dixerat,
1493 4283 1589 4347 simul
1608 4283 1758 4366 obsignat
1780 4296 1867 4348 certo
1890 4285 2082 4349 testimonio.

96 4368 240 4450 preferre
269 4366 331 4433 sibi
356 4369 391 4431 in
414 4368 521 4431 anime
551 4390 621 4433 esse
643 4377 784 4433 testatur
813 4381 907 4432 autor
930 4367 1062 4432 Psalmi.
1115 4368 1233 4446 Addit,
1265 4367 1403 4432 Iudaeos
1435 4368 1481 4431 ita
1509 4367 1609 4432 luisse
1631 4389 1650 4430 a
1671 4369 1817 4451 patribus
1839 4368 1983 4434 edoctos:
2018 4391 2082 4435 nen

95 4467 209 4536 marn
227 4475 318 4536 quae,
339 4455 419 4519 alios
437 4454 574 4535 sequuti,
594 4454 792 4536 Aenigmata
810 4454 977 4528 vertimus,
997 4474 1062 4518 non
1115 4454 1201 4538 quod
1232 4475 1359 4535 semper
1381 4454 1470 4516 omni
1492 4454 1570 4517 vitio
1599 4468 1706 4518 careat
1735 4456 1819 4538 qnod
1850 4468 1900 4520 est
1928 4455 2081 4520 domesti-

95 4552 162 4603 tam
187 4560 245 4622 pro
268 4540 413 4605 obscuris
435 4541 615 4613 sententiis,
646 4559 744 4621 quam
774 4539 899 4621 argutis
920 4539 972 4602 vel
1004 4560 1061 4604 no·
1113 4561 1202 4615 cum,
1236 4538 1292 4604 sed
1321 4539 1396 4621 qnia
1418 4538 1521 4603 maior
1543 4550 1592 4603 est
1613 4541 1779 4624 figmentis
1812 4541 1919 4623 locus,
1953 4541 2080 4623 siquid

95 4637 166 4689 tatu
196 4625 305 4708 dignis
335 4626 476 4706 positum
502 4641 560 4690 est.
611 4625 726 4707 Neque
752 4625 840 4688 enim
870 4623 1062 4706 ambagibus
1113 4628 1248 4690 affertur
1281 4646 1323 4689 ex
1356 4626 1489 4708 regione
1522 4625 1705 4708 longinqua.
1761 4626 1937 4708 Praecipue
1971 4636 2079 4691 tamen

95 4710 241 4775 involvet
270 4733 366 4776 sunm
396 4713 559 4776 canticum
587 4712 756 4794 propheta,
785 4710 842 4775 sed
865 4709 1005 4773 dilucide
1030 4723 1063 4774 et
1085 4702 1089 4831 ⁴
1114 4711 1290 4776 notandum
1315 4722 1372 4790 est,
1396 4732 1460 4776 uon
1483 4710 1645 4792 quoslibet
1667 4713 1719 4776 hia
1742 4712 1849 4775 notari
1872 4721 1992 4792 patres,
2022 4711 2080 4777 scd

95 4796 256 4878 explicate
286 4797 422 4862 disseret
452 4808 517 4861 tam
542 4797 580 4862 de
604 4797 768 4862 beneficiis
792 4795 864 4869 Dei,
893 4815 990 4877 quam
1021 4795 1060 4860 de
1085 4836 1088 4869 r
1113 4798 1166 4880 qui
1185 4797 1279 4862 electi
1298 4806 1391 4860 erant
1408 4799 1442 4861 in
1462 4795 1657 4877 peculiarem
1675 4796 1738 4859 Dei
1758 4798 1921 4879 populum,
1941 4810 1973 4861 et
1991 4797 2079 4880 apud

95 4882 205 4965 populi
235 4882 478 4966 ingratitudine.
523 4884 680 4956 Tantum,
710 4891 748 4945 ut
776 4881 858 4959 dixi,
888 4880 1059 4945 eonsilium
1085 4880 1088 4985 l
1111 4905 1191 4966 quos
1214 4883 1358 4962 deposita
1379 4894 1450 4946 erat
1471 4883 1618 4947 coelestis
1641 4882 1797 4948 doctriua.

95 4969 164 5032 eius
198 4981 247 5032 est
279 4968 414 5033 lectores
446 4989 577 5041 acuere,
615 4978 651 5032 ut
684 4969 840 5031 attentius
872 4967 1087 5047 concionem:
1197 4969 1226 5031 4.
1249 4966 1336 5052 (Non
1363 4967 1604 5051 occultabimus.)
1649 4967 1788 5033 Verbum
1812 4980 1917 5050 7172}
1947 4969 2077 5051 quidam

95 5052 180 5117 hanc
212 5054 410 5136 expendant.
460 5054 590 5119 (litatur
624 5053 676 5117 hic
708 5053 796 5118 loeus
830 5074 849 5116 a
880 5052 1059 5136 Matthaeo,
1084 5050 1088 5080 ⁸
1111 5054 1277 5136 accipiunt
1305 5053 1337 5116 in
1367 5052 1495 5138 niphal,
1515 5074 1562 5129 ¹aa
1591 5062 1733 5129 vertunt,
1763 5075 1827 5119 non
1857 5076 1927 5119 essa
1958 5055 2076 5122 celata:

94 5158 164 5221 cap.
189 5139 238 5215 13,
269 5161 354 5204 vers.
377 5137 419 5202 33
451 5150 485 5202 et
510 5139 737 5205 accomodatur
764 5138 804 5203 ad
829 5137 953 5204 Christi
987 5160 1059 5220 per·
1110 5140 1166 5204 sed
1189 5140 1265 5222 quia
1288 5141 1369 5204 ratic
1390 5139 1621 5223 grammaticae
1643 5140 1785 5220 postulat
1808 5140 1902 5204 aliter
1924 5140 1999 5223 legi,
2030 5143 2077 5206 sic

94 5246 217 5302 sonam,
246 5224 299 5289 ubi
327 5224 471 5290 obscuris
494 5225 654 5309 parabolis
679 5236 805 5290 mentes
835 5224 947 5310 populi
971 5234 1060 5291 tenet
1111 5226 1250 5292 resolve:
1274 5225 1320 5290 Ut
1339 5247 1401 5291 non
1424 5225 1564 5291 celemus
1587 5239 1732 5307 posteros
1755 5236 1892 5301 nostras,
1915 5229 1972 5291 sod
1991 5228 2077 5311 quod

200 5326 309 5381 Caluini
321 5341 413 5395 opera.
437 5326 499 5383 Vol.
511 5326 628 5385 XXXI.
1837 5328 1872 5381 46
