4658 5856
158 317 223 383 643
995 311 1211 380 PSALllUS
1237 312 1366 379 LXIX.-
2094 310 2158 373 644

160 505 264 587 magis
282 525 378 587 quarn
398 502 548 568 homines
565 502 715 587 produnt,
734 523 792 566 nos
809 500 985 567 exanimet.
1013 498 1131 564 Danda
1182 497 1303 575 fidelos,
1334 498 1473 565 victores
1503 509 1611 565 tamen
1634 502 1777 578 stabunt,
1809 501 1836 564 si
1859 521 1894 565 se
1917 501 2006 583 ipsos
2028 508 2156 564 coutra-

159 590 290 654 interim
321 608 421 670 opera
446 599 497 653 est
519 611 561 653 ne
583 589 688 653 oleum
719 586 876 652 addamus
904 585 1042 665 camino,
1073 585 1129 650 sed
1183 586 1266 650 hant
1289 605 1325 649 ae
1347 585 1504 669 colligant
1526 586 1566 650 ad
1591 588 1698 651 Deum
1721 586 1892 652 orandum.
1934 585 2075 651 Summa
2097 596 2157 662 est,

159 677 324 740 imitemur
348 673 510 739 Davidem
535 683 568 739 et
590 673 663 750 Lot,
693 673 811 756 quibus
842 670 903 737 etsi
932 672 1051 755 impios
1079 691 1129 734 re·
1182 691 1282 753 quum
1304 670 1413 735 omnia
1436 683 1590 754 expertus
1609 672 1718 738 David
1747 672 1889 737 laborem
1908 692 2005 738 suum
2027 671 2154 735 irritum

158 760 363 844 prehendero
387 780 454 824 nou
477 758 604 839 licebat,
632 759 759 824 animos
785 768 894 823 tamen
917 778 992 822 suos
1015 777 1129 822 exeru·
1183 756 1324 838 videret,
1353 756 1477 822 relictis
1506 757 1702 841 hominibus,
1734 759 1841 842 egisse
1869 779 1945 824 cum
1976 756 2044 821 solo
2072 757 2154 821 Deo.

159 848 298 912 cierunt.
336 845 409 909 Imo
431 847 528 910 etiam
552 844 606 909 ubi
631 864 689 909 nos
712 844 825 908 audire
848 853 1006 927 cogentur
1027 841 1129 924 impii,
1183 841 1278 921 Quod
1310 843 1467 923 sequitur,
1497 848 1618 925 tempas
1645 842 1826 927 beneplaciti
1847 842 1946 924 Dens,
1974 863 2070 908 secus
2097 862 2153 907 ex·

159 933 319 1014 optimum
344 944 453 995 tamon
486 932 588 996 sancti
620 931 680 994 zeli
708 929 950 995 condimentum
975 928 1038 991 erit
1060 947 1129 990 mo·
1183 937 1307 1010 ponunt
1334 929 1427 992 multi
1459 929 1663 1011 interpretes,
1692 951 1759 995 uuo
1786 929 1910 995 scilicet
1932 937 2090 993 contextu
2112 926 2156 992 le·

161 1017 266 1082 destia
294 1030 328 1080 et
350 1016 528 1080 humilitas.
573 1015 639 1096 Qui
669 1015 832 1080 Davidem
855 1015 971 1079 volunt
1001 1022 1128 1077 reatum
1182 1026 1304 1097 gentes,
1331 1012 1403 1095 Epo
1425 1012 1529 1080 Deam
1550 1021 1699 1096 precatus
1719 1036 1789 1081 11111
1810 1020 1941 1097 tempore
1963 1013 2155 1095 beneplaciti,

161 1103 299 1168 subiisse
332 1123 390 1185 pro
420 1102 487 1167 suis
520 1102 684 1184 hostibus,
718 1101 779 1166 hoc
812 1102 1021 1178 confirmant,
1054 1100 1130 1180 quia
1181 1101 1274 1163 iuxta
1306 1099 1385 1164 illud
1420 1099 1545 1165 Iesaiae
1578 1101 1629 1176 ot,
1664 1101 1704 1165 6:
1747 1102 1902 1166 invocate
1935 1101 2042 1184 ipsum
2079 1100 2152 1163 dum

160 1209 289 1253 saecum
325 1187 477 1252 induerit.
533 1187 598 1252 Sed
632 1187 812 1270 simplicius
849 1185 988 1268 accipio,
1026 1205 1126 1266 quum
1181 1206 1281 1268 prope
1314 1195 1372 1249 est.
1424 1185 1491 1250 Alii
1525 1186 1571 1250 sio
1603 1186 1786 1252 resolvunt:
1820 1187 1978 1252 Precatus
2011 1206 2084 1251 sum
2119 1200 2153 1248 ut

162 1273 288 1338 videret
320 1295 372 1337 res
407 1273 487 1337 adeo
526 1273 693 1350 confusas,
736 1272 874 1337 subiisse
909 1271 1125 1335 voluntarium
1182 1273 1310 1335 veniret
1342 1280 1471 1353 tempus
1504 1271 1712 1354 beneplaciti,
1752 1285 1848 1355 atque
1879 1281 1916 1336 ut
1948 1273 2042 1337 Deus
2077 1270 2153 1334 milri

162 1378 357 1437 moerorem,
398 1379 459 1439 quo
492 1365 649 1424 testatum
688 1357 809 1423 faceret
845 1357 927 1420 nihil
961 1356 1023 1421 sibi
1057 1376 1128 1420 esse
1180 1357 1339 1438 propitius
1362 1377 1433 1421 esse
1454 1350 1622 1439 inciperet.
1656 1359 1727 1442 Ego
1749 1359 1983 1440 auternpotius
2002 1356 2153 1422 existimo

161 1444 321 1517 acerbius,
350 1464 446 1525 quam
472 1443 583 1509 videre
612 1464 741 1509 sacrum
772 1444 835 1506 Dei
865 1463 984 1507 nomen
1013 1451 1127 1505 contu·
1181 1441 1342 1505 Davidem
1372 1440 1492 1506 referre
1520 1445 1596 1526 quid
1626 1455 1704 1509 tune
1726 1444 1831 1508 solatii
1854 1446 2049 1526 conceperit,
2079 1443 2150 1524 quia

160 1528 266 1595 meliis
288 1529 481 1611 expositum.
1182 1529 1243 1593 hoc
1266 1549 1374 1591 seeum
1395 1528 1568 1593 meditatus
1591 1543 1648 1602 est,
1674 1529 1833 1610 Quamvis
1855 1551 1943 1594 nunc
1962 1540 2093 1611 tempus
2111 1528 2153 1592 sit

247 1614 593 1700 tetrartemoria
615 1635 662 1680 rnc
682 1615 820 1680 sedentes
841 1615 875 1677 in
892 1613 1012 1698 porto.)
1049 1611 1129 1678 Sia
1182 1614 1417 1693 turbulentum,
1436 1614 1489 1679 ubi
1511 1614 1595 1678 nibil
1615 1615 2037 1698 videororandoprofieere,
2058 1627 2152 1679 erunt

162 1699 350 1784 vulgaribus
380 1711 507 1765 tantum
538 1702 658 1766 scurris
688 1711 720 1764 et
744 1700 928 1783 quisquiliis
959 1698 1128 1763 hominum
1182 1709 1293 1762 tamen
1306 1699 1368 1763 Dei
1381 1699 1582 1782 beneplacito
1595 1723 1673 1766 suae
1686 1702 1781 1766 vices.
1807 1702 1863 1766 Sic
1876 1701 2079 1766 etHabacuc
2091 1699 2150 1779 2,1

160 1798 299 1851 vexatus
328 1786 459 1860 fuisset,
490 1787 550 1852 hoe
579 1788 684 1870 magis
714 1796 784 1850 erat
814 1784 980 1850 tolerabile
1010 1784 1128 1933 queque
1182 1792 1345 1871 staturum
1377 1806 1411 1848 se
1441 1784 1519 1850 dicit
1547 1807 1646 1870 super
1678 1787 1851 1869 speculam.
1899 1785 2026 1851 Eodem
2059 1784 2152 1849 modo

160 1873 247 1936 enim
267 1873 385 1935 mirum
405 1884 464 1952 est,
486 1871 632 1937 sordidos
654 1872 814 1949 homines,
835 1871 952 1954 quibus
972 1870 1129 1934 nulaest
1181 1870 1304 1934 Iesaias
1326 1870 1356 1948 8,
1387 1872 1425 1934 11
1449 1880 1482 1936 11
1504 1872 1660 1937 Ieremias
1684 1874 1734 1950 14,
1756 1874 1818 1937 22:
1853 1873 2062 1954 Exspectabo
2087 1870 2151 1935 Do-

158 1958 287 2024 honesti
312 1979 455 2035 corase
479 1959 599 2041 absque
622 1956 816 2024 verecundia
840 1954 1048 2040 prostituere)
1073 1953 1129 2019 sed
1182 1958 1318 2032 minum,
1344 1959 1399 2039 qui
1423 1956 1590 2022 abscondit
1613 1959 1729 2024 faciem
1751 1980 1841 2023 suam
1866 1979 1885 2022 a
1908 1957 2015 2023 laeob.
2063 1957 2152 2022 Haec

158 2064 258 2127 quum
291 2042 413 2108 iudices
435 2044 497 2125 ipsi
521 2048 553 2108 in
577 2043 713 2108 eandem
742 2063 777 2108 se
799 2043 1023 2125 petulantiam,
1054 2062 1128 2123 gra·
1181 2043 1266 2105 euim
1291 2042 1846 2123 111111111011111111111111111,
1870 2042 2152 2126 dumspesnobis

160 2130 271 2193 vit-atis
294 2128 395 2206 obliti,
425 2130 608 2211 proliciunt,
638 2130 775 2194 multum
800 2129 918 2193 erescit
939 2126 1128 2211 indignitas.
1180 2128 1212 2190 iu
1249 2128 1390 2192 tenebris
1424 2128 1545 2209 illucet,
1579 2151 1616 2194 ac
1643 2130 1833 2212 beneplaciti
1864 2131 2065 2211 exspectatio
2096 2149 2152 2193 nos

159 2213 237 2280 Ideo
261 2215 379 2279 diserte
402 2217 611 2297 conqueritur
633 2214 752 2293 David,
783 2235 817 2279 se
839 2216 919 2296 ipsis
942 2215 1129 2296 proceribus
1180 2213 1327 2278 sustinet.
1362 2215 1540 2296 Postquam
1564 2215 1608 2278 ita
1631 2237 1724 2281 suam
1744 2217 2022 2298 perseverantiam
2045 2213 2149 2280 David

159 2302 259 2364 tuisse
283 2302 314 2364 in
339 2299 557 2383 proverbium.
603 2301 687 2364 Nam
710 2299 793 2383 quod
816 2300 953 2365 sedentes
975 2299 1008 2363 in
1033 2304 1129 2381 porto
1180 2298 1317 2372 fulcivit,
1348 2300 1457 2363 statim
1482 2300 1640 2384 adiungit,
1671 2302 1833 2384 Responde
1854 2301 1933 2366 111111
1955 2302 1991 2366 in
2013 2301 2149 2366 multita-

160 2385 292 2468 quidam
316 2385 355 2450 de
378 2395 445 2451 toto
476 2387 594 2471 populo
618 2403 805 2469 exponunt,
840 2387 943 2468 primo
972 2385 1126 2468 trigidum
1180 2385 1251 2449 dine
1273 2384 1420 2450 bonitatis
1441 2391 1520 2462 tace,
1545 2386 1695 2451 fiduciam
1714 2388 1833 2452 iterum
1853 2387 2010 2471 colligens
2029 2407 2071 2451 ex
2091 2385 2149 2451 Dei

161 2481 224 2549 est,
255 2471 371 2536 deinde
400 2484 561 2537 remotum
594 2473 742 2537 averbis
765 2472 918 2555 Davidis,
948 2472 1009 2536 etsi
1040 2472 1124 2534 onim
1181 2479 1308 2535 natura.
1355 2471 1398 2533 111
1429 2470 1563 2535 bonitati
1595 2471 1745 2557 adiungit
1774 2473 1888 2538 salutis
1908 2473 2089 2537 veritatem:
2117 2492 2150 2536 ac

158 2557 302 2622 omnium
333 2557 483 2621 ordinum
508 2566 580 2622 erat
606 2566 785 2622 conventus
809 2559 843 2620 iu
866 2570 968 2638 porta,
999 2558 1058 2622 soli
1079 2567 1126 2618 ta·
1180 2555 1208 2619 si
1231 2556 1359 2639 diecret,
1383 2569 1469 2620 certo
1491 2558 1608 2622 effectu
1632 2560 1760 2640 probari
1783 2580 1913 2643 semper
1928 2557 1992 2621 Dei
2010 2557 2150 2623 elemen-

159 2663 232 2706 men
257 2642 378 2707 iudices
401 2643 565 2708 sedebant.
609 2645 717 2725 Atque
740 2643 770 2705 id
795 2644 965 2706 confirmat
987 2641 1127 2706 secunda
1180 2641 1275 2716 tiam,
1310 2640 1387 2705 dum
1421 2644 1489 2707 suis
1522 2644 1555 2706 in
1587 2644 1814 2727 desperatione
1842 2644 2012 2709 succurrit.
2066 2644 2150 2708 Hine

160 2738 252 2812 parto
276 2747 405 2792 versus:
429 2728 505 2809 quia
527 2728 738 2810 perhibentes
760 2728 899 2806 siceram,
923 2727 1009 2791 haud
1032 2727 1128 2790 dubie
1179 2737 1287 2790 autem
1321 2727 1416 2791 fluxit
1446 2730 1597 2810 precatio,
1629 2730 1713 2811 quod
1742 2752 1856 2795 sensus
1879 2749 1955 2794 suos
1978 2727 2020 2793 ad
2044 2729 2148 2794 Deum

160 2814 327 2896 primores,
348 2815 402 2895 qui
419 2812 534 2894 opibus
552 2824 585 2878 et
601 2814 758 2897 dignitate
777 2813 950 2895 pollebant,
969 2814 1126 2896 designat.
1180 2813 1361 2891 retrahens,
1393 2833 1435 2876 ne
1464 2813 1503 2877 ab
1532 2813 1639 2896 impiis
1668 2818 1807 2881 iactatus
1829 2824 2050 2893 evanesceret,
2079 2835 2149 2897 pcr-

159 2899 251 2962 Haec
276 2919 350 2962 vero
381 2920 508 2964 summa
542 2900 603 2964 luit
635 2900 801 2976 atrocitas,
837 2919 898 2964 non
931 2899 1026 2964 modo
1055 2920 1126 2982 gre·
1153 2930 1156 2985 1
1180 2918 1297 2962 suasus
1335 2899 1450 2976 luerit,
1490 2898 1645 2965 discussis
1678 2903 1835 2985 tenebris,
1875 2903 1944 2966 foro
1977 2899 2150 2984 aliquando

159 2985 268 3068 garios
285 2984 432 3050 homines
451 2988 635 3070 exagitasse
653 2995 802 3051 sanetum
822 2985 941 3061 virum,
965 2985 1021 3050 sed
1040 2986 1128 3067 ipsos
1180 3005 1331 3048 serenum
1355 2994 1484 3067 tempus
1507 2984 1708 3067 beneplaciti.

159 3070 304 3134 iustitiae
326 3070 489 3154 praesides
513 3083 544 3134 et
566 3072 720 3138 ecclesiae
750 3070 912 3135 antistites
934 3072 1007 3136 aliis
1029 3071 1128 3135 fuisse

159 3155 398 3239 antesignanos.
430 3157 591 3238 thuum
616 3158 701 3222 idem
723 3156 820 3220 hodio
843 3177 902 3221 1111
924 3159 1042 3236 veniat,
1062 3179 1126 3220 non
1267 3155 1316 3220 15.
1341 3155 1430 3220 Erue
1461 3176 1509 3219 me
1535 3157 1573 3221 de
1600 3158 1664 3224 tuto
1692 3165 1726 3224 nt
1746 3179 1808 3223 nort
1830 3159 2009 3242 immerpor,
2040 3157 2150 3223 liberer

158 3241 216 3306 abs
238 3261 274 3306 re
296 3240 357 3305 hoe
379 3243 547 3326 exemplar
576 3244 669 3308 nobis
693 3256 768 3307 ante
789 3241 901 3307 oeulos
923 3245 1040 3307 statuit
1062 3243 1127 3324 spi·
1180 3241 1219 3305 11
1240 3242 1434 3306 adversariis
1455 3242 1541 3325 meis,
1564 3248 1626 3308 etc
1637 3245 1812 3325 profundis
1830 3264 1996 3325 aquaram.
2030 3244 2082 3309 16.
2105 3243 2150 3308 Ne

159 3328 252 3392 ritus.
297 3326 336 3390 In
360 3339 481 3410 papatu
513 3341 549 3392 ut
577 3329 714 3411 quisque
743 3328 865 3392 honore
888 3329 1032 3404 excellit,
1063 3349 1127 3410 quo
1180 3327 1310 3392 irrnndet
1337 3348 1387 3393 me
1411 3329 1525 3406 flnctns
1545 3349 1710 3410 aquaram,
1739 3337 1823 3396 etne
1844 3329 1993 3412 deplntiot
2014 3349 2064 3394 me
2080 3348 2150 3412 pro·

160 3422 331 3477 strenuum
361 3434 396 3478 so
419 3412 534 3497 probet
564 3415 637 3479 fidei
668 3414 844 3480 catholicae
871 3424 1060 3496 patronum,
1091 3435 1128 3478 eo
1179 3413 1330 3494 fundam,
1359 3419 1386 3478 et
1418 3434 1456 3479 ne
1488 3415 1614 3480 claudet
1646 3436 1742 3498 snper
1774 3436 1823 3480 me
1842 3421 1958 3496 pateris
1986 3434 2020 3480 os
2049 3436 2148 3481 sutem.

159 3497 361 3581 petulantius
396 3499 571 3563 baechatur
604 3510 717 3564 eontra
749 3499 967 3582 evangelium.
994 3500 1129 3581 eiusque
1183 3498 1232 3563 11.
1256 3498 1419 3578 Responde
1447 3500 1526 3564 milii
1547 3500 1672 3582 111011,
1702 3502 1779 3585 qnia
1801 3501 2061 3567 honestamentis
2082 3506 2151 3566 tac:

160 3585 337 3648 ministros.
380 3582 452 3648 Irno
483 3585 535 3649 hio
560 3584 693 3650 morbus
723 3586 755 3649 in
786 3587 912 3649 cunctis
941 3584 1009 3649 fere
1040 3586 1128 3666 prin·
1182 3585 1216 3646 in
1244 3584 1443 3650 multitudine
1472 3586 1709 3653 piseationem
1736 3593 1865 3652 taonem
1893 3587 2012 3668 respice
2032 3587 2076 3652 od
2097 3607 2152 3652 sne.

159 3669 286 3751 cipibus
315 3680 498 3753 grassatur:
530 3672 605 3754 quia
632 3692 723 3735 suam
747 3671 980 3753 praestantiam
1006 3690 1071 3734 non
1093 3670 1127 3732 iu
1183 3670 1232 3735 18.
1257 3669 1301 3734 Et
1327 3689 1365 3734 ne
1392 3670 1562 3736 abscondas
1588 3672 1700 3752 faciem
1723 3678 1809 3737 tuom
1831 3695 1853 3735 o
1874 3691 1964 3738 servo
1986 3677 2047 3751 tno,
2079 3673 2153 3754 quio

159 3756 292 3830 virtute,
316 3755 371 3819 sed
391 3755 523 3820 effraeni
546 3757 678 3822 licentia
699 3756 911 3822 constituunt.
953 3755 1050 3820 Probi
1072 3777 1128 3818 au-
1182 3756 1852 3841 0111111111,[1111111111101111111111.
1898 3759 1948 3824 19.
1971 3756 2091 3824 Accede
2112 3757 2152 3823 od

162 3854 225 3905 tem
251 3840 373 3905 Christi
405 3843 490 3906 servi
513 3864 577 3925 quo
600 3857 679 3907 sunt
701 3843 785 3924 apud
816 3863 871 3907 eos
895 3842 985 3907 loeo?
1032 3840 1129 3905 (11111
1181 3842 1321 3905 eitimam
1342 3863 1451 3919 111111,
1474 3845 1591 3908 redime
1613 3865 1691 3928 earn,
1708 3850 1837 3928 propter
1855 3845 2057 3909 11111111νί01
2073 3862 2153 3908 ncces

162 3926 240 3990 haee
259 3947 322 3989 una
341 3936 391 3991 est
409 3948 514 4010 neque
535 3938 700 4011 postrema
717 3951 758 3992 ex
777 3948 888 3992 eorum
907 3929 1004 4007 euris,
1025 3927 1130 3991 iocose
1181 3926 1280 3991 libere
1302 3947 1357 3991 me.

162 4033 227 4075 uon
257 4011 350 4075 ruodo
380 4014 413 4076 in
444 4034 573 4090 mensa,
608 4014 664 4079 sed
693 4017 726 4078 in
757 4016 825 4078 suis
855 4013 945 4078 soliis
978 4034 1033 4077 eos
1063 4013 1130 4078 suis

163 4095 306 4162 dicteriis
324 4099 542 4179 proscindere,
561 4109 598 4164 ut
615 4101 711 4164 fidem
731 4102 898 4182 abrogent.
923 4098 1131 4164 Generaliter
1271 4098 1320 4162 15.
1342 4096 1443 4182 (Erae
1464 4118 1511 4161 rne
1531 4119 1569 4162 ec
1591 4100 1678 4186 into.)
1716 4101 1862 4166 Eandem
1887 4122 1952 4184 qua
1973 4111 2051 4164 auto
2075 4121 2152 4165 usus

163 4183 262 4247 etiam
293 4183 353 4263 piis
376 4185 528 4249 omnibus
550 4183 701 4262 illudunt,
732 4199 764 4249 et
786 4187 930 4250 suaviter
958 4184 1132 4250 cantillant
1183 4193 1246 4260 est,
1286 4183 1533 4248 similitudinem
1572 4192 1702 4269 repetit,
1741 4188 1871 4252 diverso
1905 4199 2014 4251 tamen
2047 4186 2152 4250 modo.

162 4268 203 4333 de
224 4286 336 4331 eorum
365 4268 582 4350 simplicitate,
612 4272 703 4353 quasi
731 4271 860 4353 pietatis
882 4291 979 4335 causa
1009 4280 1131 4335 temere
1185 4271 1282 4333 Prius
1304 4270 1433 4334 dixerat
1454 4290 1489 4334 se
1511 4269 1705 4349 demersum,
1734 4292 1820 4338 nune
1841 4286 1938 4356 rogat
1960 4294 2001 4335 ne
2024 4292 2151 4356 merga·

162 4373 197 4420 se
219 4352 361 4436 fatigent
383 4373 419 4416 ac
441 4367 615 4420 macerent.
1184 4368 1246 4419 tur.
1299 4354 1449 4437 Denique
1482 4375 1565 4438 quae
1596 4358 1657 4424 sibi
1688 4359 1842 4425 accidisse
1866 4374 2064 4441 conquestus
2094 4370 2153 4434 est,

253 4437 408 4524 1111190
437 4441 562 4526 111111.)
606 4442 714 4506 Barac
740 4443 801 4506 tuit
831 4442 972 4524 virtutis,
1006 4463 1046 4505 no
1075 4441 1131 4505 illa
1185 4460 1274 4504 nune
1303 4441 1494 4524 deprecatur
1522 4463 1564 4506 ne
1591 4442 1746 4510 accidant.
1798 4443 1864 4511 Sed
1894 4445 1975 4509 haec
2009 4445 2153 4508 varietas

165 4524 296 4608 quidem
334 4524 454 4589 11111111
487 4525 633 4607 percelli,
669 4538 707 4590 ut
740 4525 955 4610 desponderet
987 4528 1131 4590 animum
1184 4526 1277 4590 faede
1295 4525 1439 4604 diluitur,
1457 4528 1533 4608 quia
1550 4530 1645 4594 initio
1663 4550 1703 4594 ex
1723 4552 1782 4596 suo
1794 4551 1890 4595 sensu
1904 4542 1936 4594 et
1948 4530 2153 4611 experientia

165 4609 284 4675 David.
320 4609 548 4675 Docetautem
567 4611 744 4693 simulque
763 4612 905 4676 remedio
924 4633 959 4676 se
978 4613 1133 4676 munierit
1184 4610 1339 4693 loquutus
1372 4624 1439 4676 est:
1474 4633 1562 4677 nuno
1594 4628 1702 4681 autem
1736 4615 1777 4680 ad
1810 4617 1934 4681 exitum
1962 4615 2152 4698 respiciens,

165 4707 279 4761 contra
302 4717 403 4780 grave
425 4696 624 4763 scandalum.
669 4697 754 4762 Nam
778 4718 878 4780 quum
900 4719 977 4762 suas
999 4699 1132 4762 facetias
1184 4718 1241 4780 spe
1274 4697 1473 4763 liberationis
1501 4699 1534 4762 in
1567 4700 1671 4767 media
1699 4712 1804 4767 morte
1832 4701 1924 4768 vivit.
1976 4700 2087 4783 Atque
2119 4699 2153 4764 id

166 4782 256 4864 impii
286 4782 378 4862 quasi
408 4781 574 4848 machinas
605 4783 791 4867 ingererent
813 4783 851 4847 ad
876 4783 1131 4848 labefactandam
1184 4781 1305 4847 clarius
1327 4784 1482 4866 exprimit
1502 4784 1618 4851 ultima
1641 4787 1808 4870 particula,
1836 4808 1874 4852 ne
1895 4787 2154 4867 1111111111

166 4869 237 4932 1111
260 4866 367 4943 fidem,
393 4865 471 4934 dicit
491 4890 526 4935 10
550 4868 767 4951 precationem
791 4868 923 4951 fudisse,
945 4889 1009 4951 qua
1031 4870 1132 4934 insul·
1184 4890 1218 4934 os
1246 4889 1355 4934 1111111.Ι
1385 4870 1467 4950 quod
1492 4873 1681 4938 tantundem
1709 4873 1798 4938 valet
1819 4892 1857 4937 ao
1879 4876 1905 4936 si
1929 4873 2075 4950 dixisset,
2102 4871 2153 4936 Ne

166 4964 219 5017 tus
246 4973 360 5019 omnes
386 4953 572 5035 repelleret:
601 4975 665 5019 non
697 4955 830 5019 dubium
861 4963 911 5020 est
938 4955 1016 5037 quin
1047 4954 1132 5037 apud
1186 4975 1236 5018 mo
1269 4955 1383 5019 obruat
1417 4955 1628 5023 afflictionum
1662 4959 1773 5042 moles,
1806 4972 1904 5041 atque
1932 4957 2152 5023 absorbeara

166 5038 314 5103 homines
335 5040 558 5105 obmutescere
580 5051 709 5108 coactus
724 5041 830 5106 frierit.
854 5041 1017 5107 Exclusus
1033 5041 1134 5123 igitur
1185 5039 1304 5104 dolore.
1361 5040 1545 5107 Obtestatio
1582 5063 1658 5109 vero
1691 5064 1750 5127 per
1785 5045 1847 5109 Dei
1879 5044 2087 5109 clementiam
2119 5053 2154 5109 et

167 5145 187 5188 1
218 5123 351 5200 mundo,
385 5125 424 5189 ad
455 5126 562 5191 Deum
593 5149 628 5193 se
659 5127 831 5192 convertit.
881 5125 977 5192 Nunc
1009 5147 1134 5210 quoque
1186 5126 1410 5192 miserationes
1430 5128 1939 5216 demonstratquibusangustiis
1957 5132 2153 5196 constrictus

167 5208 279 5274 eodem
310 5209 413 5290 modo,
442 5213 590 5295 quamvis
612 5212 697 5295 apud
719 5214 836 5296 impios
857 5212 940 5276 nihil
965 5213 1134 5296 proficiant
1186 5211 1283 5277 111111
1310 5224 1442 5279 1111111
1470 5214 1644 5299 Propheta.
1688 5215 1802 5300 Neque
1830 5218 1916 5282 enim
1945 5214 2082 5282 dubium
2104 5224 2153 5280 est
