4658 5856
162 359 224 423 227
982 356 1200 426 Paruulus
1223 357 1341 426 XXII.
2094 352 2157 418 228

162 548 247 632 quod
269 548 390 630 passim
414 547 487 612 Deo
509 545 653 612 officium
677 545 792 610 tribuit
813 546 987 629 scriptura,
1012 554 1050 610 81
1071 545 1134 609 mi·
1186 555 1314 610 tantum
1346 567 1389 611 ne
1423 566 1559 611 excessu
1588 545 1656 609 sint
1685 543 1802 608 vitiosi.
1855 543 2017 610 Dolorum
2047 544 2158 626 itaque

162 635 244 699 seris
267 643 447 713 succurrat,
477 642 511 697 81
538 632 683 714 paratior
709 633 752 696 sit
775 630 815 695 ad
838 651 935 715 opem
958 631 1134 710 ferendam,
1186 632 1379 715 magnitudo
1408 632 1456 697 sie
1477 651 1555 696 sum
1577 629 1749 695 debilitare
1772 631 1887 712 potuit,
1920 639 1958 696 81
1979 630 2159 712 8818888118

162 741 225 802 888
253 741 306 784 188
335 728 467 784 8881188
497 719 602 802 magis
630 726 791 801 angustae
821 727 910 782 sunt.
951 717 1042 802 Ergo
1063 721 1135 802 ipsa
1186 727 1296 782 tamen
1323 720 1434 782 anime
1462 718 1550 781 18181
1580 716 1717 798 quaevis
1746 724 1908 780 tormenta
1929 737 1964 781 se
1985 715 2058 780 Deo
2080 715 2159 780 sub·

162 805 347 889 desperatio
369 805 474 869 instar
496 804 601 868 scalae
624 803 696 880 1811,
727 823 810 886 quae
833 804 903 869 eius
925 814 1071 868 mentem
1094 800 1135 867 ad
1186 804 1306 869 iiceret.
1351 802 1454 868 Nobis
1475 803 1538 868 etsi
1557 800 1644 866 idem
1666 821 1733 865 non
1757 799 1864 879 datur,
1889 802 1943 884 qui
1967 810 2001 864 et
2023 801 2159 867 affectus

162 890 320 975 precandi
357 890 511 956 affectum
550 889 724 956 attolleret.
783 889 837 953 lta
876 910 935 954 nos
975 888 1135 954 malorum
1186 889 1390 954 turbulentos
1412 889 1563 971 patimur,
1586 898 1620 952 81
1642 907 1699 951 888
1716 906 1887 968 88888818
1905 888 1953 952 118
1970 886 2159 952 cohibemus

162 997 279 1043 sensus
309 975 461 1058 colligere
490 974 586 1041 debet
608 975 670 1040 sub
692 975 760 1040 alas
783 973 858 1053 Dei,
888 984 924 1040 81
945 975 1061 1040 auxilii
1083 974 1135 1038 sui
1186 976 1263 1058 quin
1297 996 1358 1040 sua
1388 975 1580 1056 intemperie
1614 972 1677 1038 hue
1705 973 1760 1038 vel
1787 975 1865 1040 illue
1886 995 1947 1039 nos
1969 971 2158 1055 impellant:

163 1062 349 1146 praesentia
381 1060 557 1126 sollicitum
584 1081 620 1126 88
649 1059 689 1126 18
718 1061 824 1126 811818
854 1070 967 1125 888118
988 1080 1059 1126 esse
1081 1060 1136 1124 de·
1185 1061 1335 1144 exemplo
1373 1072 1483 1126 tamen
1511 1058 1652 1124 Doridis
1681 1059 1810 1126 animes
1839 1059 1991 1144 colligere
2021 1069 2160 1142 oportet,

163 1157 333 1213 monstret.
1186 1160 1220 1212 et
1247 1147 1440 1211 infirmitate
1468 1147 1536 1211 1818
1563 1145 1732 1210 exanimes
1755 1147 1796 1210 ad
1819 1146 1928 1211 Deum
1951 1163 2091 1229 gemere,
2121 1156 2160 1209 81

1186 1253 1246 1298 888
1267 1235 1439 1297 instauret.

250 1318 300 1383 13.
325 1316 602 1384 018881818881
618 1318 1007 1396 818188118811111,18881Ι
1021 1316 1136 1382 Β8888
1273 1318 1745 1403 16.(1188111888881818818,
1775 1315 1841 1402 818.)
1894 1316 2039 1400 17188888
2060 1316 2159 1383 intel-

162 1406 425 1472 8188188881818.
473 1405 523 1467 14.
552 1403 754 1483 1881888881
782 1424 876 1486 super
905 1423 1134 1486 1888888881,
1186 1404 1385 1487 1181188818
1415 1403 1508 1469 nobis
1538 1400 2050 1486 8888811181181188118181881.
2095 1405 2162 1469 llo-

162 1492 428 1571 811881881888
456 1491 650 1570 811881888.
697 1488 746 1554 15.
770 1489 858 1557 Sicut
888 1511 973 1572 8888
995 1489 1134 1572 diffluxi,
1186 1488 1261 1554 dem
1291 1490 1433 1573 pertinet
1466 1485 1729 1572 888181188811
1749 1488 1896 1572 linguam
1919 1490 2069 1556 18881188
2092 1491 2161 1555 affi-

161 1585 190 1643 81
217 1575 370 1643 desoluto
400 1580 473 1640 8881
501 1575 608 1639 omerio
635 1593 708 1639 8888
742 1596 828 1642 mea:
863 1578 927 1658 fuit
952 1596 1004 1641 881
1031 1593 1135 1639 meum
1187 1596 1262 1639 1881
1301 1596 1381 1654 esse,
1425 1576 1546 1642 seimus
1582 1573 1670 1639 enim
1706 1572 1879 1641 immodice
1912 1596 2060 1640 moerere
2093 1597 2161 1640 non

162 1665 266 1728 instar
286 1681 384 1743 ceree,
416 1661 615 1742 liquefactum
636 1660 737 1725 88118
759 1662 860 1728 medie
881 1664 1034 1729 1118881881
1054 1680 1136 1725 1888-
1187 1665 1283 1727 mede
1306 1661 1434 1727 absumi
1447 1660 1562 1724 vitales
1584 1659 1729 1741 spiritus,
1759 1660 1815 1724 sed
1840 1682 1971 1726 omnem
1994 1662 2064 1727 1818
2087 1683 2160 1727 sue·

162 1768 244 1813 rum.
287 1749 338 1812 16.
359 1747 629 1828 1181118888818
651 1749 728 1810 18818
749 1749 840 1832 81881
861 1767 960 1830 meus,
981 1746 1135 1830 81118888
1187 1746 1389 1813 881881811.
1434 1747 1553 1813 Postea
1575 1743 1655 1809 dicit
1675 1743 2160 1830 88811181881888818188888,

160 1855 230 1899 meo
259 1833 406 1915 faucibus
435 1833 514 1896 meis
542 1831 705 1896 adhaeret:
734 1839 762 1897 81
791 1835 826 1898 18
843 1835 1006 1917 88188188
1026 1834 1136 1896 8181118
1186 1833 1377 1915 significans
1408 1852 1537 1897 omnem
1571 1829 1633 1895 sibi
1667 1850 1759 1913 spem
1794 1833 1882 1896 11188
1910 1833 2062 1913 81181881,
2095 1853 2161 1914 888

155 1921 296 2003 posuisti
334 1938 390 1982 me.
446 1918 496 1983 17.
535 1917 618 1998 Quin
656 1918 922 1984 circumdedemul
952 1939 1001 1983 me
1034 1922 1135 1996 881188,
1186 1939 1285 1984 88888
1314 1920 1412 1983 811818
1440 1916 1518 1983 11811
1546 1915 1683 1996 Ρ88188,
1716 1918 1746 1982 2.
1776 1918 1886 1983 Corin.
1911 1920 1940 1996 1,
1969 1919 2047 1984 988
2070 1939 2161 1984 8888·

161 2011 260 2071 888188
270 2002 1135 2088 88118888118881188188188181881188118188881188888
1186 2005 1272 2086 pisse
1308 2005 1422 2070 mortis
1450 2002 1617 2068 iudicium.
1662 2001 1880 2085 Hyperbolioe
1914 2015 2025 2070 autem
2057 2004 2098 2069 de
2125 2025 2161 2070 se

160 2110 248 2157 meus
268 2090 408 2172 8188188
427 2109 518 2155 meaa.
1185 2089 1340 2173 loquutus
1362 2098 1414 2154 881
1436 2088 1555 2165 David,
1580 2099 1615 2152 ut
1637 2109 1698 2153 nes
1719 2089 1850 2172 longius
1869 2089 2060 2156 deduceret:
2084 2091 2162 2173 qnia

1187 2176 1343 2242 horribile
1365 2174 1489 2241 Christi
1511 2194 1588 2239 eum
1610 2182 1717 2239 morte
1738 2183 1915 2253 certamen,
1946 2197 2009 2259 quo
2033 2176 2162 2242 elicitus

250 2263 300 2327 13.
323 2260 615 2346 (Circumdederunt
636 2282 684 2325 me
706 2259 774 2346 818.)
817 2260 891 2326 1818
922 2262 962 2326 18
991 2259 1134 2325 18811818
1187 2264 1247 2327 1811
1276 2263 1413 2345 8888818
1442 2280 1500 2342 818
1521 2260 1648 2336 881818,
1673 2259 1848 2326 188888888
1871 2263 1911 2326 ad
1935 2262 2067 2343 inferos,
2096 2282 2162 2345 quo

162 2369 294 2414 suorum
324 2346 465 2412 saevitia
493 2356 527 2410 81
557 2347 744 2412 1188818818
774 2346 885 2413 181818
908 2347 1134 2429 conqueritur:
1187 2350 1269 2413 iram
1292 2347 1355 2412 Dei
1384 2346 1605 2431 peecatoribus
1628 2346 1772 2411 debitam
1795 2349 1954 2431 gustavit,
1977 2349 2163 2413 exinanitio

162 2456 200 2500 88
236 2435 342 2516 811818
382 2431 515 2514 8811818
544 2432 654 2512 188118,
696 2432 813 2498 181818
843 2433 1002 2511 18881188,
1036 2431 1135 2496 tertio
1187 2434 1329 2517 denique
1351 2435 1423 2515 ipsa
1444 2431 1545 2496 nullis
1563 2431 1755 2515 vulgaribus
1775 2431 1929 2516 loquendi
1947 2435 2063 2499 formis
2081 2435 2163 2500 satis

161 2520 296 2586 canibus
327 2538 382 2582 eos
415 2527 591 2601 comparat.
649 2517 788 2599 Scimus,
828 2518 882 2583 ubi
916 2537 1052 2583 aceensa
1084 2528 1135 2582 est
1187 2521 1327 2603 exprimi
1356 2518 1473 2600 potuit.
1518 2516 1590 2580 Iam
1613 2518 1653 2581 de
1675 2528 1781 2583 morte
1803 2519 1950 2602 loquitur
1973 2519 2094 2598 David,
2124 2530 2163 2584 ut

162 2620 329 2671 taurorum
359 2605 418 2678 ira,
447 2623 545 2685 quam
575 2605 716 2669 terribili
744 2606 869 2687 impetu
891 2606 1053 2669 ferantur:
1084 2603 1134 2667 loo
1187 2605 1294 2671 solent
1315 2603 1499 2687 perturbati
1519 2602 1676 2682 homines,
1699 2605 1754 2686 qui
1773 2625 1893 2687 pavore
1912 2607 2054 2686 attoniti,
2077 2605 2161 2670 nibil

161 2693 261 2757 etiam
292 2691 448 2755 infestum
481 2699 513 2752 ot
535 2688 681 2755 humano
703 2692 813 2772 generi
837 2687 1040 2756 formidabile
1062 2689 1133 2753 ani·
1187 2702 1316 2774 praeter
1345 2690 1515 2773 pulverem
1544 2701 1577 2752 81
1611 2689 1750 2753 81111818
1780 2691 1977 2774 8888181881.
2023 2691 2162 2773 Quoties

162 2778 246 2841 mal:
285 2776 350 2840 iam
385 2772 520 2837 canibus
553 2794 649 2855 quam
682 2777 766 2841 acris
799 2786 833 2839 et
865 2776 985 2840 infesta
1016 2776 1061 2841 sit
1092 2772 1133 2838 ad
1188 2787 1298 2842 autom
1320 2784 1512 2841 sanctorum
1534 2785 1663 2839 mentes
1685 2788 1823 2858 occupat
1845 2777 1925 2842 hacc
1947 2777 2064 2862 caligo,
2085 2798 2161 2860 per·

163 2859 346 2928 nocendum
368 2857 515 2938 audacia,
549 2858 603 2924 ubi
625 2861 659 2924 in
683 2860 851 2925 hominem
873 2862 949 2926 irati
972 2860 1135 2939 insiliunt,
1188 2862 1287 2926 mista
1315 2880 1446 2943 semper
1474 2869 1524 2925 est
1553 2859 1663 2942 aliqua
1690 2862 1867 2928 infidelitas
1897 2884 1979 2946 quae
2008 2884 2065 2929 eos
2093 2883 2161 2927 nen

163 2960 277 3011 notum
301 2955 359 3010 est.
404 2942 1135 3023 8881188881,188188118111188188181888
1188 2950 1298 3013 8181118
1320 2947 1360 3012 81
1385 2948 1489 3012 188881
1514 2966 1616 3010 novae
1639 2947 2074 3031 111888818188188811181.
2119 2948 2161 3012 In

163 3033 394 3118 sanguinarios
427 3042 460 3095 81
488 3031 644 3111 81818188,
684 3042 720 3097 81
752 3034 831 3098 18118
865 3032 983 3098 belluis
1014 3031 1135 3096 similes
1188 3033 1321 3099 (11111818
1350 3043 1462 3098 881881
1491 3031 1684 3096 mirabiliter
1713 3032 1777 3098 duo
1809 3034 1889 3100 haee
1919 3036 2054 3099 1881881
2081 3054 2161 3100 888-

163 3120 268 3203 1811818
289 3127 399 3182 essent
421 3137 518 3199 quam
540 3116 738 3186 hominibus.
782 3118 858 3183 Non
882 3130 991 3184 autem
1009 3117 1134 3202 simpli·
1187 3120 1308 3199 188818,
1337 3130 1445 3183 181181
1474 3139 1518 3182 ex
1538 3118 1602 3182 Dei
1625 3117 1852 3186 meledictione
1874 3141 1909 3185 se
1932 3121 2096 3204 ingerens,
2127 3131 2161 3183 et

162 3207 494 3280 8118118881188188,
513 3203 748 3272 88118188188.
794 3205 878 3269 Ν818
898 3203 1134 3287 quodquidam
1187 3206 1343 3288 patientia
1365 3226 1406 3269 ex
1427 3202 1492 3267 fide
1516 3203 1733 3285 tranquillans
1754 3226 1869 3271 omnes
1891 3218 2008 3284 motus,
2038 3220 2076 3270 81
2098 3206 2160 3270 881

161 3306 257 3378 0³27
281 3289 406 3354 Multos
429 3291 641 3370 transferunt,
663 3291 743 3355 mihi
766 3313 832 3357 non
853 3291 968 3372 placet.
1008 3291 1133 3355 Verum
1189 3293 1250 3357 Dei
1273 3293 1409 3375 imperio
1437 3289 1650 3371 quiescerent.
1695 3290 1764 3356 Nos
1786 3293 1841 3374 qui
1863 3294 1934 3374 pari
1957 3313 2023 3356 non
2046 3312 2161 3356 sumus

162 3378 294 3461 quidem
312 3386 370 3448 est,
390 3375 576 3457 ingentibus
593 3378 694 3457 copiis
712 3377 877 3442 Davidem
897 3378 1134 3460 fuisseoppug·
1186 3379 1311 3442 1111818
1333 3374 1484 3460 praediti,
1504 3375 1680 3458 siquando
1704 3377 1785 3440 nihil
1810 3378 1871 3441 nisi
1895 3379 2065 3441 interitum
2088 3397 2161 3440 eer-

162 3473 293 3528 natum:
313 3461 370 3526 sed
389 3480 430 3524 ex
448 3460 591 3526 seeundo
605 3461 861 3545 membrepatet,
880 3462 1135 3540 1818111181188,
1186 3477 1304 3529 nentes
1326 3462 1455 3528 attoniti
1479 3462 1838 3545 811818888188818118,
1869 3462 2029 3545 paulatim
2048 3472 2159 3526 tamen

162 3570 228 3614 non
251 3546 291 3612 de
313 3567 451 3611 numero
475 3546 528 3612 hic
550 3547 614 3631 agi.
640 3548 767 3613 Tauros
789 3549 877 3613 enim
901 3546 1018 3612 Basore
1039 3561 1135 3613 vocat
1186 3551 1267 3613 eniti
1288 3559 1418 3631 oportet
1440 3545 1480 3611 ad
1504 3567 1595 3628 spem
1618 3568 1701 3629 quae
1721 3564 1868 3613 mortuos
1891 3549 2045 3614 vivificat.

161 3634 254 3718 quasi
285 3634 368 3699 bene
395 3631 569 3716 saginatos,
604 3631 743 3717 ideoque
771 3652 924 3717 proceros
951 3643 986 3698 et
1017 3634 1134 3698 fortes:
1274 3636 1325 3700 17.
1347 3632 1522 3720 (Foderunt
1543 3653 1657 3697 818888
1678 3633 1788 3721 meas.)
1824 3635 1875 3698 Ad
1898 3634 2034 3699 verbum
2057 3633 2160 3698 habe-

162 3721 239 3804 quia
272 3727 416 3783 montem
449 3717 544 3782 illum
577 3718 698 3785 seimus
731 3719 848 3804 opimis
889 3731 924 3783 et
960 3718 1136 3803 pinguibus
1187 3731 1252 3799 tur,
1283 3723 1368 3786 sicut
1396 3720 1446 3783 leo
1475 3738 1592 3783 manus
1621 3739 1720 3785 meas.
1765 3721 1875 3800 Quum
1908 3742 1984 3784 vero
2015 3720 2051 3787 in
2073 3719 2161 3784 hane

162 3807 290 3890 pascuis
310 3806 412 3870 fnisse
434 3804 585 3869 nobilem.
1186 3806 1358 3872 lectionem
1390 3802 1485 3869 hodie
1515 3805 1715 3868 conveniant
1742 3825 1856 3871 omnes
1887 3806 1961 3871 libri
1996 3805 2159 3872 hebraici:

250 3890 300 3957 15.
323 3888 427 3976 (Siout
454 3911 539 3972 8888
560 3889 714 3977 diffluxi.)
757 3892 929 3959 Hactenus
952 3889 1037 3955 dixit
1058 3910 1136 3956 sea
1187 3914 1207 3956 a
1237 3901 1328 3957 tanto
1357 3910 1516 3957 consensu
1544 3888 1696 3954 recedere
1725 3891 1807 3955 mihi
1830 3891 1943 3972 religio
1966 3906 2063 3968 esset,
2096 3892 2160 3955 nisi

163 3980 239 4043 feris
261 3978 378 4041 belluis
399 3977 567 4041 obsessum
591 3998 655 4042 non
678 3979 790 4061 procul
811 3989 954 4043 amorts
984 3976 1134 4054 abfuisse,
1187 3981 1232 4042 ita
1265 3985 1396 4062 cogeret
1435 3976 1617 4041 sententiae
1651 3977 1746 4052 ratio,
1785 3986 1820 4041 et
1857 3976 2034 4060 probabilis
2071 3987 2160 4042 esset

163 4085 201 4131 ao
223 4065 250 4128 si
273 4061 412 4144 singulis
434 4064 607 4128 momentis
631 4063 795 4130 vorandus
817 4076 918 4129 esset:
941 4082 1029 4128 nune
1051 4063 1135 4127 inte·
1187 4065 1381 4140 coniectura,
1404 4063 1510 4127 locum
1534 4081 1554 4124 a
1576 4060 1706 4126 ludaeis
1728 4062 1843 4127 fraude
1865 4084 1935 4128 esse
1957 4075 2160 4145 corruptum.

162 4152 282 4215 riorem
314 4167 444 4231 quoque
472 4148 669 4213 moestitiam
700 4148 865 4233 deplorat:
895 4148 981 4214 unde
1009 4148 1135 4232 colligi·
1187 4149 1285 4216 Certe
1308 4169 1374 4213 nen
1397 4145 1532 4211 dubium
1562 4155 1613 4211 est
1641 4149 1720 4230 quin
1742 4168 1879 4231 graecus
1901 4151 2065 4230 interpres
2088 4149 2159 4214 lite·

163 4256 246 4310 mus,
285 4231 327 4296 ad
361 4233 506 4315 pericula
543 4234 678 4298 minime
711 4235 812 4300 fuisse
848 4235 1028 4318 stupidum,
1067 4255 1133 4298 non
1187 4258 1255 4301 1881
1279 4248 1292 4316 t
1315 4234 1431 4318 legerit
1453 4230 1508 4296 ubi
1530 4243 1542 4288 t
1565 4254 1653 4299 nunc
1676 4233 1824 4298 habetur.
1855 4233 1952 4315 Quod
1974 4235 2064 4297 enim
2088 4256 2161 4317 gar·

162 4321 251 4387 enim
281 4318 454 4403 vulgarem
486 4330 608 4384 metum
639 4319 741 4384 181888
764 4329 900 4403 8881181,
934 4341 997 4403 888
1019 4339 1134 4402 prope·
1186 4325 1280 4388 11181
1299 4320 1423 4396 181881,
1447 4318 1486 4383 18
1509 4316 1672 4383 industria
1689 4320 1858 4384 inversum
1879 4322 1978 4384 fuisse
1997 4319 2159 4384 literalem

165 4406 296 4472 modum
327 4403 471 4481 evanuit,
501 4425 565 4486 qno
595 4404 753 4470 dissoluta
782 4414 861 4471 sunt
891 4408 959 4470 eius
989 4426 1072 4486 ossa,
1103 4421 1135 4470 et
1186 4428 1327 4483 sensum,
1351 4405 1456 4471 colore
1478 4424 1613 4487 prorsus
1636 4416 1735 4469 caret.
1760 4405 1849 4487 Quid
1871 4407 1959 4470 enim
1983 4426 2065 4489 epus
2089 4416 2161 4471 erat

162 4514 219 4559 cer
258 4490 480 4574 liquefactum.
538 4489 698 4555 Videmus
738 4512 825 4576 ergo,
866 4491 1028 4556 Davidem
1069 4514 1134 4556 non
1186 4495 1219 4558 in
1242 4515 1277 4558 re
1300 4513 1365 4557 non
1390 4491 1573 4556 necessaria
1596 4505 1661 4554 tam
1684 4491 1839 4555 audacter
1861 4490 1997 4556 ludere?
2033 4491 2075 4555 In
2104 4512 2160 4556 ees

163 4582 269 4644 instar
297 4579 452 4640 immotae
483 4576 573 4657 rupis
600 4577 808 4642 verberatum
838 4578 940 4643 fuisse
969 4576 1133 4653 fluctibus,
1186 4600 1264 4644 vere
1287 4577 1375 4642 cadit
1398 4597 1462 4640 non
1485 4576 1567 4640 levis
1590 4576 1740 4641 falsitatis
1762 4578 1911 4661 suspicio,
1942 4580 2061 4660 quibus
2085 4581 2159 4643 uni·

162 4665 219 4730 sed
242 4665 333 4728 intus
355 4662 447 4727 duris
469 4661 704 4744 agitationibus
723 4663 823 4729 fuisse
842 4663 1042 4747 perculsum:
1065 4664 1134 4747 qui·
1185 4688 1258 4732 cum
1292 4661 1436 4728 studium
1470 4673 1520 4726 est
1550 4660 1660 4726 Iesum
1694 4665 1887 4728 crucifixum
1922 4666 2063 4746 spoliare
2091 4665 2160 4729 suis

163 4751 224 4815 bus
253 4748 454 4815 sustinendis
485 4767 543 4828 pro
572 4748 678 4813 carnis
711 4748 904 4814 infirmitate
926 4752 1030 4833 impar
1053 4761 1133 4832 8181,
1185 4747 1377 4834 insignibus,
1408 4769 1449 4811 ne
1471 4746 1623 4812 Christus
1647 4759 1679 4811 et
1701 4749 1887 4833 redemptor
1909 4761 2075 4830 appareat.
2121 4750 2159 4814 si

164 4837 227 4901 nisi
247 4837 382 4920 spiritus
414 4837 536 4899 virtute
557 4833 676 4897 fuisset
697 4833 836 4901 adiutus.
883 4835 1053 4915 Quomodo
1075 4857 1132 4900 au·
1186 4837 1360 4919 recipimus
1390 4834 1474 4916 quod
1504 4833 1630 4909 volunt,
1659 4835 1833 4917 perplexus
1862 4846 1895 4900 et
1924 4834 2019 4898 valde
2042 4836 2157 4900 obscu-

164 4934 231 4986 tem
254 4923 423 5004 passiones
445 4922 527 4986 istae
549 4922 583 4984 in
607 4918 777 4984 Christum
800 4932 998 5005 competant,
1029 4942 1134 5004 nuper
1184 4943 1241 4986 188
1274 4922 1336 4984 8111
1369 4941 1494 4984 888888.
1538 4919 1686 4984 Primum
1722 4921 1883 4986 defectiva
1915 4921 2157 5003 811118888118,

163 5006 325 5072 admonui.
370 5007 455 5073 Nam
478 5007 857 5086 81181888181118188,
887 5007 1133 5071 infirmitatibus
1184 5008 1224 5071 ad
1246 5026 1342 5088 quarn
1366 5004 1581 5089 supplendam
1600 5007 1810 5087 repetendum
1834 5027 1904 5071 esse
1927 5005 2041 5071 dieunt
2059 5005 2157 5072 Obsi·

163 5093 270 5157 carnis
292 5104 422 5157 nestrae
446 5113 521 5156 vere
540 5091 703 5156 obnoxius
721 5091 792 5170 fuit,
815 5094 897 5157 eitra
915 5093 1131 5177 corruptelam
1185 5091 1283 5155 dendi
1306 5092 1450 5155 verbum.
1485 5090 1551 5158 Sed
1575 5091 1651 5172 quid
1674 5092 1755 5155 illud
1779 5103 1839 5172 est,
1863 5113 1979 5156 manus
2003 5107 2036 5154 et
2058 5091 2156 5175 pedes

162 5175 335 5242 duntaxat.
379 5178 515 5263 integra
547 5179 635 5243 enim
664 5189 800 5242 naturae
830 5178 956 5260 puritas
985 5199 1069 5260 quae
1097 5179 1133 5241 in
1184 5176 1340 5261 cingere?
1384 5177 1467 5241 Nam
1498 5176 1538 5240 ad
1561 5175 1621 5240 has
1649 5187 1757 5258 partes
1780 5177 2010 5260 nihilomagis
2033 5190 2158 5259 spectat

162 5283 201 5327 eo
223 5261 295 5338 1811,
319 5262 479 5329 humanos
496 5265 632 5330 affectus
650 5284 715 5329 non
735 5261 850 5344 abolet,
871 5264 927 5331 sed
946 5264 1134 5329 moderatur
1186 5262 1321 5341 obsidio,
1360 5283 1458 5345 quam
1497 5261 1538 5326 ad
1573 5270 1674 5326 totum
1711 5263 1884 5329 hominem.
1936 5261 2157 5346 Deprehensi,
