4658 5856
239 339 302 404 cae
1048 308 1264 405 pascuus
1287 338 1416 403 cxix.
2161 340 2225 403 ete

239 536 368 591 nostros
389 545 460 590 esse
482 525 654 608 gratuitos,
677 536 711 590 et
733 546 796 608 quo
819 526 922 609 magis
945 525 1075 591 difficile
1097 537 1148 591 est
1164 525 1205 590 ad
1256 527 1327 590 fieri
1348 525 1468 608 poterit
1489 526 1569 606 quin
1592 525 1729 591 subinde
1752 525 1904 592 deficiant
1925 525 1979 609 qui
2003 526 2102 592 nimie
2121 525 2224 593 bonae

239 612 323 677 hanc
345 611 599 676 moderationem
623 631 817 686 assuescere,
841 633 878 676 eo
901 613 1006 695 magis
1028 612 1107 676 eniti
1131 631 1205 676 cen·
1256 612 1360 676 famae
1383 610 1502 675 addicti
1524 620 1629 676 erunt.
1674 612 1787 676 Parati
1808 611 1938 695 quidam
1961 632 2089 694 semper
2122 613 2224 678 simus

239 699 339 763 venit.
383 697 502 779 Inepta
523 707 632 761 autem
655 717 768 761 eorum
790 697 960 774 mollities,
982 696 1098 779 quibus
1120 697 1202 761 into·
1256 696 1298 760 ad
1320 697 1589 761 satisfactionem:
1612 697 1668 761 sad
1691 698 1721 763 si
1743 706 1880 781 negetur
1902 695 2077 776 audientia,
2098 718 2158 780 per
2175 699 2224 763 in·

240 781 371 848 lerabile
394 781 534 857 videtur,
556 782 665 863 inique
688 783 799 865 affligi,
822 783 902 847 scite
925 783 1084 848 refellitur
1107 781 1205 846 nobili
1256 782 1390 846 famiam
1413 802 1480 846 non
1503 803 1595 848 secus
1617 803 1655 847 ac
1677 783 1875 865 perbonam
1897 784 2017 847 famam
2039 803 2225 867 pergamus,

238 868 295 933 illo
318 867 463 935 Socratis
486 887 646 949 responso.
684 867 768 931 Nam
791 888 891 949 quum
915 889 999 933 uxor
1020 867 1054 932 in
1077 889 1206 934 carcere
1256 867 1350 932 sicuti
1373 866 1497 933 Paulus
1521 869 1549 932 1.
1573 867 1771 933 Corinthior.
1810 869 1916 951 capite
1937 867 1975 943 4,
2005 890 2105 933 versu
2134 869 2155 933 5
2184 870 2225 935 ad

238 953 491 1032 lamentaretur,
524 972 598 1017 eum
633 952 743 1034 inique
777 951 965 1017 damnatum
998 975 1083 1034 esse,
1118 953 1204 1034 Quid
1257 951 1319 1016 Dei
1332 950 1488 1019 iudicium
1500 951 1660 1036 intrepide
1671 968 1833 1036 provocat,
1856 956 1911 1037 qui
1923 953 2080 1019 revelabit
2090 955 2224 1021 abscon-

239 1061 335 1123 crgo,
358 1038 480 1121 inquit,
502 1059 544 1102 an
566 1049 737 1102 nocentem
759 1039 866 1120 perire
896 1038 1032 1104 malles?
1067 1039 1207 1104 subiicit
1257 1038 1325 1102 dita
1347 1039 1566 1105 tenebrarum.

240 1127 337 1190 etiam
361 1123 481 1201 David,
503 1145 537 1188 se
558 1145 621 1186 non
644 1123 740 1188 modo
762 1125 891 1188 iniuriis
915 1124 1015 1190 fuisse
1039 1126 1207 1203 afflictum,

240 1212 296 1276 sed
320 1211 439 1293 probra
467 1209 566 1273 etiam
595 1222 627 1272 et
654 1210 866 1273 contumelias
895 1210 1086 1293 pertulisse,
1120 1211 1206 1275 acsi
1343 1210 1373 1274 i.
1398 1209 1447 1274 Ne
1463 1210 1641 1276 esocem
1659 1212 1694 1276 io
1710 1230 1758 1276 me
1775 1211 1831 1292 qui
1848 1215 1875 1276 te
1892 1215 2066 1290 aspecturi
2080 1209 2225 1286 Domine,

241 1297 419 1361 multorum
442 1294 603 1360 scelerum
638 1296 805 1360 convictus
834 1296 931 1376 foret,
964 1295 1048 1378 quod
1083 1294 1206 1360 homini
1258 1295 1374 1361 Iehooo
1394 1296 1600 1361 eaecitatem:
1632 1317 1671 1362 ce
1688 1296 1850 1376 pudefiant
1871 1296 1907 1360 io
1927 1315 1975 1360 me
1996 1297 2051 1378 qui
2072 1304 2228 1377 meunt

240 1384 382 1465 ingenuo
404 1379 553 1445 acerbius
576 1389 640 1456 est,
671 1401 770 1462 quam
792 1392 922 1446 centum
945 1382 1054 1446 subire
1074 1390 1206 1445 mortes.
1258 1385 1294 1455 te,
1318 1381 1407 1446 Deus
1429 1380 1550 1446 Israel:
1592 1382 1622 1448 8.
1649 1382 1731 1462 Qoio
1755 1387 1883 1464 propter
1903 1386 1932 1446 te
1952 1383 2091 1446 sustinui
2114 1402 2226 1464 oppro-

241 1467 339 1532 Multi
362 1468 449 1531 euim
472 1466 512 1529 ad
536 1481 674 1530 mertem
696 1467 803 1548 parati
831 1467 1053 1548 reperientur,
1082 1467 1139 1548 qui
1166 1465 1207 1530 ad
1259 1465 1377 1542 briem
1405 1469 1529 1546 operuit
1557 1468 1731 1549 ipnominio
1762 1468 1876 1547 sociem
1903 1486 2012 1532 mecm.
2056 1467 2088 1533 9.
2110 1468 2227 1532 Extra·

240 1552 408 1617 ferendam
430 1551 597 1615 infamiam
621 1571 714 1632 pares
737 1572 803 1615 non
827 1561 933 1616 erunt.
977 1552 1067 1616 Dicit
1097 1562 1207 1616 autem
1259 1572 1337 1616 oeus
1357 1553 1408 1632 fui
1427 1552 1583 1633 fratribus
1603 1553 1700 1630 meis,
1730 1557 1759 1617 et
1779 1552 1902 1618 olicias
1928 1554 2030 1633 foetus
2052 1572 2123 1617 aum
2151 1554 2228 1633 filiis

239 1637 347 1702 David
371 1657 435 1702 non
458 1633 553 1701 modo
576 1657 652 1701 suas
670 1637 817 1701 fortunas
837 1639 935 1702 fuisse
953 1660 972 1702 a
990 1636 1209 1721 praedonibus
1259 1638 1374 1702 metris
1402 1658 1495 1703 meae.
1550 1638 1599 1702 102
1634 1638 1716 1720 Quia
1744 1638 1829 1702 eelua
1856 1638 1967 1703 dorotea
2002 1643 2073 1704 tuae
2100 1640 2228 1704 eomedit

240 1732 366 1806 raptas,
397 1720 455 1788 sed
483 1743 518 1786 se
547 1723 652 1786 instar
680 1722 762 1788 furis
789 1732 821 1787 et
850 1723 990 1805 raptoris
1021 1723 1208 1788 mutilatum
1260 1743 1328 1787 me:
1376 1728 1406 1787 et
1445 1723 1610 1805 opprobrio
1659 1724 1915 1804 exprobrantium
1958 1722 2015 1788 tibi
2059 1725 2228 1790 ceciderunt

240 1830 320 1874 esse.
367 1809 412 1872 Et
433 1816 522 1873 certe
544 1828 644 1890 quum
666 1806 774 1890 ipsum
796 1809 975 1890 spoliarent
998 1809 1127 1886 hostes,
1156 1809 1209 1872 iu·
1260 1829 1355 1889 super
1375 1828 1432 1874 me.

240 1895 327 1960 dices
349 1915 385 1958 ee
408 1892 551 1958 hominis
572 1894 721 1958 scelerati
743 1915 814 1958 esse
835 1894 1016 1959 iactabant:
1040 1902 1072 1958 et
1090 1894 1210 1959 ecimus

240 1980 417 2045 honorifice
440 2000 497 2061 pro
520 1977 679 2044 iudicibus
702 1979 801 2044 fnisse
824 1979 962 2044 habitos.
1006 1978 1117 2059 Quare
1149 1979 1211 2043 dis·
1347 1979 1377 2044 7.
1399 1977 1465 2062 (Ne
1491 1979 1668 2045 malescunt
1696 1981 1732 2043 ia
1757 1998 1805 2043 me
1832 1980 1887 2059 oui
1913 1984 1940 2044 te
1969 1985 2146 2061 exspectent
2166 1979 2229 2046 Dc-

240 2086 351 2131 camue
373 2065 434 2131 hoe
456 2063 615 2147 exemplo,
638 2085 703 2128 non
726 2064 821 2129 modo
844 2064 884 2129 ad
906 2064 1117 2143 incommoda,
1140 2085 1209 2128 mo·
1261 2063 1368 2149 mine.)
1412 2065 1654 2130 Commemorat
1675 2063 1783 2128 David
1806 2085 1840 2128 sc
1871 2066 2073 2147 propositum
2103 2085 2175 2131 esse
2196 2067 2228 2129 in

240 2151 361 2227 festiae,
385 2161 523 2215 mortem
542 2149 1000 2233 deniqueplaeideferendam
1013 2171 1211 2234 uesperam,
1262 2150 1439 2233 exemplar,
1463 2149 1550 2214 unde
1572 2151 1641 2234 spei
1662 2149 1716 2214 vel
1739 2149 1971 2232 desperationis
1993 2151 2166 2215 materiam
2188 2152 2228 2234 pii

135 2256 140 2265 ·
242 2237 298 2302 sed
320 2238 419 2301 etiam
442 2235 482 2299 ad
505 2235 701 2318 ignominiae
723 2238 900 2318 etprobra,
923 2236 1099 2318 siquando
1120 2235 1212 2301 falsis
1263 2256 1375 2300 omnes
1397 2237 1590 2320 concipiant.
1635 2235 1795 2315 Quamvis
1817 2237 1904 2300 enim
1927 2236 2126 2301 detestabilis
2149 2254 2228 2302 esset

243 2323 417 2388 calumniis
448 2321 582 2404 gravari
615 2341 674 2386 nos
707 2323 886 2405 contingat.
930 2321 1003 2387 Ime
1035 2342 1136 2404 quum
1171 2341 1212 2386 ne
1263 2323 1321 2385 teti
1345 2321 1479 2404 populo,
1509 2322 1638 2405 pauculi
1662 2331 1772 2386 tamen
1794 2323 1962 2387 restabant
1984 2322 2076 2405 aequi
2099 2332 2133 2385 et
2154 2343 2227 2388 can·

243 2409 394 2474 Christus
416 2407 485 2488 ipse
508 2406 656 2489 quidem,
685 2406 759 2471 fons
782 2409 887 2472 omnis
915 2408 1060 2473 institiae
1082 2414 1115 2472 et
1137 2428 1213 2472 san·
1264 2405 1332 2471 didi
1345 2416 1444 2472 testes
1456 2408 1661 2472 innocentiae
1679 2408 1764 2471 eius:
1783 2427 1881 2488 quum
1903 2408 2024 2473 scirent
2041 2407 2091 2471 illi
2110 2407 2227 2472 iniuste

242 2494 380 2571 etitatis,
403 2514 422 2557 a
444 2492 533 2556 falsis
555 2492 727 2557 calumniis
749 2493 905 2557 immunis
928 2493 1043 2572 fuerit,
1072 2513 1130 2557 cur
1152 2514 1211 2557 uos
1264 2514 1337 2557 eum
1360 2494 1501 2575 gravari,
1524 2504 1557 2557 et
1579 2513 1707 2574 semper
1724 2491 1821 2557 inniti
1839 2493 1902 2557 Dei
1920 2494 2052 2577 gratiae,
2076 2514 2136 2558 nee
2154 2493 2228 2557 ullis

242 2580 447 2644 exanimaret
468 2576 584 2642 similis
606 2577 757 2657 conditio,
779 2577 908 2660 qnando
926 2577 987 2642 hoc
1007 2598 1119 2642 verum
1138 2599 1211 2660 pro·
1264 2579 1371 2661 frangi
1401 2579 1634 2642 tentationibus
1667 2579 1747 2659 quin
1777 2579 1892 2642 firmus
1920 2580 1954 2642 in
1982 2580 2110 2660 pietatis
2142 2578 2227 2643 cultu

242 2664 352 2729 bitatis
375 2673 424 2729 est
446 2683 601 2741 examen,
634 2671 822 2727 constanter
844 2684 975 2727 manere
1004 2663 1039 2727 in
1068 2663 1212 2728 iustitiae
1264 2675 1374 2742 staret,
1398 2684 1439 2727 ex
1462 2663 1549 2728 tristi
1572 2671 1605 2727 et
1626 2662 1769 2728 infausto
1790 2673 1912 2728 eventu
1930 2664 2013 2729 nihil
2032 2663 2121 2729 aliud
2140 2665 2227 2730 colli·

243 2749 395 2814 colendae
418 2746 547 2812 studio?
583 2748 733 2830 quamvis
756 2757 822 2812 tam
853 2749 1000 2830 iniquum
1031 2750 1211 2831 praemium
1264 2769 1341 2831 gere
1363 2760 1524 2830 poterant,
1546 2768 1644 2829 quam
1667 2770 1798 2830 operam
1821 2749 1950 2828 lusisse,
1972 2751 2024 2831 pie
2047 2751 2157 2815 Deum
2179 2771 2227 2816 co·

244 2833 411 2899 amando
433 2842 643 2914 reportemus.
1265 2834 1368 2898 leudo.
1414 2832 1520 2898 Sicuti
1544 2834 1649 2916 enim,
1679 2836 1802 2916 quoties
1825 2835 2001 2900 auxiliatur
2028 2837 2133 2900 servis
2161 2836 2227 2901 suis

329 2921 359 2984 6.
383 2917 487 3005 (Deua
509 2922 543 2982 to
564 2919 644 2984 trosti
666 2919 884 2998 insipientiam
904 2918 1028 3004 meam)
1073 2919 1212 2984 Frustra
1265 2917 1372 2995 Deus,
1402 2918 1535 2983 totidem
1559 2919 1676 3002 sigillis
1697 2939 1790 2984 suam
1814 2941 1892 3003 erga
1913 2941 1971 2985 nos
1993 2923 2131 3005 gratiam
2153 2942 2227 2986 con-

243 3006 369 3072 laboret
390 3005 596 3087 Augustinus
619 3003 778 3087 quomodo
796 3005 831 3068 in
854 3005 1023 3070 Christum
1046 3005 1107 3069 hcc
1125 3025 1211 3071 com·
1265 3006 1391 3070 firmat:
1426 3005 1472 3069 ita
1494 3005 1566 3070 fieri
1588 3005 1684 3069 aliter
1706 3026 1771 3069 non
1796 3006 1903 3087 potuit
1925 3006 2001 3087 quin
2024 3003 2228 3072 conciderent

243 3103 356 3176 petere
389 3091 546 3173 potuerit:
584 3099 617 3154 et
649 3091 781 3154 tandem
812 3090 846 3154 in
878 3089 1024 3155 membra
1057 3090 1212 3156 transfert
1266 3091 1383 3156 animis
1405 3088 1526 3169 fideles,
1547 3092 1574 3156 si
1597 3089 1707 3156 David
1730 3091 1845 3156 fuisset
1866 3092 1901 3155 in
1923 3103 2072 3156 extrema
2090 3094 2226 3158 necessi·

243 3178 329 3261 quod
353 3174 521 3259 decapite
542 3196 608 3241 non
630 3174 745 3241 fuisset
763 3176 891 3258 proprie
914 3174 1048 3242 dictum.
1084 3177 1213 3241 Ironica
1265 3187 1333 3240 tate
1367 3176 1523 3241 desertus.
1567 3177 1641 3241 Hoc
1672 3176 1853 3258 periculum
1888 3198 1974 3241 nunc
2006 3177 2078 3242 Deo
2110 3177 2226 3251 obiicit,

243 3266 331 3329 euim
361 3261 508 3343 loquutic
538 3269 605 3339 est,
643 3283 707 3343 qua
734 3259 862 3339 David,
891 3262 1013 3344 iniquis
1043 3262 1212 3327 hominum
1266 3284 1332 3326 nen
1354 3262 1440 3344 quod
1459 3262 1525 3327 ulla
1546 3261 1768 3327 admonitione
1789 3262 1941 3345 indigeat,
1964 3263 2020 3328 sed
2043 3263 2120 3345 quia
2139 3264 2229 3328 fami·

243 3349 553 3429 iudiciisopressus,
576 3367 610 3411 se
633 3346 673 3411 ad
697 3348 804 3410 Deum
826 3349 968 3423 confert,
992 3369 1131 3429 eumque
1152 3349 1213 3411 im·
1265 3348 1389 3412 liariter
1420 3368 1530 3413 secum
1558 3367 1654 3431 agere
1681 3349 1773 3414 nobis
1807 3348 1976 3430 permittit.
2020 3348 2229 3429 Ecspmcndi

245 3435 352 3518 plorat
374 3431 545 3497 vindicem.
590 3432 662 3497 Hoc
684 3453 762 3496 vero
786 3433 889 3514 magis
912 3434 1131 3515 emphaticam
1155 3446 1213 3511 est,
1266 3433 1403 3498 verbum
1434 3433 1566 3516 proprie
1599 3433 1638 3497 ad
1673 3453 1763 3516 spem
1804 3434 1958 3513 refertur,
1998 3435 2092 3499 sicuti
2126 3433 2230 3499 Deum

246 3539 344 3602 quam
366 3517 394 3582 si
416 3517 524 3599 palam
547 3527 579 3580 et
601 3518 670 3581 sine
694 3519 800 3600 figura
822 3518 975 3599 dixisset,
1009 3530 1120 3582 notam
1143 3538 1213 3584 esse
1264 3540 1412 3600 emerere
1450 3517 1490 3581 ad
1523 3539 1644 3602 preces.
1707 3522 1816 3601 Atque
1848 3517 1928 3585 haec
1960 3518 2075 3601 copula
2107 3519 2229 3585 utiliter

245 3625 337 3671 suam
360 3603 582 3685 integritatem
606 3601 691 3667 Deo:
711 3604 788 3684 quia
811 3602 872 3668 hoc
895 3603 991 3667 modo
1009 3603 1119 3669 hostes
1137 3625 1213 3668 suos
1265 3604 1359 3669 docet
1379 3604 1478 3669 fidem
1501 3625 1565 3668 non
1590 3624 1660 3668 esse
1682 3604 1853 3688 ignavem,
1882 3604 1959 3686 quia
1988 3626 2047 3670 nos
2070 3604 2111 3669 ad
2133 3627 2228 3688 quae·

245 3689 440 3755 mordaciter
472 3687 681 3772 perstringit,
715 3698 747 3751 et
779 3689 870 3770 quasi
905 3710 945 3752 ex
978 3688 1045 3752 alte
1078 3687 1213 3771 despicit
1266 3688 1405 3754 rendum
1428 3688 1537 3752 Deum
1560 3689 1721 3754 sollicitat.

245 3796 359 3842 eorum
382 3772 865 3856 maledicta:·quemadmodum
888 3786 921 3839 et
938 3774 1094 3839 Ieremias
1113 3774 1214 3857 loqui·
1351 3775 1381 3840 8.
1406 3775 1504 3857 (Quia
1521 3779 1649 3856 propter
1677 3780 1705 3838 te
1725 3776 1864 3840 sustinui
1890 3774 2115 3859 opprobrium.)
2159 3775 2228 3841 Iam

246 3877 309 3939 tur,
333 3881 401 3942 cap.
425 3860 477 3936 20,
501 3860 535 3924 l:
572 3858 736 3942 Decepiati
757 3881 809 3924 me
831 3861 982 3937 Domine,
1005 3871 1037 3925 et
1059 3859 1213 3943 deceptus
1264 3861 1384 3927 clarius
1403 3860 1559 3941 exprimit
1587 3859 1673 3940 quod
1703 3861 1825 3925 ironice
1855 3860 1996 3938 dixerat,
2026 3862 2146 3926 delicta
2174 3883 2231 3928 sua

246 3968 330 4012 sum.
375 3945 440 4026 Qui
462 3945 560 4010 etiam
590 3944 679 4011 locus
709 3945 868 4009 violenter
895 3966 914 4009 a
942 3945 1132 4027 quibusdam
1162 3948 1213 4011 in·
1266 3967 1331 4011 non
1354 3967 1424 4010 esse
1446 3946 1517 4008 Deo
1538 3944 1736 4010 abscondita.
1770 3946 1841 4011 Imo
1864 3946 1992 4029 longius
2014 3946 2230 4030 progreditur,

247 4032 352 4097 doctis
367 4031 552 4113 exponitur,
570 4030 664 4112 quasi
681 4052 715 4095 se
733 4030 903 4113 deceptum
919 4029 1021 4097 fuisse
1038 4042 1213 4096 assereret:
1265 4052 1330 4097 noo
1353 4029 1448 4095 mode
1470 4038 1600 4112 praeter
1622 4031 1673 4095 ius
1691 4041 1725 4095 et
1745 4032 1795 4096 fae
1817 4052 1851 4096 se
1872 4033 2037 4110 afflictari,
2064 4031 2123 4097 sed
2146 4054 2230 4098 cem·

247 4138 348 4200 quum
382 4117 486 4196 potius
519 4115 626 4181 odiose
659 4137 735 4180 suos
767 4115 1018 4183 calumniatores
1052 4119 1213 4200 exagitet:
1266 4137 1398 4182 munem
1420 4116 1481 4181 sibi
1503 4135 1572 4179 esse
1594 4136 1667 4181 cum
1690 4117 1762 4180 Deo
1783 4119 1854 4199 ipso
1874 4137 2021 4195 causam,
2049 4119 2125 4200 quia
2152 4118 2231 4183 nihil

246 4202 322 4285 quia
352 4199 429 4263 dum
458 4201 565 4281 ipsum
596 4200 797 4284 improbant,
827 4202 1050 4267 contumeliosi
1081 4203 1148 4266 sint
1177 4224 1215 4269 ac
1265 4205 1328 4268 nisi
1361 4223 1402 4266 ex
1435 4202 1505 4266 eius
1541 4200 1696 4266 mandato
1729 4223 1905 4286 aggressus
1937 4205 1988 4269 sit.
2038 4203 2110 4268 Etsi
2144 4205 2231 4269 enim

247 4285 427 4368 blasphemi
460 4287 494 4349 in
528 4287 635 4350 Deum
668 4288 784 4368 ipsum.
830 4285 887 4351 Sic
920 4287 1018 4351 etiam
1051 4286 1113 4354 hoe
1146 4287 1214 4354 loco
1266 4289 1347 4354 elias
1369 4307 1484 4353 causas
1507 4284 1648 4351 habebat
1671 4286 1760 4368 Saul,
1783 4288 1835 4353 val
1854 4288 1966 4354 saltem
1985 4286 2065 4354 alios
2079 4301 2232 4372 praetex-

247 4370 374 4447 David,
396 4390 444 4444 ⁸ne
467 4373 629 4451 perversis
659 4372 830 4435 hominum
859 4371 986 4437 iudiciis
1016 4373 1213 4448 succumbat,
1266 4385 1336 4439 tus:
1376 4372 1451 4454 quia
1484 4379 1592 4434 tammi
1628 4373 1689 4438 hoc
1721 4375 1927 4439 verimimum
1961 4382 2048 4454 erat,
2088 4390 2230 4440 creatam

248 4458 356 4522 Deum
386 4455 501 4522 statuit
533 4474 649 4520 causae
680 4476 758 4520 suae
791 4455 946 4522 iudicem:
980 4465 1013 4522 et
1045 4458 1122 4540 quia
1153 4458 1214 4523 sibi
1265 4459 1366 4524 fuisse
1387 4454 1509 4522 Davidi
1531 4456 1688 4522 invidiam
1710 4480 1750 4522 ex
1773 4458 1837 4523 Dei
1858 4460 2038 4541 vocatione,
2060 4461 2136 4543 quia
2158 4481 2232 4526 eum

247 4545 330 4608 bene
348 4541 494 4607 conscius
512 4551 570 4622 est,
594 4561 651 4622 pro
671 4541 772 4604 nihilo
792 4541 881 4606 ducit
897 4542 1026 4624 iniquas
1044 4543 1214 4609 hominum
1266 4546 1300 4608 in
1333 4563 1443 4626 regem
1476 4551 1633 4611 unxerat:
1673 4545 1789 4608 merito
1822 4553 1960 4609 testatur
1994 4564 2059 4609 non
2100 4546 2231 4630 proprio

247 4629 437 4694 sententias.
481 4627 580 4691 Esset
601 4624 733 4708 quidem
755 4626 948 4709 optandum,
971 4640 1006 4693 ut
1029 4629 1215 4694 hominibus
1267 4630 1333 4693 ullo
1355 4627 1491 4705 scalere,
1523 4627 1579 4690 sed
1603 4627 1680 4710 quia
1701 4628 1774 4693 Deo
1796 4629 1996 4712 obsequntus
2017 4631 2077 4713 sit,
2107 4652 2144 4696 se
2167 4652 2232 4696 om·

247 4736 376 4797 quoque
405 4713 542 4795 probata
571 4721 657 4776 esset
687 4719 797 4775 nostra
825 4713 1012 4797 integritas:
1047 4734 1153 4795 neque
1180 4713 1215 4778 id
1267 4715 1356 4778 nium
1378 4712 1549 4778 sententiis
1567 4732 1735 4796 perperam
1761 4715 1917 4781 damnari.
1955 4715 2044 4780 Hinc
2065 4737 2143 4782 vero
2166 4737 2231 4781 non

248 4811 315 4866 tam
339 4814 452 4863 nostra
472 4818 578 4873 causa,
600 4817 696 4879 quam
719 4796 753 4859 in
777 4797 913 4862 fratrum
942 4800 1214 4865 aedificationem:
1265 4819 1383 4882 parum
1405 4796 1510 4862 solatii
1533 4800 1665 4880 capiunt
1685 4799 1806 4879 fideles,
1829 4801 1884 4866 nbi
1907 4803 2018 4867 testari
2041 4801 2125 4880 licet,
2150 4803 2232 4866 nihil

247 4887 304 4951 sed
327 4886 383 4950 ubi
405 4903 464 4949 nos
486 4883 670 4948 studuimus
693 4881 879 4948 hominibus
907 4885 1060 4967 probare,
1091 4885 1119 4949 si
1148 4894 1214 4948 tra·
1266 4906 1300 4950 se
1318 4893 1448 4965 praeter
1463 4882 1639 4963 legitimam
1651 4884 1715 4950 Dei
1729 4887 1932 4952 vocationem
1950 4896 2102 4953 tentasse.
2136 4887 2231 4968 Quod

249 4972 333 5037 hant
350 4971 384 5034 in
408 4970 575 5034 sinistram
598 4978 724 5050 partam
751 4987 788 5032 ae
811 4966 991 5049 depravent
1018 4968 1215 5052 quidquida
1266 4971 1293 5033 si
1317 4969 1357 5031 oh
1379 4967 1454 5032 fidei
1477 4969 1713 5034 confessionem
1735 4970 1827 5036 nohis
1850 4972 1986 5038 infestus
2015 4973 2058 5036 sit
2090 4974 2233 5039 mundus

249 5057 342 5123 nobis
364 5067 450 5120 recte
473 5056 509 5118 fit-
534 5075 571 5118 ac
600 5054 735 5127 dicitur,
766 5054 907 5118 tenenda
937 5055 1029 5121 nobis
1058 5064 1107 5119 est
1136 5055 1215 5119 haec
1266 5052 1374 5139 (sicuti
1389 5053 1535 5118 videmus
1551 5076 1719 5138 nunqnam
1739 5057 1845 5121 acrius
1862 5059 1970 5123 furere
1984 5057 2110 5142 impios,
2134 5080 2231 5142 quam

249 5141 510 5226 magnanimitas,
534 5151 570 5203 ut
591 5140 653 5203 Dei
677 5140 773 5203 unius
794 5137 913 5203 iudicio
935 5140 1096 5219 contenti,
1119 5160 1213 5203 mun·
1266 5140 1321 5202 ubi
1343 5138 1405 5202 Dei
1429 5140 1566 5204 verbum
1589 5151 1623 5206 et
1644 5143 1799 5225 pietatem
1821 5143 2024 5229 oppugnant)
2047 5144 2232 5227 duplicatur

249 5226 326 5291 dum
355 5235 388 5290 et
417 5225 561 5289 diabolos
590 5245 702 5289 omues
731 5244 931 5307 spernamus.
984 5225 1098 5307 Neque
1127 5225 1213 5289 enim
1267 5223 1360 5288 nobis
1393 5225 1520 5292 fiducia.
1576 5227 1708 5292 Interea
1739 5227 1838 5292 etiam
1870 5229 2022 5295 admonet
2055 5229 2108 5297 hic
2141 5231 2231 5295 locus
