4658 5856
231 340 297 405 ⁴235
1052 338 1270 406 PSALMUS
1292 339 1409 405 XXII.
2167 340 2232 404 236

232 532 331 596 luisse
359 548 378 591 a
403 526 491 592 Deo:
521 525 579 592 sed
601 526 780 592 recordatio
808 546 873 591 non
901 525 966 590 alio
988 537 1115 608 spectat
1136 527 1228 651 nisi*
1253 528 1407 611 ignobilis
1430 530 1464 592 in
1487 549 1548 592 sua
1571 525 1753 592 altitudine.
1799 527 1896 608 Quod
1919 529 1947 595 si
1967 529 2059 595 Dens
2077 529 2138 594 sub
2157 528 2232 611 lege

230 614 314 700 quod
336 612 519 696 insignibus
536 612 600 677 Dei
623 612 790 678 miraculis
808 612 1055 695 expergefactae
1076 623 1201 696 gentes,
1252 615 1365 696 plenos
1384 613 1552 693 famelicis,
1574 611 1763 695 splendidos
1787 614 1942 693 obscuris,
1964 615 2077 681 felices
2101 615 2230 678 miseris

230 701 271 765 ad
294 720 410 783 puram
432 698 634 783 religionem,
657 720 677 762 a
698 719 763 780 qua
785 695 930 779 dilapsae
952 706 1056 778 erant,
1078 699 1200 763 iterum
1250 701 1298 763 ita
1327 700 1511 775 coniunxit,
1552 698 1657 763 multo
1690 699 1796 783 magis
1830 699 1928 765 hodie
1960 701 2022 766 sub
2056 699 2228 783 evangelio

230 809 264 853 se
286 785 464 851 conterent.
500 782 688 849 Notandum
711 793 820 849 autem
844 791 902 862 est,
924 785 1048 848 cultum
1071 782 1135 848 Dei
1158 805 1200 849 ex
1251 784 1363 850 valere
1386 784 1482 851 debet
1513 785 1577 849 ista
1610 784 1704 849 ratio.
1750 784 1861 865 Quum
1896 806 1974 869 ergo
2009 786 2072 852 sibi
2105 784 2227 850 divites

228 875 300 936 cius
322 871 448 935 notitia.
461 869 593 936 deduci:
615 869 693 951 quia
714 869 879 952 supplices
900 868 941 933 ad
964 892 1040 935 eum
1062 869 1200 935 adoran·
1249 871 1328 936 alibi
1349 871 1475 938 victum
1496 870 1606 937 offerri
1629 870 1770 934 audiunt
1792 892 1892 953 quam
1914 871 1949 936 in
1973 881 2107 936 terrena
2125 869 2229 935 abun·

230 958 309 1023 dum
333 964 487 1022 venturos
510 955 587 1021 dicit
608 954 664 1036 qui
686 955 722 1019 in
744 954 954 1020 meditatione
977 976 1111 1040 operum
1135 956 1198 1021 Dei
1251 955 1372 1036 dantia,
1394 955 1522 1023 discant
1540 956 1587 1020 ita
1604 955 1710 1022 sobrie
1728 956 1832 1022 libare
1853 977 1937 1040 quae
1955 956 1996 1020 ad
2014 956 2228 1039 temporalem

230 1045 398 1126 hucusque
417 1040 620 1124 profecerint,
638 1063 679 1106 ne
698 1041 838 1123 amplius
853 1040 993 1123 superbo
1011 1050 1198 1123 contemptu
1250 1064 1345 1107 usum
1373 1041 1512 1126 largitus
1535 1049 1585 1107 est
1605 1040 1709 1127 Deus,
1739 1062 1782 1108 ne
1803 1043 1870 1108 illis
1892 1041 2051 1126 insipidae
2073 1042 2141 1106 sint
2163 1044 2230 1126 spi·

229 1140 345 1196 contra
372 1129 481 1210 ipsum
502 1126 684 1192 lasciviant.
729 1126 837 1207 Quem
859 1147 989 1191 sensum
1013 1127 1199 1210 expressius
1249 1128 1385 1194 rituales
1411 1129 1536 1212 epulae,
1566 1127 1618 1193 vel
1647 1128 1689 1193 ad
1718 1149 1774 1194 eas
1804 1137 1965 1193 nauseant
1986 1148 2064 1211 prae
2086 1127 2228 1194 fastidio.

229 1217 402 1280 confirmat
439 1233 521 1295 quae
554 1233 632 1276 mox
672 1210 803 1277 additur
836 1212 930 1290 ratio,
971 1213 1103 1279 Iebocoe
1134 1233 1200 1279 eoae
1250 1213 1415 1294 Quamdiu
1433 1215 1522 1280 enim
1540 1213 1729 1281 residebunt
1747 1214 1782 1278 in
1801 1214 1869 1280 suis
1885 1212 2038 1290 faecibus,
2057 1234 2228 1296 nunquam

229 1321 369 1385 regnam,
398 1297 592 1382 algentibus
613 1298 750 1378 imperet.
794 1297 879 1362 Nam
907 1298 992 1380 quod
1020 1298 1075 1363 alii
1097 1300 1197 1363 inter·
1249 1320 1304 1365 eas
1334 1300 1386 1383 pio
1412 1299 1571 1366 desiderio
1595 1307 1758 1452 apgetent,
1781 1299 1832 1365 vel
1853 1299 2104 1367 oblectationem
2126 1298 2228 1364 ullam

231 1395 411 1471 protantur,
440 1404 507 1448 non
537 1384 657 1448 mirum
686 1404 757 1449 esse
785 1384 814 1449 si
843 1393 959 1466 gentes
987 1384 1029 1448 ad
1051 1383 1198 1449 tribuen-
1249 1385 1380 1468 capient
1408 1407 1449 1451 ex
1479 1396 1588 1469 gustu.
1661 1385 1739 1450 inuti
1770 1396 1881 1450 autem
1904 1386 2063 1451 macerari
2086 1384 2228 1468 pingues

231 1474 309 1538 dum
331 1471 402 1536 Deo
424 1469 583 1535 honorem
604 1479 764 1553 cogantur
784 1489 804 1533 a
824 1489 889 1552 quo
909 1477 1036 1535 creatae
1057 1478 1144 1547 sunt,
1166 1477 1199 1534 et
1249 1470 1411 1550 convenit,
1445 1481 1483 1537 ιιι
1508 1471 1581 1536 Deo
1611 1493 1648 1536 se
1669 1471 1849 1554 pasoendoa
1871 1472 2029 1536 offerant:
2057 1471 2101 1535 ita
2125 1472 2228 1535 fame·

230 1559 323 1625 euius
352 1566 647 1640 regnaturum,
676 1554 754 1620 licet
775 1575 850 1620 oum
871 1555 952 1638 ipsis
974 1555 1062 1620 vitae
1084 1555 1199 1621 loedus
1250 1556 1329 1622 licoa
1350 1565 1440 1622 certa
1469 1564 1501 1623 et
1530 1556 1694 1642 intrepida
1722 1557 1842 1624 fidncia
1869 1558 1995 1622 animat
2028 1554 2148 1640 David,
2186 1577 2228 1621 ne

231 1665 296 1710 non
316 1641 494 1727 pepigerit:
516 1662 576 1724 ego
598 1650 754 1723 tanquam
777 1640 931 1724 frigidum
954 1640 1099 1726 repudio.
1129 1640 1199 1707 Neo
1249 1642 1338 1725 ipsos
1370 1643 1528 1726 impediat
1560 1663 1620 1709 sua
1653 1642 1764 1726 inopia
1796 1643 1836 1708 ab
1870 1661 2020 1709 accessu:
2050 1641 2116 1707 imo
2139 1643 2229 1725 ipsos

229 1730 317 1794 enim
354 1726 489 1792 dubium
527 1736 578 1792 est
605 1727 683 1808 quin
719 1727 893 1792 conveniat
922 1726 977 1793 hie
1005 1727 1095 1793 locus
1123 1748 1199 1793 oum
1249 1748 1378 1811 quoque
1400 1736 1547 1794 mortuos
1570 1727 1611 1793 ad
1634 1728 1834 1812 epulandum
1857 1728 1990 1808 invitat,
2012 1735 2052 1792 ut
2073 1728 2228 1810 quisunt

229 1815 302 1880 aliis
325 1813 472 1897 pluribus
492 1812 665 1887 vaticiniis,
694 1813 812 1895 quibus
833 1812 973 1895 erigitur
994 1812 1112 1878 solium
1134 1811 1200 1876 Dei
1250 1812 1486 1896 despectissimi
1507 1821 1542 1878 et
1563 1813 1630 1880 sere
1649 1834 1758 1880 eoram
1777 1814 1900 1880 mundo
1916 1813 2038 1891 loetidi,
2061 1834 2097 1879 se
2116 1823 2227 1878 tamen

226 1903 262 1966 in
284 1920 348 1984 quo
372 1899 526 1965 Christus
542 1898 584 1962 ad
602 1897 852 1981 gubernandum
868 1899 981 1963 orbem
1003 1897 1198 1982 praesideat
1249 1898 1292 1965 ad
1313 1920 1440 1966 sacram
1463 1899 1527 1965 Dei
1548 1920 1696 1964 mensam
1719 1900 1870 1984 ingerere
1892 1899 2045 1965 audeant.
2091 1898 2228 1965 Mutatio

227 1987 426 2069 Quanquam
450 2005 527 2068 ergo
557 1984 742 2067 promiscue
770 1983 811 2048 ad
841 1992 946 2049 totum
975 1983 1087 2049 orbem
1108 1991 1199 2066 patet
1250 1985 1380 2050 numeri
1413 1986 1447 2049 in
1480 1986 1546 2051 fine
1568 2007 1683 2051 versus
1711 2007 1844 2052 sensum
1876 1983 2027 2050 nonnihil
2059 1984 2227 2051 obscurat:

226 2073 291 2138 Dei
320 2068 540 2155 providentia,
570 2069 712 2136 sciamus
740 2080 818 2134 tune
839 2090 918 2134 vere
940 2068 1110 2144 dominari,
1140 2069 1197 2134 ubi
1249 2081 1376 2137 eertum
1407 2080 1516 2136 tamen
1550 2079 1600 2137 est
1633 2070 1824 2154 prophetam
1857 2070 1920 2137 hoo
1952 2069 2048 2147 velle,
2082 2070 2228 2136 eiusdem

228 2158 382 2225 discussis
412 2155 554 2221 tenebris
580 2172 613 2220 et
641 2155 745 2222 effusa
773 2153 864 2221 verbi
893 2155 943 2221 sui
971 2155 1043 2221 luce
1070 2154 1199 2239 conspi·
1250 2156 1377 2240 gratiae
1406 2156 1470 2223 sibi
1501 2155 1572 2222 sore
1602 2157 1705 2223 socios
1735 2159 1791 2241 qui
1814 2157 1879 2221 iam
1902 2155 2059 2223 videntur
2079 2154 2116 2221 in
2138 2157 2228 2222 eine·

226 2264 308 2311 cuns
337 2241 468 2307 eminet.
520 2240 610 2306 'Palis
639 2240 728 2326 apud
756 2241 898 2306 Iesaiam
928 2249 977 2308 est
1005 2241 1098 2324 regni
1127 2241 1199 2306 eius
1250 2264 1320 2307 rem
1349 2242 1483 2326 redacti,
1512 2251 1545 2307 et
1573 2242 1608 2307 in
1637 2243 1755 2326 quibus
1785 2241 1877 2308 nulla
1905 2251 2058 2326 speratur
2080 2263 2100 2308 a
2121 2248 2228 2308 morte

228 2329 417 2411 descriptio:
461 2325 624 2393 Iudicabit
666 2326 803 2412 populos
841 2335 875 2392 et
918 2334 1034 2411 arguet
1074 2335 1199 2409 gentes,
1248 2329 1283 2393 in
1307 2329 1411 2396 vitam
1433 2327 1604 2394 restitutio.

226 2418 311 2482 Iesa.
333 2415 364 2492 2,
386 2414 417 2479 4.
461 2415 567 2480 Porro
590 2433 690 2496 quum
712 2412 825 2479 orbem
847 2423 1011 2478 terrarum
1033 2433 1100 2478 non
1120 2423 1198 2478 ante

226 2503 288 2567 sibi
310 2501 401 2566 Dens
424 2499 599 2583 subegerit,
628 2519 727 2581 quam
748 2498 827 2565 dum
849 2498 1011 2583 evangelii
1033 2497 1199 2581 praediea·
1335 2499 1387 2564 31.
1412 2497 1523 2565 Semen
1552 2499 1663 2564 serviet
1684 2499 1723 2580 ei,
1753 2498 1923 2567 censebitur
1956 2498 2099 2565 Domitio
2120 2501 2157 2565 in
2176 2521 2227 2584 pe·

226 2591 315 2653 tione
348 2596 465 2669 sponte
498 2607 532 2650 ee
566 2586 653 2667 passi
686 2593 764 2650 eunt
796 2584 831 2648 in
864 2582 1012 2649 ordinem
1039 2583 1112 2666 cogi
1141 2584 1197 2665 qui
1249 2586 1448 2650 nerotionem.
1492 2584 1543 2650 32.
1573 2583 1703 2650 Venient
1730 2585 1957 2651 etnorrobnnt
1977 2586 2137 2651 iustitiam
2157 2587 2229 2652 eins

225 2675 317 2757 prius
338 2671 490 2737 indomiti
510 2671 651 2746 inerant,
672 2670 921 2735 conversionem
942 2669 1028 2735 hanc
1047 2690 1112 2733 non
1134 2669 1198 2734 nisi
1244 2670 1365 2753 populo
1386 2671 1443 2753 qni
1463 2674 1617 2751 naaennr,
1639 2671 1718 2754 qnia
1737 2671 1820 2752 fecit.

225 2759 353 2825 Christi
385 2756 487 2822 ductu
521 2764 552 2820 et
585 2755 738 2837 auspioiie
770 2756 890 2821 factam
922 2774 1003 2832 esse,
1043 2753 1199 2837 colligere

225 2846 310 2910 licet.
363 2841 401 2909 Si
434 2841 509 2925 quia
548 2840 688 2937 obiiciat,
728 2861 897 2923 nunquam
938 2850 1041 2904 totum
1085 2841 1198 2906 orbem
1336 2840 1411 2924 Quo
1445 2841 1593 2907 beneficii
1633 2842 1897 2926 magnitudinem
1933 2843 2038 2926 magis
2075 2841 2228 2922 extollat,

226 2931 328 2996 fuisse
355 2943 568 2995 conversum:
601 2926 704 2992 laoilie
733 2925 852 2991 solutio
882 2935 942 3003 est,
976 2935 1105 3008 tempus
1135 2946 1198 3008 quo
1251 2927 1316 2993 tale
1338 2927 1408 2993 lore
1430 2926 1518 3004 dicit,
1540 2926 1634 2993 cuius
1657 2947 1827 3010 nunquam
1848 2926 1889 2993 ad
1911 2939 2061 3011 posteros
2084 2926 2229 2993 delenda

226 3021 360 3099 repente
383 3034 442 3098 per
463 3011 670 3095 evangelium
693 3012 814 3094 passim
837 3012 981 3077 innotuit
1001 3012 1102 3089 Deus,
1125 3033 1200 3078 oon·
1250 3013 1293 3078 sit
1315 3013 1484 3078 memoria:
1518 3011 1651 3078 modum
1674 3026 1785 3078 tamen
1809 3014 1879 3079 eius
1902 3011 2148 3097 perpetuandae
2169 3035 2229 3079 ex·

226 3101 306 3168 ferri
334 3122 411 3165 oum
444 3097 547 3165 veteri
575 3097 632 3163 illo
659 3106 756 3175 statu,
787 3097 866 3163 dnm
894 3098 946 3164 sui
968 3097 1119 3162 notitiam
1140 3097 1198 3161 Iu·
1250 3100 1373 3183 primit,
1400 3099 1477 3182 quia
1506 3098 1594 3163 orbis
1623 3101 1793 3165 conversio
1823 3100 1864 3164 de
1892 3120 1956 3181 qua
1985 3099 2142 3183 loquutus
2164 3111 2227 3178 est,

227 3188 326 3254 dacae
348 3185 470 3251 finibus
491 3183 651 3249 inclusam
670 3184 785 3250 tenuit.
808 3183 939 3250 Scimus
957 3184 1045 3249 enim
1062 3183 1198 3267 fulgetri
1251 3206 1318 3251 non
1345 3192 1576 3249 momentanea
1609 3194 1738 3250 tantum
1767 3186 1839 3263 erit,
1876 3185 1933 3250 sed
1963 3205 2022 3268 per
2050 3187 2228 3251 continuas

226 3275 330 3341 instar
375 3271 524 3338 celeriter
564 3269 735 3336 Christum
774 3270 816 3335 ab
859 3278 933 3335 ortu
973 3271 1008 3335 in
1047 3289 1198 3335 occasum
1250 3280 1373 3336 aetates
1395 3271 1637 3354 propagabitur.
1679 3268 1777 3337 Unde
1799 3271 1919 3336 iterum
1944 3270 2141 3354 colligimus,
2171 3272 2229 3337 hio

227 3366 478 3444 penetrassent
495 3355 763 3439 undiquegentes
781 3356 996 3422 ineeolesiam
1009 3365 1198 3422 accerseret.
1251 3379 1315 3421 non
1343 3356 1500 3422 celebrari
1529 3355 1593 3422 Dei
1616 3357 1755 3441 gloriam
1777 3377 1861 3438 quae
1883 3378 1925 3420 ex
1947 3356 2070 3422 caduco
2092 3365 2127 3420 et
2147 3377 2227 3421 eva·

312 3445 364 3510 30.
387 3442 573 3529 (Concedent,
601 3440 843 3524 dodorwuret.)
886 3441 938 3506 Ne
966 3443 1039 3523 quis
1062 3463 1121 3524 pro
1142 3442 1196 3522 ab·
1251 3442 1327 3507 nido
1358 3463 1489 3507 rumore
1517 3453 1604 3520 nata,
1634 3442 1675 3506 ad
1698 3450 1811 3526 gentes
1834 3441 2030 3525 pervenerit,
2061 3441 2118 3507 sed
2139 3461 2225 3525 quae

228 3530 327 3597 surdo
350 3530 455 3606 ducat,
486 3549 575 3593 nunc
597 3528 735 3611 pingues
765 3537 871 3592 terrae
893 3526 1023 3591 admitti
1044 3527 1199 3593 convivas
1250 3527 1317 3593 suis
1356 3526 1455 3592 radiis
1492 3527 1654 3593 mundum
1694 3526 1871 3593 illustrabit
1912 3548 2014 3611 usque
2046 3528 2080 3590 in
2112 3528 2226 3592 finem.

228 3616 270 3682 ad
300 3616 434 3700 epulum
463 3613 547 3696 quod
581 3634 686 3696 nuper
714 3612 912 3696 pauperibus
942 3621 1070 3676 tantum
1099 3611 1198 3678 desti·
1250 3613 1361 3693 Quare
1390 3613 1443 3677 hic
1473 3614 1593 3696 insigni
1623 3615 1728 3698 elogio
1751 3613 1908 3679 asseritur
1931 3612 2085 3678 ecclesiae
2107 3633 2227 3697 perpe·

228 3725 308 3769 nare
330 3704 422 3768 visus
444 3710 512 3765 est:
535 3701 676 3765 sciamus
694 3699 890 3781 pauperibus
908 3695 979 3763 ideo
997 3698 1109 3761 datum
1130 3718 1199 3762 esse
1250 3698 1361 3774 tuitae,
1395 3720 1461 3763 non
1489 3699 1575 3779 quod
1608 3720 1737 3781 semper
1750 3702 1888 3765 'floreat
1918 3698 1970 3764 vel
1993 3699 2156 3781 aequabili
2181 3710 2227 3764 te-

229 3791 371 3872 priorem
393 3788 510 3863 locum,
533 3786 609 3868 quia
630 3783 697 3849 illis
719 3786 863 3850 maxime
884 3785 1051 3866 proposita
1072 3791 1143 3848 erat
1164 3784 1199 3846 in
1250 3805 1329 3849 nore
1356 3786 1438 3849 fluat
1467 3785 1538 3848 eius
1569 3786 1748 3850 successio:
1785 3785 1842 3850 eed
1871 3785 1948 3867 quia
1981 3786 2072 3849 Deus
2103 3806 2226 3850 nomen

229 3875 379 3956 exemplo
410 3871 548 3937 Davidis
580 3869 769 3935 consolatio.
813 3870 967 3936 Secundo
996 3878 1108 3933 tamen
1131 3868 1200 3934 loeo
1251 3891 1346 3935 suum
1373 3870 1408 3934 in
1438 3868 1559 3933 mundo
1589 3871 1755 3953 exstingui
1785 3871 1906 3949 nolens,
1944 3891 2073 3953 semper
2095 3871 2225 3953 aliquos

230 3961 350 4024 divites
372 3967 405 4022 et
427 3956 538 4022 beatos
567 3956 701 4039 adiungi
730 3976 862 4021 neeesse
884 3956 958 4034 luit,
980 3977 1023 4020 ne
1045 3963 1201 4038 putarent
1250 3954 1421 4021 suscitabit
1442 3976 1462 4019 a
1483 3954 1599 4037 quibus
1621 3958 1672 4038 pie
1694 3957 1829 4022 colatur.
1875 3956 1945 4020 Iam
1965 3954 2146 4020 tenendum
2165 3967 2226 4038 eet,

230 4046 270 4109 ab
289 4043 433 4108 eiusdem
452 4043 577 4126 gratiae
594 4041 840 4125 participatione
858 4062 894 4106 se
915 4040 1056 4107 excludi.
1078 4039 1200 4120 Quam·
1250 4063 1363 4106 semen
1392 4039 1454 4105 hoo
1483 4041 1518 4103 in
1558 4062 1621 4123 quo
1649 4042 1881 4107 custodiendus
1912 4052 1981 4106 erat
2011 4041 2119 4107 cultus
2149 4043 2225 4124 Dei,

231 4132 280 4196 via
302 4130 390 4193 enim
421 4128 460 4192 ad
493 4125 717 4210 quaerendum
740 4126 859 4193 doloris
882 4126 1033 4192 solatium
1056 4147 1111 4192 eos
1133 4147 1197 4190 uon
1250 4129 1393 4191 fructum
1436 4146 1506 4190 esse
1550 4126 1807 4212 incorruptibilis
1851 4128 1999 4193 seminis:
2043 4129 2118 4209 qnia
2157 4149 2225 4194 non

230 4224 345 4293 urgeat
377 4214 597 4296 praesentium
630 4212 791 4277 malorum
825 4213 1016 4278 necessitas:
1057 4211 1199 4278 remedio
1250 4212 1382 4277 aliunde
1419 4210 1585 4276 eeclesiam
1616 4234 1710 4278 suam
1741 4214 1849 4297 gignit
1877 4212 1970 4278 Deus
2000 4222 2033 4278 et
2063 4223 2226 4298 propagat

230 4317 342 4366 tamen
371 4320 453 4382 opus
481 4299 614 4378 habent,
645 4318 687 4362 ne
716 4320 751 4363 se
778 4298 942 4363 inebrient
974 4296 1107 4376 deliciis,
1142 4296 1199 4362 sed
1250 4298 1315 4362 nisi
1348 4320 1389 4362 ex
1423 4297 1532 4363 verbo.
1586 4296 1716 4365 Censori
1745 4299 1883 4365 Domino
1915 4301 1951 4364 in
1980 4299 2222 4382 pannucea,

230 4388 337 4472 potius
371 4385 528 4468 gaudium
559 4405 655 4447 suum
684 4384 718 4447 in
739 4383 828 4449 coelo
855 4390 1024 4465 reponant.
1068 4381 1199 4450 Deinde
1251 4383 1375 4449 duobus
1392 4380 1497 4448 modis
1515 4386 1699 4466 exponitur.
1733 4383 1874 4465 Quidam
1896 4405 2013 4449 nomen
2031 4384 2223 4451 hebraicum

230 4495 331 4558 quum
361 4471 424 4554 ipsi
457 4488 586 4552 quoque
613 4467 744 4533 obnoxii
766 4470 833 4534 sint
854 4470 954 4534 variis
976 4469 1199 4548 incommodis,
1250 4480 1320 4551 'nn
1341 4491 1399 4551 pro
1422 4477 1566 4533 aetatum
1588 4471 1789 4536 successione
1811 4469 1983 4553 accipiunt,
2006 4470 2061 4533 alii
2084 4491 2144 4552 pro
2166 4493 2224 4556 ge·

230 4558 402 4626 maledicta
424 4556 487 4620 erit
509 4575 620 4619 eorum
643 4553 819 4636 opulentia,
849 4556 931 4620 siin
955 4554 1051 4619 terris
1073 4565 1199 4621 montes
1250 4555 1426 4633 neratione,
1449 4574 1511 4636 quo
1534 4575 1633 4620 sensu
1656 4556 1786 4621 Latinis
1808 4556 1927 4620 dicitur
1938 4555 2109 4620 hominum
2121 4558 2225 4622 natio.

229 4649 377 4730 ipsorum
400 4641 553 4706 detineat.
600 4638 737 4705 Summa
758 4650 817 4722 est,
847 4662 1019 4706 commune
1048 4641 1118 4705 fore
1148 4662 1199 4706 sa·
1250 4640 1338 4721 Quia
1361 4649 1495 4721 uterque
1518 4660 1632 4706 sensus
1655 4664 1720 4706 non
1743 4641 1828 4706 male
1850 4641 1996 4724 quadrat
2022 4653 2054 4705 et
2076 4642 2111 4704 in
2134 4642 2223 4707 idem

230 4730 388 4798 orificium
411 4727 472 4792 hoo
494 4736 561 4791 tam
584 4726 708 4808 vegetis
726 4736 759 4789 et
778 4726 962 4809 pinguibus,
984 4747 1081 4808 quam
1100 4728 1199 4792 maci·
1249 4727 1316 4790 fere
1345 4724 1502 4800 recidunt,
1532 4747 1590 4808 per
1620 4748 1672 4792 me
1701 4726 1803 4792 libera
1825 4728 1870 4792 sit
1891 4726 2004 4793 electio
2027 4727 2223 4794 lectoribus:

230 4817 328 4881 lentis
349 4836 387 4879 ao
408 4812 645 4878 semimortuis:
674 4823 711 4874 nt
732 4812 865 4893 priores,
895 4810 1042 4893 deposita
1071 4813 1199 4890 ferocia,
1251 4812 1313 4876 nisi
1344 4809 1428 4893 quod
1458 4809 1539 4874 mihi
1569 4815 1673 4898 magis
1696 4813 1823 4896 placere
1845 4813 1959 4890 fateor,
1993 4811 2133 4877 electum
2160 4815 2224 4879 Dei

230 4923 340 4968 coram
373 4900 445 4964 Deo
485 4920 520 4964 se
560 4896 751 4964 humilient:
792 4897 887 4961 alteri
929 4918 1006 4962 vero
1049 4898 1200 4980 quamvis
1250 4895 1405 4979 populum
1433 4907 1465 4959 et
1488 4897 1680 4977 peculiarem
1703 4911 1835 4981 gentem
1859 4900 1920 4962 hac
1941 4919 2022 4964 voce
2043 4897 2222 4983 designari,

231 4988 355 5065 deiecti,
379 4987 504 5050 animos
527 4983 690 5068 spirituali
713 4983 831 5063 gaudio
854 4983 1006 5048 attollant
1027 4985 1067 5047 ad
1090 4982 1199 5047 Deum
1250 5002 1333 5063 quae
1351 4992 1521 5046 censeatur
1539 4982 1603 5049 Dei
1621 4983 1815 5050 haereditas.
1852 4984 2036 5062 Caeterum,
2056 4985 2136 5067 quia
2154 5006 2221 5050 non

231 5073 390 5137 bonorum
413 5071 561 5135 omnium
582 5082 746 5135 autorem:
770 5068 864 5134 sicuti
887 5078 1041 5150 utrosque
1065 5068 1200 5134 Iacobus
1250 5065 1370 5149 legitur
1400 5066 1453 5130 hie
1483 5070 1656 5134 essentiale
1678 5092 1798 5134 nomen
1820 5070 1883 5135 Dei
1906 5070 2030 5135 Iehova
2051 5069 2102 5155 (ut
2125 5072 2222 5154 paulo

232 5158 384 5223 admonet
406 5179 475 5239 cap.
501 5157 529 5234 l,
559 5177 635 5222 vers
658 5156 715 5221 10:
746 5155 915 5223 Glorietur
936 5155 1039 5219 frater
1060 5175 1200 5238 magnus
1250 5149 1338 5236 aute)
1368 5150 1424 5217 sed
1455 5152 1591 5232 Adonai,
1622 5177 1688 5218 non
1718 5155 1864 5237 improbo
1887 5177 1999 5220 eorum
2022 5159 2220 5222 sententiam

232 5254 265 5309 et
288 5242 378 5308 dives
407 5243 440 5306 in
469 5242 653 5308 humilitate
680 5261 760 5308 sua:
789 5249 995 5323 contemptus
1025 5250 1136 5305 autem
1165 5249 1199 5305 et
1250 5236 1366 5321 quibus
1396 5236 1523 5304 videtur
1557 5240 1677 5306 diserte
1712 5240 1865 5307 Christus
1894 5241 2048 5308 ecclesiae
2078 5245 2220 5323 praefici,
