4658 5856
207 370 266 435 191
1017 368 1234 436 Psanites
1257 367 1390 434 xv111.
2142 367 2204 431 192

204 559 338 642 peperit,
362 568 400 622 ut
417 557 513 622 multi
531 577 572 620 ex
592 556 737 621 hostibus
754 564 844 620 metu
863 556 957 620 fracti
975 555 1173 620 deditionem
1226 559 1309 640 repis
1347 560 1402 629 eui
1431 564 1460 622 et
1494 564 1665 638 praestans
1703 558 1952 623 misericordiam
1988 555 2110 624 Christo
2143 575 2202 621 suo

204 646 358 709 facerent.
411 642 478 708 Sed
507 644 554 706 ita
583 642 644 706 sub
674 652 753 725 typo
781 654 911 706 ostensa
944 643 1005 705 fuit
1027 642 1175 725 gentium
1227 643 1351 708 Davisii
1372 650 1400 708 et
1421 644 1534 709 semini
1555 646 1624 709 eius
1645 646 1893 724 inperpetuum.

203 730 368 808 subiectio,
392 750 476 813 quae
497 728 567 793 solo
590 728 752 810 evangelii
775 728 948 809 praeconio
970 729 1003 792 in
1026 728 1175 793 ordinem
1858 756 1862 765 ·

203 825 332 881 coactae
366 827 454 880 eunt.
505 814 590 877 Nam
619 814 695 877 fidei
728 813 921 892 obedientia,
951 813 985 876 in
1009 835 1076 895 qua
1103 813 1176 878 fun·
1311 815 1363 881 47.
1403 814 1515 901 (Vivat
1554 814 1694 899 Ieiuno.)
1750 813 1787 881 Si
1835 814 1940 896 placet
1980 814 2016 877 in
2066 810 2203 893 optandi

202 902 315 966 datum
346 911 396 965 est
424 900 550 965 Christi
579 900 762 981 imperium,
791 920 832 964 ex
854 899 967 963 auditu
990 910 1049 979 est,
1077 900 1173 965 Rom.
1226 899 1322 964 modo
1354 900 1478 984 legere:
1514 901 1614 965 Vivat
1647 900 1757 965 Deus:
1791 920 1906 984 aspera
1940 899 2003 963 erit
2043 898 2201 979 loquutio,

203 1008 272 1070 cap.
298 988 349 1066 10,
372 1008 447 1052 vers
472 987 523 1050 17.
1225 1006 1325 1069 quam
1355 999 1465 1050 tamen
1494 997 1624 1067 sumpta
1654 989 1693 1053 ab
1724 986 1912 1050 homiuibus
1945 984 2116 1048 translatio
2145 1005 2201 1046 ex·

287 1074 339 1138 45.
371 1072 469 1158 (Filii
507 1069 705 1156 alienorum.)
758 1071 832 1137 Hoc
871 1071 939 1136 loco
980 1070 1174 1136 describitur
1225 1086 1317 1137 cusat
1339 1074 1456 1155 quibus
1480 1074 1580 1136 moris
1601 1087 1652 1136 est
1674 1075 1706 1136 in
1726 1072 1814 1137 huuc
1833 1069 2050 1135 modum-non
2070 1079 2200 1132 tantum

200 1159 286 1241 quod
308 1162 342 1224 in
365 1159 459 1222 novis
481 1157 759 1222 dominationibus
778 1157 1010 1240 utplurimum
1029 1156 1174 1221 accidere
1225 1157 1309 1222 bene
1331 1159 1466 1240 precari,
1489 1158 1545 1222 sed
1564 1159 1662 1221 etiam
1684 1159 1863 1222 honorifica
1881 1155 2202 1221 aeolamationesuos

201 1245 291 1322 solet,
322 1255 358 1309 ut
387 1243 511 1308 scilieet
544 1245 699 1307 victorem
728 1242 918 1324 suppliciter
946 1240 1086 1305 adorent
1117 1242 1174 1323 qni
1225 1242 1324 1309 duces
1336 1246 1370 1308 in
1383 1244 1523 1309 sublime
1534 1244 1699 1322 extollere,
1719 1246 1765 1308 ita
1782 1253 1870 1309 esset
1887 1241 1981 1324 quasi
2001 1239 2202 1322 triumphale

201 1330 324 1396 redacti
346 1344 424 1394 sunt
445 1330 480 1393 iu
502 1339 715 1412 potestatem:
742 1326 800 1394 sed
829 1329 905 1393 fieta
927 1341 961 1391 et
981 1339 1091 1393 coacta
1113 1328 1172 1391 hu·
1225 1330 1375 1412 elogium.
1421 1330 1495 1393 Non
1530 1330 1615 1394 male
1644 1341 1753 1394 tamen
1785 1328 1926 1411 quadrat
1947 1328 2088 1409 simplex
2112 1327 2200 1389 affir-

201 1416 347 1494 militate,
383 1417 459 1498 quia
487 1415 651 1479 serviliter
680 1435 746 1478 non
775 1424 891 1495 sponte
916 1422 1042 1495 parent.
1087 1413 1172 1477 Nam
1226 1418 1325 1479 matio
1347 1438 1411 1498 qua
1435 1414 1541 1481 David
1568 1416 1759 1497 pronuntiet
1780 1414 1890 1478 Deum
1914 1413 2034 1487 vivere,
2068 1411 2131 1475 hoc
2152 1423 2203 1476 est

200 1502 284 1585 quod
319 1499 498 1566 mentiendi
532 1502 669 1565 verbum
710 1499 841 1583 quidam
879 1501 1075 1581 interpretes
1108 1499 1172 1562 alio
1225 1522 1355 1565 summa
1374 1504 1495 1566 virtute
1513 1522 1584 1565 esse
1602 1501 1794 1583 praeditum.
1826 1500 2012 1576 Caeterum,
2033 1497 2102 1563 vita
2120 1496 2202 1562 haec

200 1589 417 1663 transierunt,
460 1588 552 1668 quasi
587 1585 707 1650 diceret
741 1585 792 1651 vel
826 1586 918 1649 inani
951 1606 1009 1669 spe
1043 1582 1173 1649 delusus
1225 1587 1265 1651 ad
1290 1586 1353 1651 Dei
1386 1587 1559 1653 essentiam
1592 1607 1658 1650 non
1682 1587 1901 1670 restringitur,
1936 1583 1994 1648 sed
2022 1584 2131 1665 potius
2159 1603 2202 1647 ex

199 1674 299 1739 fuisse
323 1675 441 1745 hostes,
464 1673 518 1737 vel
539 1685 576 1736 ut
596 1692 735 1754 poenam
757 1672 948 1755 effugerent,
972 1670 1172 1735 mendaciter
1225 1674 1378 1754 operibus
1418 1672 1619 1737 aestimanda
1657 1682 1706 1737 est
1745 1692 1827 1754 quac
1868 1673 1970 1735 vitam
2004 1671 2074 1733 eius
2110 1666 2203 1733 nobis

201 1781 338 1843 negasse
360 1759 535 1841 quidquam
559 1757 678 1822 hostile
700 1780 734 1823 se
753 1758 965 1836 machinatos,
995 1777 1061 1820 nou
1092 1756 1172 1821 satis
1225 1760 1444 1824 manifestant.
1501 1756 1608 1823 Simul
1647 1758 1733 1823 anim
1771 1778 1808 1823 ao
1843 1758 1999 1821 virtutem
2032 1773 2134 1819 suam·
2160 1756 2200 1818 ab

199 1847 384 1927 exprimere
414 1843 546 1908 videtur
576 1843 716 1907 Davidis
742 1858 894 1907 mentem.
940 1842 1051 1922 Quare
1073 1862 1172 1923 gene·
1225 1845 1328 1909 oculis
1350 1859 1480 1910 nostros
1502 1843 1668 1921 subduxit,
1700 1845 1865 1908 evanescit
1893 1843 1992 1906 etiam
2015 1861 2056 1903 ex
2080 1841 2202 1905 animis

200 1932 321 2010 raliter,
344 1941 383 1995 ut
405 1930 480 1993 alibi
493 1929 578 2015 (meo
591 1928 724 2013 iudicio)
737 1949 794 2009 pro
817 1927 981 1992 serviliter
1004 1926 1171 1992 humiliari
1224 1951 1338 1995 sensus
1361 1952 1399 1995 ao
1422 1930 1535 1993 notitia
1557 1932 1644 1993 vitae
1666 1931 1746 1994 eius.
1790 1929 1908 2010 Itaque
1931 1928 2044 1993 vivere
2068 1925 2200 2001 dieitur,

199 2019 337 2099 eapitur.
393 2015 477 2079 Nam
512 2015 648 2081 verbum
681 2028 773 2095 qm)
808 2014 894 2095 quod
928 2013 1089 2077 Hebraeis
1122 2021 1172 2078 est
1224 2029 1384 2097 quatenus
1406 2016 1503 2082 claris
1525 2017 1689 2097 potentiae
1711 2035 1788 2080 suae
1809 2013 2015 2079 documentis
2037 2009 2199 2075 mnndum

199 2105 339 2176 mentiri,
368 2102 588 2184 metaphorice
609 2101 774 2164 interdurn
797 2101 990 2164 tantundem
1012 2099 1100 2164 valet
1122 2108 1171 2163 at·
1223 2123 1282 2168 sua
1313 2124 1412 2167 manu
1442 2103 1602 2167 contineri
1633 2101 1846 2165 demonstrat.
1891 2100 1986 2164 Hane
2011 2097 2073 2162 Dei
2097 2098 2199 2160 vitam

198 2211 261 2271 que
294 2187 477 2263 humiliari,
521 2188 573 2251 vel
608 2186 816 2252 subiectionis
848 2187 962 2269 iugum
995 2187 1170 2267 suscipere,
1222 2189 1299 2271 quia
1321 2189 1545 2270 experimento
1568 2198 1715 2252 senserat
1737 2185 1859 2262 David,
1892 2182 2045 2249 laudibus
2068 2195 2102 2245 et
2123 2203 2201 2264 gra·

197 2277 273 2339 ficto
303 2285 413 2338 tamen
443 2285 474 2336 et
503 2272 632 2337 liberali
665 2271 768 2336 modo.
813 2271 917 2335 Filios
940 2281 1048 2335 autem
1072 2271 1171 2336 alieni
1222 2275 1343 2337 tiarum
1355 2275 1482 2339 actione
1497 2275 1711 2356 prosequitur.
1733 2271 1819 2336 Nam
1837 2272 1865 2337 si
1877 2271 1913 2334 in
1925 2270 2091 2352 praesenti
2103 2268 2202 2332 modo

197 2372 304 2437 vocat,
327 2361 379 2424 vel
401 2359 593 2435 alienorum,
616 2361 671 2440 qui
695 2359 784 2440 prins
806 2359 857 2421 sui
879 2358 960 2420 iuris
975 2378 1112 2438 prorsus
1130 2355 1171 2420 ab
1223 2360 1385 2441 legamus:
1420 2360 1514 2423 Vivit
1547 2357 1726 2441 Dominus,
1768 2358 1884 2441 copula
1924 2376 2006 2439 quae
2041 2357 2201 2436 sequitur,

198 2446 321 2511 Israele
344 2446 441 2510 divisi
464 2446 602 2510 fuerant.
647 2444 719 2508 Hoe
743 2464 819 2508 vero
842 2443 992 2507 videmus
1014 2445 1111 2506 etiam
1135 2444 1170 2505 in
1221 2446 1401 2509 illationem
1431 2446 1533 2509 valet:
1562 2445 1699 2527 ideoque
1727 2444 1775 2509 sie
1805 2441 1998 2508 resolvenda
2028 2452 2088 2522 θεῖ,
2122 2461 2202 2521 ergo

198 2532 331 2598 Christo
352 2531 491 2613 impleri,
521 2530 562 2593 ad
591 2552 686 2611 quem
710 2529 804 2593 multi
828 2529 989 2610 supplices
1011 2527 1170 2593 accedunt
1223 2530 1412 2596 benedictus
1451 2533 1494 2594 sit
1530 2533 1624 2594 fortis
1657 2550 1760 2594 meus.
1815 2530 1887 2593 Iam
1920 2525 2066 2610 epitheto
2096 2525 2200 2607 fortia,

198 2619 317 2700 duplici
346 2630 379 2680 et
406 2616 530 2699 perfido
560 2617 685 2678 animo:
718 2636 797 2696 quos
826 2614 899 2677 ideo
929 2625 1005 2697 apte
1034 2615 1170 2696 spiritus
1222 2616 1340 2680 deinde
1362 2617 1547 2693 servatoris,
1572 2618 1745 2680 coufirmat
1767 2616 1853 2697 quod
1878 2617 1967 2696 prins
1987 2612 2064 2688 dixi,
2090 2611 2199 2674 Deum

197 2705 400 2786 alienigenae
423 2711 531 2766 vocat:
562 2701 638 2782 quia
666 2701 728 2764 etsi
750 2701 851 2764 electo
874 2701 991 2781 populo
1014 2700 1168 2781 permixti
1222 2723 1286 2766 non
1311 2702 1393 2765 clam
1416 2703 1530 2765 vivere
1554 2702 1587 2764 in
1610 2725 1645 2767 se
1666 2703 1738 2782 ipso
1760 2701 1931 2776 duntaxat,
1960 2699 2018 2764 sed
2049 2698 2198 2779 vigorem

197 2801 282 2866 sunt,
316 2790 442 2853 sincera
474 2797 585 2850 tamen
619 2785 683 2850 fide
713 2806 776 2849 non
802 2784 990 2850 coalescunt
1019 2788 1053 2849 in
1080 2785 1166 2848 idem
1221 2809 1317 2851 suum
1346 2790 1491 2868 proferre
1516 2788 1549 2851 iu
1573 2787 1808 2870 gubernatione
1830 2786 1932 2850 totius
1961 2780 2087 2848 mundi.
2133 2792 2200 2861 Ἶῖῖ

197 2896 323 2957 corpus,
358 2882 395 2936 ut
424 2872 578 2937 ecelesiae
608 2872 668 2935 filii
696 2873 819 2936 censeri
849 2870 997 2936 debeant.
1041 2871 1167 2936 Verum
1221 2874 1309 2937 enim
1349 2874 1522 2938 transitive
1563 2875 1615 2938 hic
1655 2872 1788 2955 ponitur
1828 2894 1886 2955 pro
1927 2891 1965 2935 eo
2005 2869 2062 2952 qui
2099 2867 2200 2931 robur

197 2960 327 3042 quidem
350 2966 408 3035 est,
434 2967 567 3023 cunctos
593 2957 732 3042 gentiles
752 2957 847 3020 initio
869 2978 911 3020 ex
932 2957 1046 3022 alienis
1069 2957 1168 3021 luisse
1220 2960 1355 3023 confert.

197 3045 339 3111 adscitos
361 3042 418 3107 sed
436 3044 492 3108 ubi
511 3043 654 3107 induunt
675 3063 795 3107 novum
817 3043 978 3123 affectum,
1001 3044 1057 3125 qui
1074 3043 1168 3125 prius
1307 3044 1358 3110 48.
1381 3042 1484 3127 (Deua
1505 3047 1559 3125 qui
1580 3045 1636 3109 dat
1659 3042 1840 3129 auduus.)
1891 3042 2020 3106 Rursus
2048 3047 2199 3122 acceptas

198 3143 293 3196 erant
321 3130 466 3213 hospites
494 3140 526 3192 et
555 3129 709 3206 advenae,
743 3129 829 3193 fiunt
856 3130 946 3194 cives
972 3141 1168 3208 sanctorum,
1221 3129 1292 3195 Deo
1315 3132 1416 3195 refert
1444 3151 1525 3211 quas
1548 3130 1686 3212 adeptus
1715 3137 1767 3193 eet
1795 3130 1959 3206 victorias,
1992 3127 2078 3191 siout
2109 3125 2197 3189 enim

198 3230 231 3282 et
264 3216 431 3281 domestici
465 3214 537 3279 Dei.
594 3213 689 3295 Quod
731 3214 861 3279 additur
892 3217 1046 3279 continuo
1080 3225 1168 3296 post:
1221 3237 1387 3297 nunquam
1411 3237 1465 3280 eas
1488 3226 1651 3300 sperasset
1672 3216 1734 3280 nisi
1766 3214 1869 3281 fretus
1894 3212 1957 3278 Dei
1980 3211 2121 3277 auxilio:
2151 3211 2199 3273 ita

199 3303 282 3368 Filii
304 3302 402 3367 alieni
423 3302 563 3380 defluent,
581 3300 779 3381 trepidabunt
799 3321 837 3365 ete
857 3303 927 3365 auis
945 3300 1169 3381 penetralibus,
1222 3323 1309 3367 nunc
1331 3301 1469 3366 eundem
1493 3304 1642 3386 agnoscit
1663 3303 1797 3367 unicum
1820 3312 1987 3366 autorem:
2017 3319 2056 3363 ac
2079 3317 2120 3360 ne
2142 3295 2199 3359 de·

199 3391 376 3454 terrificum
407 3387 486 3450 illud
510 3406 629 3450 nomen
651 3386 691 3449 de
713 3406 778 3467 quo
812 3385 955 3451 diximus
983 3388 1168 3468 amplificat.
1221 3389 1381 3453 functorie
1402 3386 1509 3452 laudis
1532 3398 1656 3471 partem
1681 3388 1875 3471 adspergere
1894 3386 2053 3460 videatur,
2076 3383 2199 3446 diserte

199 3477 262 3539 Est
285 3477 371 3537 enim
397 3473 457 3535 hoe
480 3472 681 3535 reverentiae
704 3493 768 3535 non
793 3472 927 3553 vulgare
951 3473 1092 3556 signum,
1115 3474 1170 3553 qui
1222 3473 1342 3555 repetit
1371 3473 1456 3537 nihil
1485 3494 1520 3538 se
1549 3473 1669 3541 habere
1699 3473 1763 3537 nisi
1791 3474 1876 3555 quod
1908 3472 2018 3535 datum
2043 3482 2102 3532 est.
2149 3471 2198 3532 Ac

200 3559 333 3637 latebris
350 3568 518 3641 teguntur,
539 3557 677 3639 altisque
696 3557 930 3621 munitionibus
948 3568 1026 3621 sunt
1042 3558 1170 3633 inclusi,
1220 3559 1327 3642 primo
1357 3558 1486 3641 quidem
1517 3561 1637 3625 fatetur
1663 3583 1699 3625 se
1721 3559 1843 3625 virtute
1866 3556 1997 3623 coelesti
2019 3555 2122 3619 fuisse
2147 3555 2198 3616 iu·

201 3646 292 3710 metu
326 3644 492 3726 perculsos
524 3643 559 3705 in
593 3643 699 3706 lucem
733 3641 873 3724 prodire.
925 3644 1040 3720 Porro,
1074 3645 1171 3706 sicuti
1221 3654 1390 3720 structum,
1415 3656 1451 3708 ut
1473 3645 1513 3709 de
1536 3646 1685 3711 hostibus
1707 3663 1788 3728 quas
1810 3645 1921 3709 meriti
1949 3655 2046 3706 eraut
2074 3659 2197 3720 poenam

199 3731 308 3795 hostes
332 3727 470 3794 Davidie
492 3748 533 3792 ex
556 3729 623 3792 suis
646 3727 866 3810 penetralibus
888 3729 1033 3792 extraxit
1064 3730 1170 3805 timor,
1221 3731 1376 3815 exigeret.
1433 3727 1520 3810 Quia
1559 3743 1670 3797 autem
1711 3730 1818 3814 primo
1857 3729 1979 3795 intuitu
2015 3723 2194 3791 absurdum

201 3828 238 3880 ut
259 3817 421 3899 supplices
444 3823 667 3880 occurrerent:
688 3817 734 3878 ita
754 3814 1170 3896 increduloslivangelium
1223 3815 1326 3879 videri
1360 3826 1475 3897 posset,
1506 3837 1526 3880 a
1554 3816 1626 3881 Dec
1659 3818 1779 3882 armari
1812 3816 1923 3881 fideles
1957 3814 1998 3877 ad
2028 3811 2197 3890 vidictam,

200 3903 317 3966 timore
340 3901 506 3984 perculsos
523 3900 564 3964 ad
583 3900 814 3983 praestandum
831 3899 963 3965 Christo
978 3900 1170 3982 obsequium
1223 3901 1364 3965 tenenda
1397 3913 1445 3966 oet
1477 3900 1528 3987 (ut
1559 3904 1650 3982 prius
1683 3901 1849 3986 admonui)
1883 3899 2023 3966 Davidie
2057 3895 2195 3962 vocatio.

200 3990 295 4071 cogit.
341 3988 431 4051 Haec
454 3987 540 4050 enim
563 3984 659 4072 (teste
681 3985 787 4051 Paulo
811 3987 839 4048 1.
862 3987 937 4053 Cor.
963 3987 1012 4064 14,
1035 3984 1090 4070 24)
1121 3985 1171 4050 vis
1222 3987 1334 4068 Neque
1367 3988 1454 4050 enim
1488 3989 1635 4068 privatus
1668 3990 1766 4052 homo
1799 3998 1885 4063 erat,
1919 3985 1975 4051 sed
2010 4003 2070 4067 pro
2104 3984 2197 4065 regia

200 4084 250 4139 est
279 4073 477 4155 prophetiae,
512 4084 549 4135 ut
582 4072 796 4136 conscientias
817 4092 968 4154 arguens,
1002 4086 1035 4136 et
1065 4071 1169 4136 mani·
1222 4082 1389 4155 potestate,
1414 4073 1568 4137 iudicium
1588 4074 1672 4156 quod
1690 4084 1892 4156 exsequutus
1909 4085 1959 4138 est
1981 4069 2141 4135 divinitus
2165 4067 2196 4130 ei

201 4161 323 4223 lestans
344 4158 470 4223 occulta
498 4157 655 4236 cordium,
688 4159 742 4240 qui
772 4156 908 4222 rebelles
938 4171 1014 4222 ante
1042 4160 1171 4221 fuerant
1222 4160 1403 4222 iniunctum
1428 4172 1506 4222 erat.
1530 4158 1687 4241 Quisquis
1710 4161 1817 4225 laesus
1839 4169 1896 4237 est,
1926 4159 1954 4224 si
1977 4156 2017 4221 ad
2041 4175 2075 4219 se
2099 4154 2197 4218 ulcis·

201 4256 290 4309 metu
313 4253 508 4326 prosternat,
532 4243 570 4306 ad
595 4243 734 4307 dandam
758 4243 830 4306 Deo
852 4245 999 4326 gloriam.
1221 4244 1359 4309 cendum
1379 4243 1513 4326 prosilit,
1533 4244 1597 4309 Dei
1615 4257 1723 4328 partes
1740 4256 1887 4328 occupat,
1905 4245 2017 4326 itaque
2039 4261 2107 4304 non
2123 4239 2196 4304 sine

1221 4330 1381 4413 sacrilega
1418 4331 1600 4394 temeritate
1632 4332 1739 4397 illatas
1772 4330 1833 4396 sibi
1869 4331 2006 4395 iniurias
2040 4324 2197 4389 retaliant

286 4417 338 4480 47.
370 4415 463 4479 Vivat
484 4411 645 4497 remoue),
669 4419 696 4477 et
717 4414 888 4479 benedictus
907 4415 1000 4495 fertis
1017 4414 1168 4500 marest),
1222 4418 1341 4498 privati
1371 4415 1537 4480 homines:
1570 4417 1626 4481 sed
1656 4417 1749 4483 Deus
1779 4417 1836 4500 qui
1865 4437 1900 4482 se
1930 4413 2091 4482 vindicem
2122 4431 2195 4475 esse

200 4509 228 4569 ct
254 4504 408 4567 exaltetur
435 4500 525 4565 Deus
558 4502 675 4564 solutis
708 4521 803 4564 meae.
855 4501 906 4565 48.
931 4502 1020 4567 Deus
1041 4504 1096 4582 qui
1117 4503 1172 4565 dut
1222 4501 1429 4583 pronuntiat,
1470 4523 1562 4584 reges
1595 4513 1627 4566 et
1661 4505 1874 4586 magistratus
1901 4500 2015 4585 gladio
2049 4516 2195 4575 armans,

200 4591 355 4656 uindicias
376 4586 464 4663 mibi,
496 4592 523 4649 et
544 4587 661 4668 aubipit
679 4587 813 4666 populos
833 4588 892 4651 sub
915 4608 970 4650 mc.
1004 4587 1055 4650 49.
1079 4587 1170 4650 Libe·
1222 4587 1384 4653 ultienum
1407 4608 1542 4651 suarum
1563 4589 1731 4654 ministros
1756 4589 1934 4654 constituit.
1979 4587 2096 4666 Itaque
2119 4582 2193 4646 vin·

200 4681 286 4739 rotor
308 4693 395 4738 meus
417 4672 454 4735 ub
476 4672 615 4734 iuiruicis
636 4675 730 4734 meis:
750 4673 843 4735 etiam
861 4673 899 4735 ab
916 4672 967 4737 bis
988 4674 1043 4753 qui
1064 4678 1171 4736 eontra
1222 4674 1325 4738 dietas
1348 4673 1575 4754 posuitDavid
1598 4696 1656 4758 pro
1679 4676 1774 4739 iustis
1796 4674 1907 4756 poenis
1926 4693 2006 4755 quas
2017 4670 2081 4733 Dei
2100 4688 2196 4731 man·

201 4784 250 4825 mc
273 4762 508 4825 irtsurreueraut
535 4758 675 4821 extulisti
696 4778 751 4832 cue,
778 4780 798 4820 o
820 4759 887 4821 uiro
908 4759 1037 4822 uioteuto
1060 4759 1172 4821 eruisti
1221 4759 1297 4823 dato
1332 4780 1499 4840 reposcere
1527 4759 1634 4823 licuit:
1665 4761 1761 4824 modo
1792 4774 1901 4824 tamen
1931 4761 1992 4823 rite
2015 4755 2195 4836 composito

201 4869 256 4911 me.
302 4847 353 4911 50.
384 4843 555 4923 Propterea
584 4842 738 4906 celebrabo
770 4850 797 4906 te
826 4846 860 4906 iu
881 4845 1021 4926 pentibus
1043 4843 1170 4922 Isiaco,
1221 4847 1354 4925 spiritus
1387 4844 1456 4907 uelo
1486 4857 1653 4928 ageretur,
1688 4867 1755 4910 non
1787 4847 1895 4912 carnis
1929 4846 2063 4925 impetu.
2121 4839 2194 4903 Nisi

201 4939 229 4995 ct
261 4933 380 4995 rromiui
402 4936 452 4992 tuo
480 4949 600 4992 ceritum.
646 4929 695 4992 51.
731 4929 945 5011 Mupuiticuue
977 4930 1171 5014 satutem)
1221 4931 1307 4993 enim
1331 4926 1371 4992 ad
1396 4931 1595 4994 vocationem
1615 4933 1691 4996 talis
1710 4931 1888 4996 moderatio
1907 4928 2044 5004 accedat,
2068 4928 2194 4991 frustra

203 5074 289 5078 m.
370 5073 403 5077 ῃ
1221 5015 1390 5080 iactabunt
1408 5037 1501 5098 roges
1519 5016 1579 5080 eibi
1599 5019 1754 5082 ultionem
1767 5040 1785 5080 a
1800 5019 1868 5081 Dec
1888 5018 2093 5081 mandatam:
2116 5013 2193 5095 quia

290 5153 302 5181 ,
362 5153 366 5163 .
501 5154 505 5163 .
773 5168 778 5181 ,
925 5152 943 5187 Ἰ.
1069 5153 1074 5163 .
1222 5122 1288 5165 non
1318 5102 1427 5164 minus
1460 5116 1702 5184 praeposterum
1732 5114 1792 5178 cst,
1828 5105 1985 5186 permisso
2011 5099 2121 5184 gladio
2151 5095 2191 5160 ad

272 5164 317 5284 ”l
334 5152 402 5273 ,Ἥ
415 5153 656 5288 ,Ιὲἑθζῇῃὲῗᾶῥρῖζ
672 5149 1036 5290 ἴξζζῖ,γοιξ,1ῑο,ἓζ’ξὲἓζζ
1050 5159 1134 5275 HJJ&
1221 5187 1328 5251 carnis
1360 5186 1528 5252 libidinem
1566 5189 1673 5268 abuti,
1713 5209 1810 5271 quam
1849 5211 1923 5253 eum
1957 5187 2023 5252 Dei
2061 5189 2192 5251 iniussu

253 5290 317 5352 mi
336 5291 375 5341 tes
393 5263 485 5357 selots',
504 5308 537 5344 ru
561 5307 667 5361 morpe:
685 5308 729 5353 ou,
747 5290 921 5343 delivranoss.
1222 5274 1374 5355 arripere.
1418 5273 1583 5338 Ecclesiae
1611 5273 1671 5337 sub
1701 5275 1824 5339 Christi
1854 5275 2006 5358 auspiciis
2034 5272 2192 5338 militanti
