4658 5856
135 344 178 409 93
967 350 1185 419 PSALMUS
1209 351 1306 417 VIII.
1868 442 1873 455 Ι
2099 351 2143 416 94

139 534 270 601 Deinde
301 533 465 617 quomodo
494 557 658 618 exponere
686 536 790 613 liceat,
822 537 993 605 Christum
1016 540 1117 606 fuisse
1168 541 1282 617 mines,
1315 549 1347 603 et
1377 538 1492 621 quanti
1515 559 1571 603 eos
1594 538 1715 615 fecerit,
1744 559 1844 620 quum
1873 539 1939 605 illis
1962 537 2143 604 dominium

138 621 353 687 imminutum
390 619 426 684 in
467 635 573 686 morte
604 642 673 700 sua,
715 622 792 687 dum
832 625 905 689 sine
937 626 1041 690 forma
1083 634 1117 691 et
1168 624 1307 691 contulit
1333 645 1443 689 rerum
1471 624 1627 688 omnium.
1672 624 1756 688 Nam
1780 644 1881 706 quum
1901 626 1970 707 ipse
1993 624 2083 688 nulla
2105 645 2141 688 ro

141 707 264 785 decore,
286 706 348 771 suh
371 705 479 771 crucis
501 707 620 791 probro
642 719 675 772 et
696 708 928 776 maledictione
950 711 1044 793 quasi
1062 711 1117 775 dc·
1168 711 1324 793 indigeat,
1353 710 1387 774 in
1418 709 1547 773 illorum
1579 729 1658 775 usus
1688 708 1866 774 destinavit
1898 730 2027 775 omnem
2061 709 2142 774 cooli

140 792 253 857 formis
284 792 392 857 iacuit
438 792 584 858 Tametsi
617 814 694 859 vero
722 795 889 861 sufficeret
912 796 952 861 ad
976 797 1118 879 primam
1169 810 1200 860 et
1223 807 1329 861 terrae
1351 794 1563 877 opulentiam.
1586 794 1695 861 Rarus
1718 803 1807 861 certe
1826 804 1860 860 et
1877 795 2141 878 incomparabilis

138 876 365 961 quaestionem
384 876 585 957 solvendam,
610 879 695 963 qnod
714 882 845 962 quidam
865 880 987 964 dicunt,
1006 888 1117 964 aptam
1168 882 1284 961 honor,
1321 880 1407 964 quod
1437 880 1584 945 mortalis
1618 881 1716 946 homo
1744 881 1815 945 vice
1845 879 1910 946 Dei
1947 881 1982 945 in
2020 879 2142 945 mundo

138 978 174 1028 et
200 982 383 1045 congruam
414 983 486 1029 esse
516 984 580 1029 ana
603 986 688 1048 egen
716 986 736 1029 a
763 966 918 1033 membris
940 967 980 1032 ad
1004 980 1118 1050 caput:
1169 978 1324 1049 tanquam
1347 987 1406 1031 suo
1428 966 1500 1030 iure
1523 965 1730 1033 dominatur:
1760 976 1793 1029 et
1816 987 2009 1048 quocunque
2032 967 2144 1030 flectat

138 1067 200 1133 ego
219 1058 331 1113 tamen
350 988 658 1133 ultraprogretlior,
681 1051 840 1134 quianon
863 1054 1117 1117 tautumomnis
1169 1052 1290 1132 oculos,
1327 1051 1419 1116 videt
1452 1051 1535 1116 nihil
1571 1050 1633 1116 sibi
1662 1052 1703 1116 ad
1732 1052 1860 1116 beatam
1889 1053 1990 1117 vitam
2020 1050 2142 1116 deesse.

139 1145 310 1199 creaturae
339 1134 582 1218 primogenitus
611 1146 661 1201 est
691 1135 853 1217 Christus,
890 1137 948 1203 sed
979 1139 1116 1203 humaui
1168 1138 1272 1203 Porro
1309 1136 1395 1220 quod
1431 1137 1557 1220 primae
1592 1136 1631 1201 ad
1664 1135 1816 1202 Corinth.
1848 1138 1898 1215 15,
1932 1137 1974 1201 27
2020 1137 2142 1201 citatur

137 1219 272 1302 generis
295 1219 510 1285 instaurator:
542 1242 618 1286 nem
647 1242 731 1305 quae
761 1223 813 1289 hio
836 1233 984 1289 recenset
1006 1223 1117 1289 David
1169 1225 1223 1288 hic
1246 1224 1345 1301 locus,
1372 1222 1428 1288 ubi
1453 1223 1492 1286 de
1515 1222 1678 1305 spirituali
1701 1222 1825 1287 Christi
1847 1244 1950 1305 regno
1972 1221 2091 1304 agitur,
2112 1222 2140 1285 si

137 1305 271 1389 proprie
300 1303 340 1368 ad
364 1306 537 1383 creationis
565 1308 694 1372 initium
724 1318 757 1371 et
778 1315 940 1393 integram
964 1320 1116 1374 naturam
1168 1310 1220 1375 cui
1261 1308 1393 1373 videtur
1433 1306 1473 1373 ab
1507 1308 1569 1373 hoc
1610 1328 1707 1373 sensu
1746 1307 1844 1373 nimis
1884 1319 2065 1373 remotum:
2107 1308 2140 1370 in

138 1398 298 1473 spectent
343 1382 446 1455 Por'ro
475 1393 598 1458 seimus
628 1393 721 1459 Adae
751 1395 843 1475 lapsu
870 1408 974 1461 totum
1005 1397 1117 1460 huma·
1168 1402 1321 1477 promptu
1350 1403 1400 1458 est
1429 1393 1607 1477 responsio,
1642 1415 1758 1476 nempe
1787 1392 1939 1476 generale
1970 1394 2031 1458 hoo
2061 1412 2141 1469 esse,

67 1534 85 1543 -
138 1495 351 1558 num-genus
374 1497 394 1540 a
417 1478 531 1542 nativa
549 1499 609 1543 sua
631 1480 758 1563 origiue
783 1481 958 1546 excidisse:
990 1482 1067 1563 quie
1085 1489 1117 1545 et
1168 1490 1274 1544 totum
1314 1479 1429 1543 mundi
1468 1479 1615 1544 ordinem
1652 1483 1698 1543 ita
1731 1499 1802 1544 esse
1841 1479 2066 1560 compositum,
2105 1488 2144 1541 ut

137 1580 241 1644 propo
264 1560 372 1625 deleta
394 1561 456 1626 fuit
479 1562 542 1628 Dci
565 1565 684 1648 imago,
711 1577 742 1630 at
765 1569 855 1631 exuti
879 1568 999 1632 fuimus
1023 1587 1116 1649 prae·
1170 1566 1339 1630 hominum
1359 1565 1505 1631 felicitati
1529 1564 1661 1630 serviat.
1685 1563 1856 1644 Quomodo
1879 1563 1911 1627 id
1930 1564 1988 1627 uni
2007 1561 2142 1627 Christo

139 1646 246 1729 cipuie
270 1645 364 1710 donis
382 1668 465 1729 quae
485 1668 545 1713 nos
564 1651 657 1731 quasi
681 1651 840 1717 semideos
863 1653 988 1717 factura
1007 1661 1116 1717 eraut:
1169 1651 1300 1733 proprie
1328 1650 1513 1728 conveniat,
1547 1652 1611 1715 ism
1645 1649 1772 1715 ostendi
1805 1649 1900 1731 paulo
1929 1659 2016 1712 ante.
2068 1647 2141 1712 Hoc

141 1728 284 1813 denique
315 1753 357 1796 ex
384 1753 514 1797 summa
544 1735 740 1800 excellentia
762 1737 803 1801 ad
826 1742 952 1804 tristem
977 1737 1119 1802 foedam·
1169 1734 1348 1800 videndum
1373 1736 1469 1801 modo
1491 1746 1604 1814 restat,
1626 1756 1723 1818 quam
1747 1735 1841 1816 longe
1864 1743 1974 1815 pateat
1994 1733 2141 1797 omnium

140 1836 205 1898 que
227 1817 371 1899 inopiam
394 1819 528 1885 redacti.
565 1820 638 1885 'Pali
662 1823 870 1904 corruptione
892 1824 1034 1890 cessavit
1054 1822 1118 1887 Dei
1169 1822 1334 1887 subiectio.
1358 1822 1458 1886 Certe
1480 1823 1507 1886 ai
1530 1821 1609 1905 quid
1631 1820 1806 1886 adversum
1829 1828 1880 1883 est
1898 1819 2083 1884 hominibus
2106 1819 2140 1881 in

141 1901 321 1967 liberalitas
343 1924 440 1984 quam
466 1905 519 1968 hic
541 1905 651 1971 David
674 1908 854 1988 praedicat:
884 1909 1000 1975 saltem
1024 1909 1117 1973 utin
1169 1907 1258 1973 coelo
1291 1908 1342 1971 vel
1376 1908 1409 1971 in
1442 1916 1537 1989 terra,
1572 1908 1637 1971 iam
1667 1907 1810 1987 collapsa
1843 1913 1894 1970 est
1926 1904 1982 1967 illa
2018 1903 2141 1967 ordinis

141 2008 227 2072 puro
255 2008 317 2053 suo
342 1990 449 2053 nitore
477 1991 613 2056 minime
636 2005 800 2074 appareat.
845 1993 1008 2075 Quamvis
1030 1994 1117 2058 enim
1170 1992 1355 2075 integritas,
1390 1992 1476 2057 uude
1509 1994 1658 2074 sequitur
1691 1992 1872 2056 humanum
1907 2010 2022 2072 genus,
2056 2000 2141 2071 post-

143 2094 212 2137 non
233 2092 370 2155 prorsus
392 2078 555 2140 exstincta
577 2078 684 2153 fuerit,
707 2081 866 2160 quantula
884 2092 993 2145 tamon
1015 2081 1119 2162 portio
1170 2098 1267 2158 quam
1298 2078 1476 2143 defectione
1506 2079 1599 2143 Adae
1629 2077 1822 2160 dissipatum
1852 2084 1909 2152 est,
1948 2096 2014 2139 nou
2046 2071 2141 2137 modo

144 2159 232 2223 inter
260 2158 399 2223 miseras
428 2163 540 2225 ruinas
574 2164 742 2228 cernitur?
798 2164 863 2230 Sed
897 2168 972 2247 quia
1004 2185 1118 2229 rursus
1169 2164 1231 2229 hac
1268 2174 1334 2227 tam
1368 2163 1535 2245 praeclara
1570 2174 1604 2227 et
1638 2163 1816 2227 honorifica
1848 2170 1936 2225 sorte
1975 2159 2141 2242 privatum

146 2244 307 2308 donorum
336 2246 482 2311 omnium
513 2248 749 2329 plenitudinem
780 2252 929 2315 coelestis
963 2260 1055 2333 pater
1083 2249 1119 2314 in
1170 2270 1250 2325 esse,
1280 2270 1318 2314 ac
1348 2249 1448 2330 priori
1478 2249 1621 2313 dominio
1652 2269 1716 2311 non
1746 2247 1859 2329 potiri:
1891 2246 1948 2311 scd
1977 2245 2142 2327 captivum

144 2328 250 2394 tilium
284 2350 382 2395 suum
412 2333 560 2411 contulit,
589 2344 625 2398 ut
652 2355 693 2398 ex
723 2336 785 2401 hoo
813 2336 904 2401 fonte
927 2336 1119 2401 hauriamus
1170 2333 1276 2399 teneri
1306 2332 1366 2398 suh
1396 2333 1533 2397 deformi
1562 2332 1776 2415 pudendaque
1804 2332 1974 2396 servitute.
2028 2329 2142 2409 Quan-

143 2433 274 2480 omnee:
298 2415 369 2479 iure
392 2417 424 2481 in
444 2439 518 2481 eum
538 2420 642 2500 primo
661 2421 764 2503 gradu
787 2425 941 2503 competit
962 2418 1118 2504 quidquid
1170 2439 1267 2501 quam
1297 2430 1408 2483 autem
1431 2419 1585 2483 Christus
1613 2418 1781 2501 legitimus
1803 2426 1853 2481 est
1876 2416 1957 2482 coeli
1980 2426 2014 2480 et
2036 2426 2142 2478 terrae

166 2522 204 2564 er
232 2500 341 2583 ipsum
364 2502 458 2567 nobis
482 2505 572 2568 Deus
595 2505 748 2588 largitur:
781 2509 846 2572 imo
871 2508 940 2589 ipse
967 2517 1018 2572 cst
1041 2507 1118 2571 viva
1170 2505 1293 2586 haeres,
1323 2525 1381 2586 per
1410 2526 1506 2585 quem
1535 2514 1729 2586 recuperant
1756 2500 1869 2566 fideles
1898 2500 1982 2582 quod
2006 2501 2085 2581 ipsis
2108 2500 2140 2565 iu

177 2584 209 2649 ei
236 2588 354 2670 imago,
384 2587 425 2652 ad
454 2610 551 2670 quam
581 2612 640 2655 uos
670 2592 839 2657 reformari
861 2602 1003 2675 oportet:
1032 2592 1118 2656 unde
1172 2589 1278 2654 Adam
1308 2589 1452 2655 ablatum
1482 2590 1598 2667 fuerat,
1634 2611 1698 2653 non
1729 2599 1836 2652 tamen
1868 2586 1976 2651 adhue
2006 2604 2041 2648 re
2071 2585 2141 2665 ipsa

143 2669 271 2755 reIIqua
288 2672 399 2737 omnia
417 2673 611 2756 dependent.
637 2674 674 2742 si
692 2680 766 2759 quis
784 2679 936 2761 excipiat,
953 2676 1118 2742 Davidem
1170 2675 1301 2757 plenam
1324 2675 1453 2759 imperii
1476 2677 1527 2739 sui
1551 2675 1785 2755 possessionem
1808 2672 1898 2736 adiit.
1933 2669 2030 2736 Unde
2052 2669 2140 2733 colli·

142 2756 236 2838 prius
265 2776 408 2840 rogasse,
436 2762 591 2842 quidnam
614 2778 663 2826 cst
686 2763 793 2840 homo,
816 2768 892 2847 quia
914 2773 982 2827 tam
1005 2764 1120 2827 libcra-
1170 2761 1219 2844 git
1246 2761 1412 2843 apostolus
1437 2762 1496 2825 hoc
1518 2760 1619 2825 solide
1642 2759 1838 2841 completum
1868 2779 1934 2820 non
1956 2756 2006 2830 iri,
2038 2754 2141 2818 donec

143 2842 222 2906 liter
242 2840 336 2907 Deus
364 2845 398 2908 in
430 2847 549 2910 animal
581 2849 801 2913 contemtibile
824 2860 856 2915 et
878 2850 1001 2914 nullius
1023 2849 1118 2932 pretii
1172 2847 1291 2911 abolita
1327 2868 1415 2911 mors
1445 2846 1554 2910 fuerit.
1609 2846 1664 2911 Sic
1698 2845 1806 2926 itaque
1841 2842 2069 2907 ratiocinatur:
2104 2838 2142 2905 Si

144 2930 291 2992 favorem
321 2949 417 2995 suum
446 2932 572 3014 effudit,
603 2933 700 2997 tulum
733 2958 798 2999 uon
828 2957 898 2999 esse
922 2936 955 2999 in
986 2934 1119 3015 Christo
1172 2932 1306 2996 Christo
1336 2931 1481 2997 subiecta
1509 2940 1588 2995 sunt
1617 2931 1737 3008 omnia,
1771 2928 1854 2993 nihil
1884 2928 1955 2993 cius
1985 2926 2142 2991 membris

143 3012 369 3080 admirationis
390 3036 533 3095 causam,
563 3019 618 3100 qui
643 3042 709 3082 non
740 3042 825 3086 uuus
847 3021 984 3102 quilibet
1005 3030 1055 3084 est
1078 3041 1120 3084 ex
1173 3016 1345 3082 adversum
1369 3038 1440 3081 esse
1463 3017 1569 3081 debet.
1592 3018 1692 3098 Atqui
1716 3013 1865 3079 videmus
1888 3013 2004 3077 mortis
2028 3024 2141 3094 tyran-

143 3098 245 3183 vulgo
272 3099 454 3184 hominum,
483 3102 539 3166 scd
570 3104 761 3187 unigenitus
792 3106 853 3169 Dei
884 3107 988 3172 filius:
1017 3104 1121 3171 facilis
1173 3103 1282 3167 uidem
1325 3102 1432 3168 adhuc
1473 3104 1624 3185 grassari.
1688 3099 1846 3181 Sequitur
1888 3118 1966 3179 crgo
2010 3117 2142 3160 manere

147 3183 268 3248 solutio
291 3198 351 3267 est,
380 3188 466 3269 quod
497 3188 661 3253 humanae
685 3190 809 3256 Christi
839 3203 976 3257 naturae
1006 3191 1119 3255 datum
1172 3210 1262 3271 spem
1285 3188 1429 3252 melioris
1451 3198 1565 3251 status.
1595 3186 1668 3250 Hoc
1691 3198 1802 3251 eutem
1824 3183 1864 3247 ab
1887 3183 1942 3246 illo
1965 3181 2049 3264 quod
2073 3180 2142 3245 dixi

144 3278 207 3346 est,
229 3290 301 3335 esse
322 3275 519 3356 gratuitum:
544 3276 608 3338 imo
630 3276 691 3339 hoc
714 3278 856 3341 maxime
879 3279 1005 3342 illustro
1028 3277 1121 3341 misc·
1173 3273 1331 3356 principio
1350 3282 1473 3348 manat,
1493 3272 1686 3336 naturaliter
1698 3274 1730 3334 iu
1750 3270 1838 3333 hunc
1855 3270 1953 3332 finem
1974 3265 2141 3332 conditum

145 3352 307 3421 ricordiae
329 3357 393 3422 Dei
422 3358 593 3443 speculum
626 3382 705 3440 esse,
735 3362 822 3443 quod
852 3364 1001 3427 mortalis
1023 3360 1121 3424 homo
1171 3381 1241 3424 esse
1275 3357 1444 3435 mundum,
1475 3368 1509 3421 ut
1539 3356 1580 3422 ad
1608 3357 1794 3421 felicitatem
1824 3352 1966 3417 hominis
1994 3358 2142 3432 spectent

144 3450 179 3504 et
208 3441 295 3508 lilius
321 3443 425 3522 Adae,
457 3446 572 3510 unicus
602 3457 650 3510 est
681 3445 743 3510 Dei
772 3448 868 3525 filius,
896 3458 930 3511 et
958 3447 1122 3511 Dominus
1171 3443 1319 3527 singulae
1352 3446 1421 3509 eius
1456 3453 1565 3527 partes
1598 3452 1752 3524 tanquam
1791 3439 1832 3504 ad
1867 3460 1962 3503 suum
1997 3457 2142 3517 scopum.

145 3525 280 3609 glorim,
310 3538 345 3593 ct
373 3531 567 3615 angelorum
597 3543 704 3614 eaput.
750 3533 795 3596 Et
816 3532 914 3596 simul
938 3532 1119 3597 notandum
1171 3531 1228 3595 Sic
1256 3530 1334 3593 alibi
1367 3531 1492 3612 probat,
1527 3550 1640 3594 omncs
1675 3547 1734 3591 nos
1766 3525 1806 3589 ed
1837 3523 1963 3589 Christi
1997 3520 2141 3586 tribunal

144 3620 196 3675 est
225 3614 383 3697 quidquid
412 3617 572 3682 donorum
604 3618 737 3699 accepit,
769 3617 841 3683 ideo
863 3620 969 3700 magis
997 3617 1120 3701 gratui·
1170 3638 1241 3680 csse
1270 3616 1348 3679 olim
1379 3615 1540 3679 sistendos
1562 3614 1677 3677 ultimo
1707 3611 1769 3689 dic,
1796 3611 1871 3692 quia
1900 3608 2059 3705 scriptum
2083 3608 2140 3671 sit:

144 3712 216 3761 tum
253 3703 389 3780 censeri,
426 3704 502 3784 quie
531 3705 636 3786 magis
667 3702 706 3767 ad
738 3726 797 3767 uos
823 3705 975 3786 pertinet.
1028 3704 1119 3785 Ergo
1170 3701 1255 3766 Mihi
1277 3703 1426 3764 flectetur
1455 3720 1550 3765 omne
1581 3720 1675 3778 genu.
1723 3694 1955 3763 Subeudienda
1982 3704 2142 3757 animost

143 3787 347 3865 praestantia
369 3791 439 3853 eius
461 3799 495 3852 et
516 3789 664 3853 coelestis
687 3787 829 3871 dignitas
852 3789 891 3853 ad
917 3810 975 3852 uos
993 3809 1120 3871 quoque
1171 3788 1279 3851 minor
1301 3786 1489 3868 propositio,
1522 3786 1641 3848 multos
1664 3782 1772 3847 adhuc
1805 3780 1943 3862 superbe
1973 3790 2005 3841 ct
2028 3785 2140 3874 contu·

143 3868 348 3951 extenditur,
388 3875 421 3937 in
462 3893 603 3954 quorum
643 3875 783 3957 gratiam
820 3896 857 3938 ea
898 3873 1019 3938 ditatus
1059 3882 1118 3938 est.
1170 3873 1307 3938 maciter
1337 3883 1489 3934 excutere
1518 3870 1631 3950 iugum
1661 3880 1694 3932 et
1715 3867 1849 3931 minime
1873 3864 1912 3927 ad
1942 3863 2142 3945 gcurrflexrc·

143 3952 242 4035 Quod
265 3956 305 4023 de
333 3957 424 4023 brevi
452 3958 631 4024 abiectione
655 3958 771 4023 deiude
795 3967 913 4023 tractat
942 3958 1119 4041 apostolus,
1171 3979 1246 4022 nem
1270 3978 1340 4022 esse
1362 3976 1548 4037 propensos.

145 4059 214 4103 non
236 4051 288 4105 est
309 4044 524 4127 exegeticum‚
548 4045 604 4109 scd
626 4042 699 4108 κατ’
718 4044 945 4130 ἐπεξεργασιαν
964 4045 1004 4109 ud
1023 4066 1118 4109 suum
1632 4122 1637 4135 Ι
1924 4120 1930 4130 .
2011 4119 2017 4129 ‚

144 4125 338 4193 institutum
362 4131 506 4194 deflectit
535 4132 620 4212 quod
644 4132 707 4194 alio
731 4153 829 4195 scnsu
859 4129 981 4196 dictum
1003 4131 1118 4195 fuerat.
1256 4129 1286 4193 8.
1320 4126 1398 4191 Oves
1421 4130 1448 4188 et
1470 4124 1559 4188 hocca
1579 4142 1753 4205 untoersoa,
1775 4126 1868 4201 atquc
1890 4122 1983 4182 cltum
2001 4122 2143 4214 tttmrmto

144 4208 260 4294 Neque
293 4216 381 4279 enim
415 4215 580 4281 dubitavit
613 4216 737 4280 Paulus
777 4217 873 4280 Rom.
909 4216 960 4294 10,
994 4218 1014 4281 6
1059 4216 1120 4280 hoc
1170 4214 1314 4299 apres-'ia
1355 4212 1384 4276 9.
1416 4210 1564 4276 Volucrea
1585 4209 1735 4273 coelorum
1757 4210 1785 4270 et
1800 4207 1906 4285 piscia
1922 4223 2032 4277 rioms,
2062 4201 2144 4301 quod

145 4295 243 4360 modo
264 4319 323 4381 per
352 4302 634 4384 amplificationem
659 4321 777 4365 ornare
800 4303 903 4367 Motis
926 4302 1033 4377 verba,
1064 4302 1120 4364 ubi
1165 4298 1366 4382 perambulat
1400 4298 1529 4360 semitas
1566 4295 1714 4357 morium.
1774 4291 1823 4355 10.
1858 4290 1974 4387 Icleouo
2008 4287 2144 4354 Dormire

147 4380 242 4447 dicit:
272 4383 358 4465 Quis
380 4387 536 4451 ascendet
565 4388 597 4449 in
622 4387 756 4461 coelum,
787 4398 846 4452 etc.
869 4386 968 4452 Deut.
992 4388 1044 4461 30,
1070 4387 1119 4451 12.
1171 4392 1282 4463 mater,
1306 4404 1400 4464 qrtom
1418 4380 1604 4445 admirabile
1620 4384 1664 4443 cst
1681 4398 1792 4441 comeo
1809 4382 1896 4439 tuem
1917 4395 1951 4437 ιιι
1968 4379 2029 4437 tolo
2047 4379 2142 4436 torric.

146 4465 224 4531 Non
253 4490 333 4556 ergo
362 4483 491 4537 tentum
521 4474 682 4554 spectavit
710 4473 875 4553 apostolus
904 4473 981 4554 quid
1013 4471 1123 4537 Duvid
1279 4522 1284 4529 .
1948 4546 1953 4558 ¹

147 4555 313 4634 sensisset,
343 4579 458 4623 verum
489 4559 528 4621 ad
559 4579 677 4621 nomen
705 4558 925 4622 disputationis
952 4563 979 4622 ct
999 4559 1121 4624 decoris
1258 4552 1412 4619 Nondum
1433 4552 1563 4634 ponitus
1580 4550 1687 4615 soluta
1709 4547 1841 4612 videtur
1864 4562 2011 4626 proxima
2028 4560 2142 4622 quaes-

147 4636 310 4723 alludena,
338 4643 429 4708 illam
461 4646 493 4707 iu
517 4658 620 4707 morte
643 4642 778 4717 Christi,
812 4644 872 4706 hoc
894 4643 928 4706 in
959 4664 1122 4707 resurrec·
1172 4642 1228 4721 tio,
1251 4661 1329 4705 nam
1352 4641 1380 4704 si
1402 4639 1584 4721 expositive
1607 4642 1719 4699 narrat
1741 4633 1794 4698 hic
1811 4626 2144 4729 prophetatquomodo

147 4725 237 4789 ιιοιιο
259 4731 439 4793 constituit.
484 4728 608 4794 Eodem
640 4730 707 4791 fero
737 4729 862 4792 accedit
883 4729 1042 4811 expositio
1064 4728 1121 4792 illa
1172 4727 1264 4790 Dens
1296 4727 1406 4788 omnia
1440 4724 1533 4787 nobis
1566 4721 1749 4797 subiacent,
1789 4718 1865 4779 talis
1905 4715 2062 4811 subrectio
2102 4709 2143 4772 ad

146 4808 254 4891 Pauli,
307 4815 348 4877 ed
373 4814 555 4898 ¹Ephesios
598 4815 702 4896 capite
752 4812 782 4892 4,
827 4815 857 4879 8.
902 4835 968 4895 qua
1013 4812 1128 4879 locum'
1172 4820 1376 4894 praesentem
1401 4821 1549 4873 terrenae
1571 4809 1660 4871 vitae
1684 4824 1778 4869 usum
1807 4802 2025 4879 restringitur.
2052 4795 2144 4892 'Re-

146 4894 275 4963 Pealmi
300 4900 352 4977 68,
384 4900 425 4965 19
461 4923 524 4963 uon
559 4912 627 4962 tam
656 4899 903 4980 interpretatur,
940 4918 1036 4981 quam
1067 4901 1122 4981 pia
1172 4896 1315 4979 spondeo
1350 4893 1543 4977 prophetam
1573 4893 1626 4956 hic
1660 4912 1724 4955 non
1749 4888 1860 4951 omnia
1891 4882 2070 4981 compleotl,
2104 4878 2145 4945 de

147 4979 329 5050 deflexione
352 4985 392 5049 ad
417 4986 541 5051 Christi
564 5006 735 5067 personam
760 4985 992 5049 accommodat.
1173 4981 1289 5065 quibus
1318 4981 1471 5063 loquutus
1498 4988 1584 5042 erat:
1616 4975 1672 5042 scd
1695 4972 1883 5053 exemplum
1905 4989 1939 5031 m
1962 4977 2055 5050 perte
2078 4986 2147 5064 uua

235 5071 267 5135 I.
300 5070 484 5157 (Profeciati
515 5069 609 5155 eom.)
649 5070 718 5132 Iam
754 5070 793 5132 ad
828 5070 1006 5135 secundum
1041 5069 1121 5134 illud
1174 5068 1337 5131 duntaxat
1371 5065 1421 5130 vel
1457 5065 1564 5146 specic
1598 5063 1750 5144 proferre,
1790 5060 1855 5120 lmo
1896 5073 1966 5115 cam
2002 5072 2146 5151 mamma

148 5158 235 5237 quod
267 5177 372 5239 nuper
405 5158 510 5240 attigi,
541 5169 639 5237 caput
667 5154 854 5221 descendit:
893 5154 969 5219 hinc
1000 5156 1123 5220 scilicet
1174 5166 1300 5235 partem
1324 5151 1433 5235 elegit,
1463 5171 1544 5231 quae
1568 5147 1702 5211 rudibus
1725 5162 1850 5225 quoque
1872 5150 1905 5202 ct
1927 5159 2044 5236 crassis
2067 5152 2146 5201 satis

146 5256 298 5311 constare
327 5254 449 5325 quanto
479 5263 589 5307 amore
618 5241 806 5323 complexus
828 5240 926 5304 fucrit
951 5241 1041 5304 Deus
1065 5241 1121 5304 ho·
1173 5239 1346 5319 conspicua
1377 5248 1436 5301 cst.
1483 5235 1585 5299 Nemo
1613 5233 1699 5295 cuim
1731 5239 1798 5291 tam
1829 5224 1938 5289 hebetr
1968 5223 2021 5287 vcl
2052 5222 2145 5286 turdo
