4658 5856
2158 340 2221 406 312

239 358 302 422 311
1043 349 1259 418 Psanites
1280 349 1415 416 XXXI.

241 545 408 610 extollitur
443 542 668 626 providentiae
700 543 764 607 Dei
798 541 911 616 virtus,
947 537 1033 622 quod
1063 539 1133 604 sola
1165 538 1205 603 ad
1257 541 1325 606 dixi
1344 541 1379 604 in
1408 540 1674 623 praecipitatione
1697 557 1777 614 mea,
1808 535 1913 602 omnis
1942 536 2038 601 homo
2069 532 2220 598 mendax.

242 651 337 696 omne
376 629 537 695 malorum
578 650 680 713 genus
719 624 942 709 repellendum
982 626 1129 702 sufficiat,
1170 643 1207 688 ac
1259 626 1345 710 Scio,
1379 639 1448 710 mn
1482 647 1502 690 a
1534 624 1727 708 quibusdam
1760 623 1878 705 exponi
1911 643 1969 706 pro
2001 622 2088 704 fuga,
2130 619 2221 701 quasi

241 717 342 782 radiis
364 716 432 781 suis
455 715 654 798 perstringat
676 713 895 795 improborum
918 711 1064 775 omnium
1087 709 1207 786 oculos,
1257 712 1367 776 David
1387 721 1523 777 mortem
1542 712 1695 794 fugitans,
1719 719 1889 791 propterea
1910 706 1993 790 quod
2012 708 2120 788 impar
2137 716 2223 768 esset

241 821 421 882 manusque
454 811 597 865 enervet.
651 797 854 879 Quibusdam
892 795 1038 860 alludere
1078 795 1208 860 videtur
1258 796 1298 861 ad
1321 798 1549 876 resistendum,
1579 797 1640 861 hoc
1670 814 1791 878 pavore
1812 793 1910 857 fuerit
1931 792 2108 877 perculsus.
2154 789 2222 854 Sed

242 887 403 973 propheta
436 887 475 949 ad
509 887 747 950 sanctuarium:
782 881 867 966 quod
900 883 962 946 etsi
992 903 1057 946 non
1086 881 1207 956 reiicic,
1259 905 1318 966 ego
1340 883 1381 947 ad
1404 884 1506 948 animi
1527 881 1802 965 perturbationem
1825 879 1930 964 magis
1949 880 2063 943 refero.
2107 875 2224 957 Itaque

242 993 310 1036 non
345 973 423 1036 satis
458 981 567 1035 tamen
601 970 738 1034 solidum
772 968 922 1033 arbitror.
979 968 1069 1032 Dicit
1100 975 1207 1030 autem
1259 971 1330 1033 sive
1351 970 1590 1035 festinationem
1614 976 1733 1046 vertas,
1757 966 1828 1030 sive
1849 964 1912 1029 alic
1929 964 2033 1044 modo,
2054 961 2224 1043 intelligit,

243 1058 397 1123 abscondi
420 1056 530 1121 fideles
552 1078 572 1120 a
593 1056 753 1138 superbiis
776 1053 839 1118 viri
862 1066 895 1118 et
912 1052 994 1117 rixis
1011 1052 1208 1136 linguarum,
1260 1076 1294 1119 se
1316 1055 1408 1136 quasi
1427 1056 1634 1137 praecipitem
1656 1053 1755 1118 fuisse
1773 1051 1953 1134 abreptum,
1976 1058 2014 1114 ut
2034 1069 2069 1114 se
2091 1056 2225 1131 putaret

243 1145 319 1227 quia
348 1142 411 1207 nisi
440 1150 621 1223 compescat
650 1140 742 1206 Deus
772 1138 933 1222 reprobos,
962 1138 1084 1214 scimus
1112 1156 1210 1218 quam
1260 1161 1280 1204 a
1308 1140 1379 1205 Dec
1413 1141 1544 1224 negligi.
1594 1138 1783 1223 Oppcnitur
1815 1147 1925 1201 antem
1954 1135 2033 1199 baec
2059 1133 2225 1199 festinatio

243 1228 365 1294 furioso
389 1231 513 1309 impetu
535 1237 648 1291 contra
670 1227 770 1290 bonos
799 1235 831 1290 et
852 1221 1016 1306 simplices
1037 1223 1153 1288 efferre
1175 1242 1209 1286 se
1261 1225 1380 1291 rationi
1402 1226 1530 1291 sedatae
1552 1234 1584 1289 et
1611 1223 1824 1307 compositae:
1852 1223 1929 1304 quia
1954 1220 2016 1286 etsi
2037 1229 2126 1285 metu
2149 1238 2225 1300 per-

243 1314 399 1378 audcant:
432 1311 488 1377 scd
522 1310 698 1393 quamlibet
721 1311 871 1374 effraenis
903 1311 946 1373 sit
968 1329 1080 1372 eorum
1111 1305 1209 1371 libido
1261 1311 1370 1377 culeus
1393 1312 1455 1376 fuit
1476 1311 1596 1394 David,
1626 1330 1690 1375 non
1713 1318 1822 1372 tamen
1845 1307 2026 1389 succubuit,
2047 1326 2085 1370 ac
2106 1305 2135 1369 si
2157 1306 2227 1368 fixa

244 1409 277 1464 et
299 1398 480 1480 insolentia,
511 1397 651 1479 nequid
675 1407 785 1460 tamen
808 1395 903 1460 bonis
925 1403 1048 1470 noceat,
1078 1393 1210 1457 mirabi-

243 1485 317 1549 liter
340 1482 430 1548 Deus
453 1504 494 1545 cx
517 1482 642 1566 fulgore
673 1481 843 1564 adspectus
866 1480 916 1544 sui
941 1480 1091 1544 umbram
1112 1497 1210 1560 oppo-

245 1570 302 1634 nit.
348 1568 417 1633 Alii
438 1580 576 1653 Diogen
599 1580 731 1631 vertunt
753 1565 1021 1649 conspirationes,
1051 1564 1107 1628 alii
1129 1584 1207 1645 pra·

244 1655 380 1718 vitatos:
411 1655 468 1718 sed
491 1654 583 1718 nulla
605 1654 741 1732 ratione,
763 1672 822 1716 nec
845 1671 921 1715 vero
944 1648 1118 1733 respondet
1140 1661 1211 1732 ety-

243 1739 402 1823 mologia:
442 1740 518 1822 quia
557 1760 622 1802 non
662 1739 702 1803 ab
742 1736 899 1802 elevando
939 1735 1113 1800 deductum
1151 1745 1210 1799 est.

244 1824 424 1908 Superbiae
454 1823 585 1888 additur
613 1823 778 1889 contentio
812 1822 1014 1904 linguarum:
1045 1821 1121 1903 quia
1150 1821 1211 1884 atsi

244 1911 308 1975 Dei
336 1910 412 1974 filiis
434 1909 609 1975 metuenda
638 1911 683 1974 sit
704 1909 844 1972 hostium
868 1904 1052 1985 crudelitas,
1081 1917 1212 1988 superat

245 2008 353 2060 tamen
387 1996 552 2060 virulenta
589 2016 700 2060 eorum
738 1993 979 2059 maledicentia:
1017 1989 1100 2074 quod
1138 1990 1212 2072 plus

245 2082 323 2145 satis
364 2091 519 2163 expertus
557 2090 608 2144 est
646 2079 765 2144 David.
821 2078 930 2159 Quum
970 2086 1079 2142 autem
1118 2076 1212 2140 nobis

246 2167 362 2230 merito
402 2167 505 2231 carior
543 2164 659 2230 debeat
698 2186 768 2230 esse
808 2164 982 2246 integritas
1015 2182 1111 2245 quam
1146 2162 1213 2225 vita

247 2264 367 2329 nostra,
397 2251 557 2316 discamus
587 2252 633 2316 sic
655 2251 812 2315 iustitiam
842 2250 956 2327 colere,
986 2257 1023 2312 ut
1052 2246 1127 2312 freti
1148 2246 1212 2311 Dei

246 2337 435 2420 patrocinic,
487 2337 584 2401 falsas
626 2357 738 2400 omnes
781 2335 958 2400 calumnias
1002 2351 1211 2417 spernamus:

246 2443 437 2505 semperque
459 2422 550 2486 nobis
577 2422 611 2484 in
635 2433 777 2485 mentem
800 2421 918 2498 veniat,
951 2420 1013 2485 hoc
1042 2419 1212 2501 proprium

246 2528 317 2572 esse
338 2507 402 2571 Dei
425 2528 553 2579 munus,
584 2527 661 2572 suos
688 2509 729 2571 ab
759 2507 887 2571 iniustis
910 2505 1037 2586 probris
1059 2524 1211 2568 asserere.

331 2594 383 2657 21.
406 2591 606 2677 (Benedictus
628 2590 766 2676 Iedoua.)
799 2590 979 2656 Generales
1001 2610 1081 2671 quas
1103 2589 1212 2670 posuit

246 2679 436 2756 sententias,
464 2679 618 2760 privatim
647 2676 688 2740 ad
710 2698 745 2741 se
767 2674 997 2748 accommodat,
1026 2695 1063 2738 ac
1085 2673 1213 2757 praedi·

247 2775 309 2842 eat,
339 2763 373 2826 in
402 2763 594 2827 liberatione
622 2762 709 2826 vitae
738 2781 815 2826 suae
837 2762 1006 2825 mirificam
1029 2759 1129 2825 fuisse
1149 2758 1213 2822 Dei

246 2848 436 2913 bonitatem.
480 2846 566 2927 Quia
595 2867 672 2911 vero
694 2845 734 2911 de
761 2846 882 2911 auxilio
903 2846 1048 2927 loquitur
1069 2843 1157 2928 quod
1178 2845 1213 2908 in

248 2933 345 2997 rebus
375 2934 518 2997 confusis
540 2944 572 2996 et
599 2931 745 3014 perditis.
762 2944 896 3014 repente
918 2943 950 2994 et
972 2939 1100 3012 praeter
1121 2949 1214 3012 spem

248 3017 382 3083 allatum
405 3029 483 3095 erat,
511 3028 598 3083 recte
620 3018 767 3081 sentiunt
785 3018 989 3099 interpretes,
1017 3017 1072 3099 qui
1094 3016 1213 3081 subau-

248 3104 344 3168 diunt
373 3101 595 3167 similitudinis
617 3113 743 3167 notam:
776 3101 879 3182 Quasi
907 3103 941 3166 in
973 3102 1053 3167 urbe
1075 3100 1214 3181 munita,

249 3210 323 3254 nam
346 3209 447 3272 quum
469 3187 509 3253 ad
532 3209 645 3253 omnes
672 3190 755 3253 ictus
777 3197 902 3270 pateret
925 3187 1042 3263 David,
1070 3186 1214 3252 iniuriis·

247 3296 311 3359 que
344 3273 495 3338 omuibus
523 3276 688 3358 expositus
717 3274 809 3351 foret,
839 3274 901 3338 sibi
927 3273 961 3337 in
984 3273 1045 3340 hac
1067 3271 1215 3338 nuditate

248 3372 281 3423 et
310 3360 417 3441 inopia
446 3359 549 3441 pluris
578 3360 676 3425 fuisse
700 3360 761 3423 Dei
790 3359 949 3423 auxilium
977 3359 1088 3441 iactat,
1117 3378 1216 3441 quam

249 3446 366 3591 nubent,
395 3445 476 3509 bene
510 3446 683 3522 munitam,
721 3444 774 3509 vel
808 3443 1063 3527 inexpugnabile
1095 3465 1215 3528 propu-

249 3550 353 3613 gnacu
369 3550 433 3593 um.

336 3734 388 3798 22.
411 3732 482 3816 Ego
509 3739 611 3798 numm
637 3733 782 3798 diaetam
808 3733 845 3796 ia
869 3732 1072 3813 trepidatione
1098 3732 1216 3816 meost)

250 3822 414 3889 Proiectae
440 3840 510 3884 sum
533 3841 553 3884 a
579 3822 739 3898 conspeetu
764 3817 923 3882 oculorum
952 3822 1084 3896 tamum,
1112 3819 1219 3899 atique

250 3915 352 3973 tamen
380 3905 540 3970 exaudisti
561 3925 663 3968 vocem
691 3903 940 3984 deprecationum
966 3922 1115 3981 mearum,
1143 3903 1218 3967 dum

251 3991 384 4060 emmoni
406 3991 448 4054 ud
468 3995 503 4055 te.
535 3990 586 4055 23.
611 3988 743 4070 Ditipite
764 3988 918 4065 Iebevam,
941 4007 1045 4053 omnes
1063 3988 1219 4053 monetati

253 4080 338 4143 eiua:
375 4076 480 4156 fideles
512 4076 643 4140 custodit
675 4074 799 4151 Ieltoea,
833 4080 859 4139 et
881 4075 1020 4154 rependit
1040 4072 1217 4157 abundeif)

253 4159 699 4314 :tttbtttttlatt
715 4158 932 4325 idat:
952 4159 1219 4310 „mea

340 4470 391 4533 22.
410 4466 469 4552 (Et
488 4486 540 4548 eqo
562 4466 655 4551 dici.)
690 4466 828 4530 Fatetur
850 4464 911 4529 hcc
932 4485 1030 4529 ‘uersu
1052 4464 1162 4529 David
1185 4487 1220 4530 se

256 4553 439 4619 diffidentia
471 4572 529 4615 sua
562 4552 774 4631 promeritum
808 4550 908 4615 fuisse
941 4559 977 4614 ut
1010 4550 1156 4616 desertus
1189 4559 1222 4616 et

255 4641 399 4707 abiectus
422 4636 522 4701 aDeo
545 4635 674 4718 periret.
707 4637 905 4701 Probrosum
922 4635 983 4702 hoc
1000 4636 1129 4718 quidem
1152 4643 1221 4699 erat

256 4749 364 4793 coram
405 4721 609 4789 bominibus:
651 4719 707 4784 sed
740 4741 803 4802 quo
836 4720 951 4786 melius
984 4721 1127 4787 illustret
1160 4720 1222 4785 Dei

256 4813 407 4896 gratiam,
431 4830 495 4872 non
519 4806 645 4870 dubitat
663 4805 734 4870 vitii
752 4807 802 4869 aui
825 4803 964 4872 dedecus
981 4806 1086 4889 palam
1108 4806 1222 4870 facere.

257 4898 406 4962 Eandem
429 4894 498 4958 fere
520 4890 755 4958 confessionem
779 4900 901 4973 repetet
924 4891 1010 4955 Psal.
1035 4891 1106 4958 116.
1150 4892 1221 4974 Ego

345 5135 373 5202 ¹')
396 5152 429 5186 en
448 5151 511 5187 mon
534 5131 734 5198 tremblemcnt,
768 5143 802 5181 en
825 5142 932 5195 marga:
961 5144 995 5181 ou
1025 5128 1223 5197 perturbaticn,

259 5219 295 5257 ou
311 5202 452 5258 bastivete.

329 5272 375 5340 ·*)
391 5270 607 5334 abondamment,
625 5281 660 5322 cn
676 5279 784 5334 marce:
801 5280 845 5327 on,
863 5281 913 5332 par
931 5264 1089 5318 excellence.

1260 1397 1293 1460 in
1328 1397 1399 1462 eius
1432 1409 1540 1462 mente
1579 1397 1721 1462 stetisset
1750 1395 1829 1458 haec
1862 1392 2039 1475 persuasio.
2094 1389 2228 1455 Scimus

1262 1483 1357 1558 enim,
1381 1504 1477 1565 saepe
1500 1481 1676 1548 terroribus
1698 1479 1870 1562 inquietari
1892 1478 2016 1557 fideles,
2046 1486 2079 1542 et
2100 1477 2228 1541 fervore

1262 1568 1493 1650 impatientiae,
1516 1568 1569 1634 vel
1586 1567 1724 1632 nimium
1741 1564 1899 1630 celeribus
1918 1565 1999 1628 votis
2023 1563 2117 1645 quasi
2137 1580 2227 1643 prae-

1261 1655 1375 1736 cipites
1395 1654 1535 1737 impelli:
1558 1654 1615 1719 sed
1637 1663 1749 1735 postea
1769 1649 1873 1714 redire
1892 1648 1933 1714 ad
1951 1670 1985 1714 se
2003 1650 2100 1733 ipsos·
2131 1645 2228 1726 Quod

1262 1750 1369 1804 autem
1412 1741 1471 1804 hac
1515 1740 1694 1805 tentatione
1737 1756 1906 1818 nunquam
1949 1755 2086 1800 excussa
2129 1732 2230 1796 fucrit

1263 1824 1384 1890 Davidi
1414 1825 1503 1902 fides,
1536 1847 1578 1889 ex
1607 1831 1761 1890 contextu
1792 1830 1896 1905 patet:
1927 1823 2004 1903 quia
2031 1839 2108 1884 mox
2139 1816 2230 1882 addit

1262 1909 1430 1976 exauditas
1454 1912 1552 1975 fuisse
1574 1931 1650 1976 suas
1672 1929 1793 1991 preces.
1835 1908 1935 1989 Atqui
1969 1905 2133 1971 exstincta
2164 1902 2231 1967 fide

1263 1997 1384 2062 serium
1426 1995 1580 2079 precandi
1620 1997 1772 2060 affectum
1812 1993 1985 2074 concipere
2018 2011 2080 2056 non
2115 1989 2229 2070 potuit,

1263 2103 1362 2164 quare
1386 2083 1438 2147 bic
1462 2082 1678 2147 festinationis
1700 2088 1828 2144 tantum
1851 2079 1960 2159 lapsus
1982 2078 2053 2141 fuit.
2082 2073 2178 2156 Quod
2202 2075 2229 2138 si

1262 2178 1410 2232 sanctum
1429 2169 1492 2232 Dei
1511 2168 1708 2250 prophetam,
1743 2174 1896 2245 tantaque
1916 2163 2109 2245 praestantia
2131 2180 2229 2225 orna·

1264 2262 1333 2318 tum
1365 2254 1401 2318 in
1441 2254 1698 2335 desperationem
1735 2271 1851 2333 rapere
1884 2249 1990 2332 potnit
2019 2257 2231 2331 praepostera

1264 2340 1468 2424 cogitationis
1490 2338 1672 2404 festinatio:
1703 2346 1901 2419 quantopere
1930 2334 2024 2399 nobis
2045 2331 2229 2399 timendum

1264 2435 1313 2490 est
1341 2448 1383 2489 ne
1412 2425 1537 2489 exitiali
1559 2425 1655 2489 ruina
1678 2423 1777 2486 animi
1809 2421 1900 2485 nobis
1928 2416 2119 2486 concidant?
2153 2417 2232 2480 Etsi

1264 2521 1372 2575 autem
1396 2509 1436 2573 ad
1458 2508 1720 2592 amplificandam
1743 2508 1805 2572 Dei
1828 2507 1966 2588 gratiam
1986 2505 2127 2587 pertinet
2148 2501 2233 2564 baec

1265 2596 1435 2673 confessio,
1457 2607 1493 2660 ut
1511 2596 1671 2659 diximus:
1694 2592 1833 2659 secundo
1853 2600 1962 2656 tamur
1985 2587 2130 2654 membro
2151 2587 2233 2651 satis

1265 2679 1466 2746 demonstrat
1488 2679 1607 2757 David,
1637 2679 1734 2744 fidem
1764 2699 1866 2755 suam,
1895 2677 2045 2759 quamvis
2072 2693 2232 2739 concussa

1265 2767 1372 2844 fuerit,
1406 2786 1470 2832 uon
1503 2768 1601 2831 fuisse
1632 2772 1742 2830 tamen
1771 2763 1927 2828 radicitus
1956 2761 2121 2827 evulsam:
2155 2758 2233 2841 quia

1266 2852 1392 2936 precari
1419 2855 1545 2918 interea
1573 2872 1638 2916 non
1669 2850 1801 2914 destitit.
1847 2852 1896 2913 Ac
1922 2868 2017 2929 saepe
2046 2846 2109 2910 boc
2136 2843 2235 2908 modo

1265 2939 1432 3004 luctantur
1453 2939 1557 3003 sancti
1579 2958 1653 3003 eum
1675 2936 1807 3018 propria
1833 2932 2022 3010 diffidentia,
2051 2940 2091 2996 ut
2112 2929 2232 3012 partim

1266 3025 1440 3102 labascent,
1471 3023 1590 3106 partim
1619 3023 1744 3086 animos
1765 3041 1841 3085 suos
1863 3019 2018 3104 colligunt
2039 3026 2071 3082 et
2092 3015 2233 3081 efferant

1265 3109 1306 3176 ad
1328 3109 1537 3193 precandum.
1580 3108 1649 3173 Nec
1680 3107 1785 3172 obstat
1814 3107 1922 3171 carnis
1951 3104 2126 3169 infirmitas
2154 3121 2234 3183 quo·

1266 3198 1385 3276 minua,
1414 3197 1512 3260 etiam
1534 3195 1602 3260 fere
1625 3192 1748 3273 deiecti,
1782 3191 1960 3256 indefessos
1989 3191 2059 3254 Deo
2089 3186 2235 3251 athletas

1266 3303 1301 3347 se
1329 3281 1514 3365 praebeant.
1558 3279 1754 3361 Quanquam
1784 3289 1893 3342 autem
1918 3274 2090 3341 tentationi
2120 3269 2235 3335 David

1266 3379 1398 3434 strenue
1426 3375 1677 3451 repugnaverat,
1716 3384 1751 3428 se
1784 3371 1894 3428 tamen
1930 3359 2100 3443 indignum
2131 3357 2236 3420 fuisse

1267 3454 1414 3537 agnoscit
1437 3453 1499 3517 Dei
1522 3452 1637 3537 gratia,
1659 3470 1755 3533 quam
1779 3469 1836 3512 sua
1859 3446 2059 3512 dubitatione
2075 3440 2236 3526 quedam-

1267 3540 1361 3605 modo
1384 3539 1523 3604 arcebat.
1553 3538 1636 3602 Nam
1662 3534 1821 3618 particula
1856 3546 1920 3618 2⁸,
1944 3532 2005 3597 hoc
2026 3530 2095 3595 loco
2116 3526 2236 3591 adver·

1267 3625 1369 3689 sative
1399 3624 1540 3705 capitur:
1573 3620 1657 3703 quod
1685 3621 1808 3686 scilicet
1836 3544 1966 3703 draeter
1995 3616 2150 3681 meritum
2174 3611 2235 3676 sal-

1267 3719 1366 3775 vatus
1405 3709 1502 3774 fuerit
1542 3705 1662 3786 David,
1701 3709 1778 3788 quia
1817 3726 1892 3771 cnm
1933 3704 2003 3769 eins
2042 3698 2237 3764 infidelitate

1267 3794 1406 3861 certavit
1435 3795 1596 3858 immensa
1623 3790 1687 3855 Dei
1719 3791 1856 3857 bonitas.
1901 3789 1989 3869 Quia
2018 3794 2129 3851 tamen
2159 3792 2237 3846 nota

1268 3889 1319 3944 est
1347 3878 1575 3944 affirmationis
1605 3876 1691 3959 apud
1722 3877 1901 3954 Hebraeos,
1929 3873 2051 3958 placuit
2081 3868 2236 3934 reddere:

1268 3964 1391 4049 Utique
1420 3975 1538 4028 tamen.
1582 3962 1650 4027 Nec
1680 3983 1757 4027 vero
1784 3962 1893 4027 dubito
1923 3965 1999 4061 quin
2030 3956 2132 4021 variis
2162 3973 2236 4017 eam

1269 4048 1498 4116 tentationibus
1536 4057 1685 4130 opponat,
1725 4048 1842 4129 quibus
1883 4067 2027 4113 animum
2066 4042 2139 4106 eius
2171 4039 2238 4104 huc

1269 4137 1345 4201 illuc
1367 4135 1543 4217 impulsum
1565 4133 1664 4198 fuisse
1687 4132 1838 4198 credibile
1860 4144 1917 4198 est.

1354 4221 1405 4286 23.
1429 4219 1574 4304 (Diligite
1596 4217 1766 4304 ledonem.)
1809 4219 1883 4282 Nou
1906 4218 2054 4282 hortatur
2077 4211 2140 4290 bic,
2163 4231 2238 4275 meo

1269 4309 1398 4383 iudicio,
1428 4309 1497 4389 pios
1519 4304 1558 4368 ad
1580 4303 1643 4367 Dei
1666 4304 1815 4368 timorem
1838 4315 1870 4368 et
1893 4300 2123 4371 reverentiam,
2147 4297 2239 4394 ,sicut

1271 4395 1367 4461 multi
1390 4392 1522 4457 volunt:
1551 4389 1608 4452 sed
1638 4399 1764 4454 tantum
1787 4410 1841 4454 ecs
1864 4388 1904 4454 ad
1926 4388 2079 4454 fiduciam
2100 4395 2240 4457 anlmat,

1271 4501 1308 4546 ac
1347 4484 1375 4544 si
1415 4475 1542 4541 inheret
1575 4494 1707 4557 prorsus
1748 4474 1893 4541 addictos
1933 4496 2003 4540 ease
2036 4474 2117 4547 Dec,
2161 4492 2239 4555 spes

1271 4586 1383 4630 omnes
1415 4582 1491 4627 suas
1524 4559 1558 4621 in
1592 4579 1665 4622 eum
1700 4560 1867 4636 coniicere,
1902 4569 1935 4625 et
1967 4563 2000 4624 in
2034 4579 2072 4622 eo
2104 4557 2239 4639 penitus

1272 4651 1484 4733 acquiescere,
1507 4666 1548 4708 ne
1571 4643 1634 4709 alio
1652 4644 1807 4711 ferantur.
1830 4646 1926 4712 Unde
1948 4646 2035 4709 enim
2058 4645 2095 4708 fit
2117 4653 2155 4706 ut
2176 4661 2239 4705 nos

1272 4736 1433 4801 oblectent
1455 4739 1564 4795 nostra
1584 4730 1748 4811 figmenta,
1771 4731 1833 4796 nisi
1857 4731 1933 4814 quia
1951 4751 2016 4795 non
2034 4728 2119 4811 sapit
2141 4727 2237 4791 nobis

1274 4820 1373 4898 Deus,
1407 4825 1442 4882 ut
1474 4836 1534 4898 par
1566 4827 1652 4892 erat,
1687 4837 1745 4879 nec
1778 4818 1807 4880 ei
1841 4838 1954 4881 sensus
1987 4836 2098 4882 omnes
2133 4813 2237 4877 nostri

1272 4902 1474 4970 adbaerent?
1505 4921 1604 4983 quare
1634 4900 1763 4966 dilectio
1796 4901 1876 4967 haec
1906 4910 2057 4967 votorum
2087 4898 2238 4963 omnium

1273 5008 1432 5054 summam
1456 4987 1488 5051 in
1511 5007 1545 5052 sa
1567 4986 1719 5051 continet.
1762 4987 1963 5052 Naturaliter
1985 4987 2067 5051 bene
2089 4993 2123 5049 et
2144 4985 2238 5050 beate

1272 5074 1335 5141 sibi
1357 5093 1427 5140 esse
1450 5073 1584 5154 cupiunt
1605 5092 1733 5135 omnes:
1764 5071 1821 5136 sed
1843 5073 1919 5137 dum
1942 5074 2045 5137 maior
2067 5090 2145 5152 pars
2166 5069 2240 5135 ille·

1273 5159 1377 5225 cebris
1399 5158 1512 5223 mundi
1535 5166 1628 5238 capta
1650 5154 1818 5222 mendacia
1840 5166 1873 5221 et
1900 5160 2098 5241 imposturas
2121 5155 2239 5238 diligit,

1275 5245 1330 5309 vix
1352 5243 1547 5308 centesimus
1568 5243 1703 5323 quisque
1724 5252 1867 5308 mentem
1889 5242 1929 5308 ad
1953 5243 2061 5308 Deum
2083 5243 2241 5325 applicat.
