4658 5856
160 335 222 401 601
995 331 1214 399 PSALMUS
1237 331 1345 397 LXV.
2113 332 2177 398 602

165 525 285 607 ligere,
318 523 394 606 quia
422 523 573 605 superbia
603 522 771 588 excaecati
800 522 954 587 audacter
985 530 1019 584 et
1044 521 1145 587 licen·
1198 538 1311 584 eorum
1345 519 1452 600 capita
1484 524 1674 600 retorqueat
1703 515 1796 583 Deus
1827 518 1986 600 quidquid
2016 543 2178 589 noxarum

165 612 249 678 tiose
278 620 381 674 ruunt
410 627 601 692 quocunque
631 607 776 690 impellit
805 606 922 672 libido:
954 608 1033 688 quia
1055 607 1147 671 nulla
1199 605 1291 670 bonis
1320 613 1354 668 et
1383 603 1591 686 simplicibus
1620 604 1795 668 intentant.
1840 605 1915 669 Etsi
1945 615 2053 671 autem
2081 608 2179 676 huius

167 717 223 763 eos
241 693 305 758 Dei
328 695 523 769 reverentia,
546 691 662 758 nullus
684 693 855 758 hominum
877 692 984 776 pudor
1007 692 1146 757 cohibet.

168 782 326 849 Proximo
363 801 461 845 versu
501 780 637 863 gravius
677 778 825 861 exagitat
855 799 971 843 eorum
1005 776 1146 842 fraudes.

167 866 261 932 Dicit
281 867 383 949 igitur
404 886 518 930 omnes
541 863 679 929 nocendi
702 875 789 929 artes
812 864 913 930 luisse
930 872 1149 947 percantatos,

168 967 207 1019 ut
230 951 314 1015 nihil
332 951 372 1016 ad
389 963 542 1016 exactum
560 949 758 1016 scrutinium
777 951 957 1014 omiserint.
994 948 1149 1014 Suetonii

169 1057 248 1104 vero
277 1037 412 1102 nomine
440 1036 598 1119 intelligit
629 1033 771 1100 occultas
799 1034 938 1100 nocendi
961 1045 1079 1100 artesss
1103 1035 1148 1097 llt

169 1123 261 1189 addit
289 1122 374 1187 altos
403 1142 474 1187 esse
503 1141 652 1186 recessus
680 1119 825 1185 malitiae
853 1122 1009 1203 ipsorum.
1061 1119 1146 1185 Nam

170 1229 230 1293 per
259 1226 312 1272 cor
329 1207 527 1291 profundam
548 1211 576 1271 a
593 1205 773 1287 penetratio
794 1205 846 1270 vel
868 1206 1004 1270 intimas
1026 1213 1146 1287 partes,

171 1294 224 1360 vel
246 1292 390 1358 latebras
410 1291 576 1372 intelligit,
605 1289 722 1372 quibus
743 1289 882 1374 improbi
905 1312 940 1357 se
962 1291 1146 1355 involvunt.

171 1378 316 1460 Quidam
339 1399 459 1443 nemen
478 1389 560 1461 vig<
581 1375 752 1441 indefinite
774 1377 938 1460 accipiunt
955 1376 1017 1442 hoe
1035 1375 1146 1440 modo:

172 1462 339 1546 Quidquid
371 1463 497 1529 consilii
525 1473 559 1528 et
587 1463 726 1526 astutiae
755 1462 923 1527 invenitur
944 1463 980 1526 in
1002 1461 1146 1526 mortali·

172 1552 244 1626 bus,
274 1549 386 1614 hostes
415 1550 480 1613 mei
502 1547 543 1612 ad
567 1545 794 1630 recolligunt.
838 1546 907 1614 Sed
929 1547 1036 1629 quoad
1058 1568 1147 1612 surn-

172 1657 261 1700 mam
290 1635 338 1698 rei
367 1655 484 1716 parum
505 1634 660 1698 interest:
690 1633 896 1714 quirescere
919 1634 1051 1713 sufficit,
1081 1652 1146 1703 non

172 1730 302 1784 tantum
332 1731 445 1802 aperto
474 1729 589 1795 marte,
619 1717 676 1782 sed
705 1719 872 1783 recondita
901 1721 999 1784 etiam
1023 1718 1149 1782 malitia

173 1806 283 1870 hostes
313 1804 435 1870 Davidi
462 1805 668 1871 machinatos
698 1805 797 1869 fuisse
825 1806 1020 1887 perniciem:
1052 1814 1148 1886 atque

173 1892 214 1955 ad
251 1890 313 1956 hoe
346 1891 524 1956 instructos
556 1891 656 1955 fuisse
692 1910 821 1954 summa
853 1889 1070 1974 perspicacia,
1111 1899 1149 1953 ut

172 1977 358 2058 inopinatos
387 1976 525 2042 nocendi
548 1974 661 2040 modos
684 1975 776 2057 quasi
799 1997 839 2040 ex
864 1974 1033 2059 profundis
1057 1989 1148 2038 tene·

175 2063 243 2126 bris
267 2071 431 2127 eruerent.

259 2232 288 2298 8.
311 2231 355 2295 Et
381 2232 574 2299 iaculabitur
601 2235 638 2299 ia
665 2252 716 2297 ece
736 2230 826 2297 Deua
845 2232 1001 2315 capham,
1030 2237 1150 2314 reperte

173 2324 263 2382 omitt
280 2318 395 2400 plcpae
414 2319 567 2399 ipsoram,
608 2319 638 2385 9.
661 2316 706 2381 Et
727 2319 897 2401 impiapere
918 2319 1035 2398 [ament
1055 2339 1151 2400 saper

171 2424 206 2468 se
220 2405 307 2484 ipsos
321 2404 469 2485 linquam
486 2425 589 2488 suem,
607 2409 635 2470 et
650 2402 806 2488 sapient*)
826 2405 999 2486 quietaque
1015 2405 1151 2470 videdat

172 2509 233 2554 eos.
290 2489 340 2553 10.
362 2489 408 2554 Et
434 2489 580 2555 oidebm
609 2509 715 2555 omnes
740 2489 889 2563 immines,
920 2495 948 2553 et
972 2489 1149 2554 narrabant

173 2594 254 2654 epac
272 2573 344 2650 Dei,
368 2580 395 2638 et
416 2595 482 2639 rem
503 2577 572 2640 eius
590 2581 710 2659 pectam
726 2572 958 2661 intelliperrtffl)
995 2575 1045 2640 11.
1067 2575 1147 2640 Lae-

170 2659 290 2723 tabitur
312 2661 416 2725 laetas
437 2662 473 2724 ia
496 2659 621 2740 Iolova,
648 2659 832 2741 depectit
853 2661 889 2725 ιἰι
911 2681 954 2740 eo,
983 2667 1011 2726 et
1029 2661 1146 2749 plera'a·

173 2744 293 2810 bantur
313 2766 417 2810 ornnes
437 2748 511 2812 recti
533 2747 630 2813 corde.

259 2916 294 2980 8..
311 2915 368 2999 (Et
389 2916 579 2983 iaculabitur
600 2918 635 2981 ia
655 2937 706 2982 cce
726 2915 841 3003 Deus.)
877 2917 949 2983 Iam
972 2917 1012 2982 ad
1034 2926 1145 2999 gratu·

175 2999 334 3066 lationem
360 3003 508 3086 exsurgit
529 3002 650 3081 David,
679 3022 855 3085 persuasus
878 3025 943 3068 non
965 3004 1059 3067 irrita
1081 3005 1148 3067 scre

1198 689 1310 755 iudicii
1328 690 1493 771 permulta
1511 688 1658 770 quotidie
1676 689 1827 770 exempla
1841 688 1933 755 Deus
1950 710 2058 756 coram
2077 694 2179 760 oculis

1199 777 1321 841 nostris
1340 776 1473 858 profert,
1499 775 1595 839 nobis
1613 787 1723 838 tamen
1742 795 1796 839 res
1815 785 1865 840 est
1883 776 2024 842 difficilis
2043 779 2178 846 creditu.

1200 862 1274 941 Quo
1303 863 1410 941 magis
1440 860 1481 926 ad
1511 861 1599 924 hanc
1628 859 1874 926 meditationem
1902 863 2089 930 incumbere
2119 887 2179 931 nos

1201 948 1302 1022 decet,
1326 947 1436 1011 Deum
1458 947 1622 1011 excubare
1644 967 1704 1028 pro
1727 945 1829 1030 nobis,
1852 955 1889 1011 ut
1911 947 2067 1031 quidquid
2090 953 2177 1017 irau-

1201 1032 1281 1097 dum
1304 1033 1338 1095 in
1359 1051 1421 1095 nos
1442 1030 1612 1096 excudunt
1634 1032 1785 1113 improbi,
1815 1043 1989 1099 convertat
2009 1035 2044 1099 in
2066 1058 2177 1102 eorum

1200 1116 1391 1201 perniciem,
1420 1137 1459 1182 ac
1488 1118 1515 1180 si
1539 1117 1614 1180 data
1636 1138 1734 1199 opera
1756 1121 1941 1199 praemium
1963 1119 2028 1184 tale
2050 1132 2177 1205 captas·

1201 1213 1285 1268 sent.
1319 1201 1361 1266 In
1380 1203 1445 1266 line
1465 1223 1581 1266 versus
1599 1202 1753 1267 admonet
1771 1203 1913 1269 notabile
1929 1206 1998 1269 fore
2013 1208 2179 1273 vindictae

1202 1309 1316 1371 genus,
1338 1288 1416 1369 quia
1431 1288 1553 1369 supleat
1571 1288 1622 1352 vel
1640 1286 1849 1370 trepidabunt
1866 1292 2045 1372 quicunque
2058 1294 2180 1375 fuerint

1201 1375 1270 1439 aas
1291 1377 1485 1453 spectatores.
1529 1373 1614 1438 Nam
1641 1395 1742 1456 quum
1765 1377 1984 1442 caecutientes
2007 1376 2177 1445 hominum

1201 1460 1311 1525 oculos
1323 1461 1558 1541 praeterfluant
1571 1459 1634 1523 Dei
1646 1458 1774 1543 iudicia,
1788 1462 1930 1546 insignes
1941 1471 2036 1528 notas
2047 1479 2179 1531 exstare

1202 1564 1333 1693 necquse
1350 1556 1400 1609 est
1418 1555 1457 1610 ut
1475 1544 1516 1610 ad
1535 1554 1659 1610 metum
1681 1554 1713 1610 et
1728 1550 2022 1614 consternationem
2039 1566 2177 1634 cogatur

1201 1652 1281 1695 mun
1307 1650 1356 1694 us.

1288 1716 1338 1781 10.
1361 1715 1420 1801 (Et
1441 1715 1586 1781 viddaat
1606 1738 1711 1783 omncs
1732 1717 1894 1804 leminea.)
1933 1719 2093 1787 Fructum
2117 1725 2174 1806 qui

1201 1822 1243 1866 ex
1266 1800 1330 1865 Dei
1359 1802 1479 1867 iudicio
1509 1803 1681 1884 proveniet
1711 1805 1839 1886 plenius
1865 1805 2021 1889 explicat,
2056 1830 2176 1893 nempe

1201 1888 1285 1969 qued
1321 1907 1405 1952 novo
1432 1898 1466 1951 et
1494 1887 1624 1953 insolito
1653 1890 1836 1971 spectaculo
1866 1895 2087 1976 expergefacti
2117 1898 2174 1978 qui

1202 1974 1293 2056 prius
1311 1973 1375 2036 Dei
1398 1973 1638 2054 providentiam
1662 1997 1720 2058 pro
1743 1976 1845 2040 nihilo
1865 1977 2034 2059 ducebant,
2056 1981 2174 2047 melius

1201 2057 1405 2124 considerare
1433 2059 1592 2142 incipient
1620 2062 1705 2142 quod
1735 2064 1825 2145 prius
1848 2063 1911 2127 illis
1934 2074 2005 2128 erat
2027 2066 2173 2150 incogni-

1201 2157 1281 2221 tum,
1307 2156 1342 2208 ut
1363 2145 1460 2208 etiam
1485 2145 1540 2209 alii
1564 2145 1635 2210 aliis
1654 2159 1800 2212 narrent.
1834 2149 1948 2231 Neque
1967 2152 2055 2214 enim
2074 2152 2175 2216 huius

1201 2241 1268 2294 tam
1288 2231 1508 2295 memorabilis
1521 2233 1645 2314 gratiae
1658 2233 1807 2297 notitiam
1820 2235 1861 2298 ad
1874 2255 1993 2316 paucos
2004 2238 2175 2321 restringit

1200 2314 1320 2394 David,
1349 2315 1404 2379 sed
1429 2314 1507 2382 dicit
1529 2320 1648 2399 passim
1672 2319 1741 2383 lore
1764 2320 1933 2386 celebrem.
1979 2321 2058 2385 Ideo
2080 2326 2176 2405 ponit

1201 2411 1333 2466 cunctos
1353 2401 1509 2467 homines.
1544 2402 1648 2467 Porro
1666 2425 1765 2486 quum
1787 2405 1921 2470 verbum
1969 2419 2033 2487 227
2051 2410 2082 2471 in
2096 2430 2173 2474 con·

1200 2488 1367 2570 iugatione
1394 2487 1510 2571 Hiphil
1539 2501 1606 2553 tam
1636 2490 1828 2556 neutraliter
1858 2512 1955 2574 quam
1983 2493 2088 2558 active
2116 2515 2173 2559 su·

1200 2583 1326 2637 matur:
1366 2573 1421 2655 qui
1454 2575 1592 2639 verbum
1627 2586 1780 2640 neutrum
1814 2596 1884 2642 esse
1918 2576 2051 2657 volunt,
2085 2578 2173 2645 hunc

1201 2659 1336 2723 eliciunt
1358 2680 1500 2742 sensum,
1523 2660 1694 2744 chentur
1713 2662 1811 2746 vulgo
1829 2684 2004 2746 agnoscere
2022 2664 2173 2730 homines

1201 2744 1349 2808 divinum
1374 2744 1434 2810 hec
1452 2767 1521 2809 esse
1540 2768 1635 2828 opus:
1659 2758 1755 2829 atque
1773 2749 1826 2814 ubi
1846 2748 2080 2827 intellexerint,
2102 2752 2172 2815 eius

1200 2832 1297 2894 etiam
1321 2839 1418 2893 erunt
1440 2852 1625 2914 praecones.
1661 2830 1726 2898 Sed
1749 2835 1824 2917 quia
1842 2846 1879 2898 ut
1897 2835 2071 2917 plurimum
2091 2836 2172 2901 solet
2278 2886 2282 2891 .

1199 2914 1309 2981 David
1331 2936 1400 2979 rem
1424 2937 1521 2981 unam
1547 2918 1596 2982 bis
1617 2929 1776 3001 repetere,
1803 2941 1867 2984 non
1892 2921 1977 2986 male
1999 2924 2172 2987 conveniet

1199 3001 1375 3066 transitiva
1414 3003 1620 3084 significatio.
1676 3004 1800 3069 Ultimo
1843 3027 1942 3071 versu
1976 3006 2171 3073 describitur

173 3107 234 3150 sua
251 3096 341 3168 veta,
364 3091 430 3152 imo
453 3090 518 3153 iam
538 3086 690 3152 exaudita
707 3107 778 3152 esse
793 3109 812 3151 a
828 3086 909 3153 Deo.
942 3088 1016 3153 Etsi
1036 3098 1146 3153 autem
1199 3085 1328 3151 uberior
1350 3085 1485 3164 fructus,
1518 3109 1633 3171 nempe
1661 3089 1886 3155 liberationem
1911 3091 1995 3157 hanc
2017 3091 2170 3169 laetitiae,

171 3173 319 3237 nondum
349 3174 451 3239 oeulis
481 3174 655 3254 conspicua
677 3181 749 3238 erat
771 3174 833 3238 Dei
858 3173 1008 3252 vindicta,
1038 3173 1147 3238 David
1199 3172 1268 3253 spei
1298 3180 1331 3236 et
1360 3182 1489 3237 sanctae
1512 3174 1712 3256 gloriationis
1735 3177 1904 3241 materiam
1925 3178 1995 3241 fore
2018 3179 2080 3258 piis
2102 3200 2171 3242 om·

172 3269 284 3322 tamen
306 3262 513 3342 repentinam
536 3260 604 3324 lore
625 3260 835 3340 pronuntiat:
857 3261 891 3322 in
910 3280 973 3342 quo
991 3279 1059 3323 non
1075 3260 1148 3324 vul·
1200 3257 1313 3322 nibus:
1347 3258 1423 3340 quia
1455 3259 1579 3324 scilieet
1611 3260 1749 3325 eundem
1782 3282 1860 3346 erga
1892 3283 1927 3327 se
1959 3263 2066 3327 Deum
2101 3262 2170 3329 iere

171 3364 251 3425 gare
285 3345 408 3425 profert
442 3345 518 3409 fidei
552 3365 630 3409 suae
663 3344 911 3423 documentum,
951 3344 1036 3427 quod
1071 3344 1149 3410 dum
1200 3342 1353 3424 colligent
1371 3344 1477 3426 qualis
1491 3349 1642 3428 apparuit
1654 3368 1732 3430 erga
1744 3367 1875 3413 servum
1889 3369 1983 3412 suum
1995 3347 2169 3414 Davidem.

171 3429 291 3511 impios
325 3431 425 3496 rebus
466 3450 621 3513 prospere
656 3428 832 3494 fluentibus
865 3428 1018 3497 obdurari
1051 3431 1149 3510 videt,
1198 3429 1390 3494 Notandum
1422 3444 1471 3496 est
1498 3433 1604 3496 vocari
1632 3437 1729 3498 rectos
1756 3433 1845 3499 corde
1873 3455 1951 3516 quos
1975 3432 2070 3517 paulo
2094 3449 2169 3500 ante

172 3527 274 3595 atque
304 3537 347 3581 ex
376 3517 586 3581 conniventia
615 3525 649 3580 et
677 3515 806 3580 silentio
828 3514 891 3580 Dei
920 3517 1148 3598 impunitatem
1199 3517 1299 3580 luctae
1332 3516 1478 3581 dixerat:
1513 3523 1550 3582 ut
1582 3518 1725 3584 sciamus
1754 3518 1879 3584 nullam
1909 3519 1981 3585 Deo
2010 3519 2167 3585 iustitiam

175 3600 238 3665 eibi
270 3601 472 3684 promittere,
502 3623 569 3666 non
598 3601 781 3666 succumbit
809 3616 916 3666 tamen
949 3601 1063 3681 taedio,
1093 3601 1150 3668 sed
1200 3600 1344 3684 probari,
1378 3601 1441 3668 nisi
1475 3624 1572 3685 quam
1606 3624 1708 3668 exse
1741 3607 1864 3687 profert
1896 3605 2032 3671 interior
2064 3608 2170 3673 cordis

173 3686 321 3751 animum
351 3708 446 3752 suum
475 3686 654 3770 suspendit,
685 3684 787 3751 donec
815 3700 889 3770 pest
918 3687 1048 3771 longam
1073 3689 1151 3754 tole·
1200 3687 1380 3753 sinceritas.
1424 3687 1499 3768 Qua
1521 3688 1560 3753 de
1583 3709 1619 3753 re
1641 3689 1716 3754 alibi
1740 3691 1845 3756 insius
1866 3691 2015 3757 disserui.

172 3771 316 3837 rentiam
334 3773 443 3839 subito
454 3772 546 3838 Deus
564 3786 719 3855 appareat
737 3771 852 3837 iudex:
872 3774 966 3839 sicuti
982 3794 1149 3857 emergere

173 3869 306 3938 praeter
327 3880 418 3941 spem
441 3859 524 3924 solet
545 3878 583 3924 ac
605 3857 850 3940 deprehendere
868 3859 995 3943 impios,
1018 3859 1095 3924 dum
1115 3881 1149 3926 se

174 3943 302 4024 elapsos
332 3955 504 4026 putantes,
538 3944 610 4008 sine
638 3942 735 4008 modo
766 3944 982 4025 proterviunt.
1033 3945 1147 4027 Itaque

171 4049 301 4110 semper
311 4030 347 4094 in
367 4029 530 4095 diuturnis
541 4028 636 4093 malis
647 4028 708 4094 hoc
721 4030 813 4094 nobis
823 4029 974 4095 solatium
987 4042 1146 4110 occurrat,

170 4111 282 4180 Deum
312 4136 436 4198 poenas
465 4134 545 4197 quas
575 4113 615 4178 de
637 4114 747 4196 impiis
770 4128 961 4199 sumpturus
981 4126 1041 4200 est,
1071 4138 1146 4182 con·

170 4197 261 4265 sulto
279 4200 422 4278 differre,
445 4222 508 4284 quo
527 4199 700 4265 violentius
718 4201 751 4263 in
770 4220 826 4265 eos
843 4201 1009 4267 fulminet:
1033 4223 1147 4285 quum·

169 4306 236 4367 que
259 4285 413 4366 dixerint,
434 4287 506 4353 Pax
529 4296 562 4349 et
579 4286 746 4366 securitas,
769 4305 823 4352 eos
842 4287 958 4352 obruat
975 4291 1146 4372 repentino

167 4371 314 4451 interitu,
337 4373 454 4440 Ierem.
478 4373 508 4451 8,
531 4371 582 4436 11.

255 4475 285 4540 9.
310 4474 367 4560 (Et
388 4475 561 4559 impingere
584 4473 701 4555 faciest
723 4492 820 4558 cuper
841 4495 875 4540 ee
895 4477 981 4558 ipsos
1003 4477 1145 4560 lirrpaam

167 4561 286 4646 mam.)
330 4561 546 4644 Prosequitur
574 4558 712 4625 eandem
743 4562 957 4626 sententiam:
986 4562 1144 4645 quidquid

168 4649 286 4713 veneni
309 4659 455 4730 coquunt
476 4647 511 4711 in
535 4648 602 4712 suis
626 4645 778 4724 consiliis,
801 4658 834 4713 et
855 4647 968 4732 lingua
989 4669 1047 4712 sua
1069 4669 1143 4731 ege·

168 4747 258 4811 runt,
287 4734 357 4797 fore
380 4731 511 4798 tandem
534 4731 599 4797 illis
621 4733 837 4797 mortiferum.
880 4733 973 4797 Idem
995 4731 1072 4798 alibi
1094 4734 1143 4796 di·

1297 4733 1422 4803 leuderit,
1440 4733 1617 4787 athenarum
1635 4737 1753 4788 omnium
1771 4736 1911 4804 opulentia
1927 4737 2066 4790 ditaverit.

170 4840 266 4884 versa
306 4817 460 4901 loquendi
498 4820 603 4902 figura
636 4819 805 4901 exprimit:
843 4817 1041 4884 Irrstientur
1074 4817 1144 4884 suis
1595 4890 1601 4902 ,
1631 4890 1636 4903 ‚
1935 4891 1940 4903 ,

170 4904 307 4987 laqueis,
338 4919 371 4967 et
398 4903 515 4970 cadent
537 4905 572 4968 in
595 4898 728 4969 loveam'
744 4924 840 4987 quam
863 4907 1020 4985 fecerunt,
1049 4905 1142 4970 Psal·
1280 4889 1309 4951 Ῑ·
1334 4886 1492 4969 praedem
1512 4888 1653 4954 D‘Wldls
1678 4887 1829 4953 Pffllmlw
1856 4895 2018 4956 eamcam.
2064 4891 2094 4955 2·
2123 4892 2165 4955 Τθ

168 5011 222 5054 me
252 4990 303 5067 57,
337 4990 366 5054 l.
419 4989 511 5054 Haec
544 4990 631 5054 enim
661 4991 746 5054 iusta
779 5001 830 5055 est
861 5011 1000 5070 merces,
1034 5002 1072 5055 ut
1107 4991 1141 5055 iu
1193 4978 1346 5055 mmai
1365 4973 1447 5072 lm,
1470 4973 1559 5074 Dm?
1584 4976 1619 5039 ia
1643 4973 1728 5052 Βίθιῑ,
1758 4980 1785 5038 tl
1806 4974 1863 5048 llll
1884 4976 2027 5074 reddetur
2051 4983 2162 5075 voluta.

1192 5059 1223 5123 3.
1252 5057 1439 5124 arcuatam
1470 5065 1651 5138 oratam,
1684 5060 1726 5125 ad
1758 5066 1786 5125 te
1818 5081 1918 5126 emove
1950 5082 2022 5126 earo
2054 5069 2163 5129 venta.

1515 4076 1721 4149 Pstnnus
1744 4081 1850 4149 LXV.

1197 4249 1280 4304 Aac.
1299 4250 1422 4304 Psalmus
1438 4251 1482 4304 hie
1497 4251 1594 4304 mistus
1612 4260 1700 4305 estex
1713 4253 1838 4322 precibus
1851 4260 1879 4306 et
1890 4255 2040 4322 gratiarum
2053 4259 2167 4312 actione.

1300 4319 1361 4372 Etsi
1383 4329 1473 4373 autem
1495 4321 1624 4374 inseritur
1647 4321 1803 4374 vaticinium
1828 4323 1862 4376 de
1886 4327 2022 4379 communi
2045 4328 2166 4393 gentium

1298 4388 1364 4441 fide:
1386 4387 1548 4458 specialibus
1565 4398 1656 4443 temen
1673 4392 1768 4458 elogiis
1786 4390 1950 4446 describitur
1968 4402 2098 4462 paternus
2116 4396 2166 4449 Dei

1299 4473 1364 4526 erge
1382 4459 1521 4511 eeclesiam
1539 4459 1626 4525 lavor,
1643 4466 1672 4511 et
1684 4477 1754 4529 quse
1770 4461 1833 4513 inde
1851 4461 1939 4514 fluent
1956 4463 2165 4517 benedictiones.

1299 4527 1337 4580 Et
1360 4528 1516 4596 specialiter
1542 4536 1637 4581 oratur
1659 4528 1732 4581 Deus
1759 4535 1790 4582 ut
1813 4530 1936 4596 eandem,
1960 4548 2040 4600 quam
2059 4533 2166 4600 experti

1298 4596 1406 4649 inerant
1429 4595 1530 4657 ludaei,
1553 4596 1744 4650 liberalitatem
1767 4599 1915 4651 continuet.
1951 4599 2057 4668 Duplex
2076 4608 2165 4653 autem

1298 4673 1465 4718 memoratur
1482 4664 1532 4717 Dei
1549 4666 1651 4732 gratie:
1671 4666 1742 4734 quod
1760 4674 1863 4719 terram
1880 4684 1957 4719 suam
1975 4675 2102 4737 potenter
2120 4670 2165 4722 de·

256 5177 285 5244 *)
303 5177 470 5242 s'ent'uiront,
488 5192 521 5230 ra
539 5192 644 5245 margo:
662 5193 697 5230 ou
715 5177 902 5232 trembleront.

240 5246 286 5315 ⁸¹⁸)
304 5247 477 5311 enteudrout,
495 5261 529 5300 ea
546 5261 705 5316 mergerer
724 5245 815 5301 ierout
832 5246 970 5301 entendre.

1192 5144 1223 5208 4.
1254 5142 1353 5208 Verbo
1370 5145 1572 5226 iniquitatum
1589 5145 1835 5226 praevaluerant
1855 5166 1950 5230 caper
1970 5167 2034 5212 me:
2050 5149 2164 5214 coelem

1191 5234 1299 5296 nestra
1320 5235 1353 5294 ta
1375 5231 1524 5312 capiatis.
