4658 5856
162 356 226 424 835
998 352 1216 423 PSALMUS
1237 354 1311 423 XC.
2089 357 2152 424 836

161 543 313 611 mundus.
355 543 448 609 Haec
468 544 552 611 ratio
574 554 624 610 est
644 564 704 610 cur
721 563 780 609 nes
802 542 1041 628 expergefaciat
1058 540 1131 608 hie·
1183 542 1346 623 hemines,
1376 544 1455 610 dum
1485 546 1520 611 in
1548 547 1670 612 mundo
1699 547 1966 632 peregrinantur,
1995 567 2152 631 peragere

162 651 224 706 ees,
246 630 295 695 ad.
310 629 483 697 coelestem
506 629 569 694 Dei
591 629 818 695 aeternitatem
846 636 974 695 mentes
1002 636 1131 695 uestras
1181 638 1445 696 momentaneum
1467 631 1628 715 quendam
1651 632 1832 700 circuitum.
1866 633 1952 700 Nam
1970 630 2152 698 inuadendi

162 714 331 797 attollens,
360 715 430 781 sine
451 735 514 798 qua
537 735 601 779 non
623 715 783 781 sentimus
806 735 904 799 quam
927 713 1067 780 evanide
1088 716 1132 782 sit
1183 716 1319 780 verbum
1352 736 1415 781 non
1448 717 1609 802 restringe
1642 718 1682 784 ed
1715 720 1882 802 graviores
1915 738 2052 817 peenas,
2093 715 2152 783 sed

163 802 230 867 vita
252 810 375 867 nestra
419 800 503 867 Nam
526 798 713 884 imaginatio
735 801 826 886 lengi
848 800 1003 884 temporie
1024 802 1131 883 sopori
1182 808 1320 871 mertem
1337 798 1530 885 simpliciter
1549 803 1582 867 in
1606 808 1725 885 genero
1747 803 1870 871 diluvio
1897 802 2039 870 oensem
2069 801 2154 867 arbi·

162 886 279 952 similis
300 896 360 964 est,
383 887 418 951 in
439 905 503 969 que
524 894 560 952 te
601 905 694 951 emus
715 906 837 966 omnes,
861 885 963 952 denec
985 886 1132 954 coelestis
1182 894 1266 963 tror,
1296 885 1454 969 siquidem
1485 887 1540 954 ubi
1569 888 1750 974 pauxillum
1780 890 1932 956 stetimus
1959 890 1995 954 in
2017 887 2151 966 munde,

162 974 246 1038 ritae
269 970 434 1038 meditatie
456 971 554 1037 inane
598 992 636 1038 eo
658 973 780 1038 terreni
803 981 907 1038 statem
939 973 1130 1057 figmentum
1181 990 1257 1035 mex
1281 971 1427 1037 cadimus
1449 974 1483 1038 iu
1505 974 1699 1057 sepulerum,
1722 983 1756 1040 et
1777 983 1865 1040 tarra
1887 976 2065 1040 obruimur.
2099 972 2153 1037 Ita

162 1057 342 1124 absorbeat.
376 1057 478 1124 Perre
492 1058 568 1140 quia
585 1065 754 1139 tantopere
773 1059 957 1123 caecutiunt
972 1057 1131 1138 hemines,
1182 1058 1363 1122 eommunis
1383 1059 1535 1124 interitus
1557 1061 1687 1143 proprie
1709 1060 1878 1126 inundatio
1901 1071 2045 1127 vocatur.
2086 1058 2151 1123 Ne-

148 1144 270 1209 'Deum
299 1143 364 1208 illis
391 1141 529 1209 iudicem
551 1142 683 1208 statuit:
716 1163 754 1209 ae
776 1143 804 1208 si
827 1142 962 1209 diecret:
989 1144 1131 1210 Domine
1181 1160 1243 1224 que
1272 1143 1358 1208 enim
1386 1163 1479 1210 secus
1506 1145 1541 1209 in
1569 1144 1639 1229 ipse
1665 1146 1758 1210 vitali
1788 1147 1871 1211 flatu
1900 1166 1959 1211 nes
1987 1144 2153 1209 Dominus

162 1231 189 1296 si
214 1229 303 1294 illam
325 1229 550 1293 aeternitatem
573 1249 614 1293 ex
636 1250 700 1311 qua
731 1228 909 1310 specularis
932 1229 1023 1295 leves
1052 1230 1131 1296 istos
1182 1227 1333 1308 inundat,
1363 1249 1460 1312 quam
1483 1232 1537 1313 qui
1560 1241 1697 1314 pereunt
1719 1232 1889 1380 naufragio
1918 1229 2082 1313 absorpti:
2117 1238 2154 1294 ut

163 1314 277 1379 mundi
300 1314 470 1392 circuitus,
501 1324 611 1379 mente
640 1315 847 1396 conciperent
877 1315 1040 1397 homines,
1068 1335 1130 1399 pro
1181 1331 1270 1379 mors
1303 1323 1378 1397 apte
1411 1314 1472 1381 dici
1507 1327 1603 1399 queat
1635 1316 1799 1382 invisibile
1854 1316 2003 1381 iluvium.
2059 1315 2153 1380 'l'uno

163 1399 266 1466 nihile
293 1398 448 1465 ducerent
476 1408 680 1483 praesentem
711 1401 825 1465 vitam:
868 1397 924 1465 scd
953 1400 1028 1482 quia
1064 1421 1130 1466 non
1181 1418 1260 1463 vere
1281 1401 1388 1482 palam
1410 1401 1480 1465 fieri
1504 1401 1582 1467 dicit
1604 1402 1713 1468 Moses
1735 1422 1884 1467 somnum
1905 1421 1977 1467 esse
2003 1399 2154 1464 hemines

162 1485 352 1569 expendunt
381 1506 462 1567 quae
491 1487 534 1552 sit
565 1506 644 1552 vera
669 1484 881 1565 diuturnitas,
921 1486 985 1550 ime
1014 1498 1130 1568 sponte
1182 1483 1237 1565 qui
1260 1485 1293 1548 in
1316 1506 1374 1551 sue
1396 1486 1558 1553 eurrieulo
1582 1489 1700 1552 mirum
1723 1487 1783 1554 sibi
1807 1488 1952 1570 vigerem
1983 1498 2150 1569 arrogant.

162 1572 271 1637 ocules
294 1591 370 1637 suos
392 1579 546 1637 avertunt
567 1592 587 1636 a
609 1571 712 1651 ceole,
735 1569 806 1635 ideo
829 1572 1075 1653 obstupescunt,
1097 1583 1131 1638 et
1181 1570 1390 1653 Comparatio
1412 1570 1523 1638 bedec
1544 1593 1627 1656 quac
1649 1572 1796 1651 additur,
1827 1571 1889 1638 huc
1911 1578 2055 1655 spectat,
2079 1592 2151 1654 pre·

163 1657 248 1721 diem
278 1677 380 1722 uuum
408 1667 561 1739 reputant
590 1656 681 1739 quasi
710 1665 839 1722 eentum
876 1676 990 1722 anuos.
1038 1657 1130 1726 Haec
1182 1653 1252 1719 dire
1274 1677 1370 1721 mane
1392 1654 1557 1737 homiues,
1586 1659 1682 1725 sicuti
1713 1658 1813 1723 herba
1834 1660 2014 1742 germinat,
2046 1656 2152 1723 virere

162 1754 270 1808 autem
295 1742 488 1825 apostrophe
510 1741 605 1808 valde
627 1742 811 1825 emphatica
832 1752 891 1821 cst,
914 1742 999 1825 qued
1021 1743 1131 1811 Moses
1182 1740 1234 1805 vel
1258 1742 1398 1808 transire
1420 1741 1460 1807 ad
1482 1752 1612 1829 tempus
1632 1744 1797 1828 exignum,
1821 1741 1921 1809 donee
1942 1742 2060 1809 succisi
2083 1762 2153 1807 are-

162 1826 326 1893 secordiae
349 1838 477 1893 nestrae
500 1836 676 1910 pertaesus,
699 1828 807 1893 Deum
831 1827 1019 1910 compellat:
1043 1849 1080 1896 ao
1102 1832 1130 1897 si
1182 1838 1285 1891 soant.
1319 1827 1406 1908 Quia
1424 1829 1524 1894 verba
1546 1838 1625 1895 sunt
1646 1828 1824 1915 singularis
1839 1829 1976 1908 numeri,
2001 1826 2153 1892 videntur

162 1912 292 1993 diceret,
315 1914 435 1979 frustra
454 1934 488 1979 se
511 1913 595 1996 apud
618 1913 733 1979 surdos
754 1913 855 1978 verba
876 1914 990 1994 lacere,
1013 1917 1069 1997 qui
1088 1937 1130 1982 ne
1182 1911 1298 1978 melius
1320 1914 1449 1980 contexi
1470 1935 1545 1979 eum
1575 1914 1694 1980 herbae
1724 1916 1871 1991 nomine,
1899 1914 1955 1980 sed
1985 1912 2152 1978 commode

162 2000 317 2066 continue
349 1999 479 2082 quidem
512 2020 574 2065 usu
607 2007 640 2064 et
671 1999 895 2082 experimento
927 2020 962 2064 se
993 2000 1131 2069 caduces
1182 1997 1281 2062 etiem
1303 1997 1418 2064 referri
1448 2009 1584 2083 possunt
1613 1998 1652 2065 ad
1683 2020 1947 2082 unumquemque
1977 1999 2152 2064 hominem.

162 2106 232 2151 esse
255 2083 393 2150 discunt.
428 2084 559 2151 Citatur
580 2105 600 2150 a
622 2084 721 2149 Petro
744 2083 823 2151 haec
848 2086 1012 2152 sententia
1035 2089 1131 2170 paule
1182 2081 1270 2163 Quia
1292 2092 1400 2149 tamen
1423 2086 1463 2149 ed
1487 2086 1534 2152 rei
1555 2106 1718 2152 summam
1739 2106 1853 2168 parum
1874 2087 2019 2161 interest,
2044 2086 2153 2150 minue

162 2172 196 2235 in
228 2171 393 2236 diversum
423 2190 572 2248 sensum,
601 2171 631 2236 2.
655 2170 742 2236 Pctr.
774 2170 810 2249 3,
840 2171 859 2236 8
890 2191 992 2254 neque
1022 2181 1131 2238 tamen
1182 2167 1301 2235 labore.
1333 2170 1510 2235 Assiduam
1533 2192 1629 2255 porro
1652 2170 1895 2236 meditationem
1917 2170 2056 2252 requirit
2075 2171 2155 2235 haee

162 2256 296 2322 abusive
318 2257 469 2337 queniam
494 2266 567 2339 apte
589 2264 622 2321 et
643 2256 723 2321 scite
753 2277 793 2321 ox
817 2256 919 2321 Mesia
947 2258 1131 2324 testimonie
1183 2254 1339 2333 doctrina,
1361 2258 1436 2339 quia
1458 2257 1520 2322 otei
1542 2256 1683 2322 latemur
1704 2275 1825 2331 omnes.
1847 2257 1913 2322 vita
1935 2264 2049 2320 nostra
2071 2254 2153 2319 nihil

163 2341 293 2407 deducit
315 2341 433 2406 Petrus
456 2340 542 2424 qued
564 2342 630 2408 illic
653 2349 781 2407 tractat.
826 2340 907 2407 Vult
929 2342 1040 2409 Moses
1073 2346 1131 2409 he·
1182 2360 1252 2405 esse
1275 2342 1379 2424 magis
1401 2341 1576 2419 caducum,
1604 2362 1681 2406 mox
1704 2354 1812 2407 tamen
1835 2342 1928 2423 quasi
1951 2340 2072 2405 furiose
2094 2342 2184 2404 ἱιιι·Ι

162 2427 266 2492 mines
295 2447 314 2490 a
336 2428 451 2493 crassis
479 2428 546 2493 suis
572 2426 860 2511 imaginationibus
890 2427 1067 2495 abstractos
1095 2430 1130 2495 iu
1184 2434 1260 2509 petu
1283 2426 1405 2511 singuli
1427 2426 1468 2492 sd
1482 2427 1670 2512 fingendam
1687 2440 1850 2493 terrenam
1869 2425 2153 2492 immortalitatem

161 2513 286 2578 eoelum
309 2512 466 2578 attollere.
511 2513 630 2579 Petrus
653 2521 762 2578 autem
785 2511 885 2596 quid?
929 2512 1016 2594 Quia
1034 2515 1131 2597 pleri·
1182 2512 1339 2595 rapimur.
1374 2511 1458 2578 Nam
1481 2515 1626 2597 quisquis
1648 2533 1683 2579 ee
1705 2514 1877 2578 mortalem
1900 2533 1971 2577 esse
1993 2513 2154 2592 meminit,

161 2619 237 2682 quc,
273 2597 350 2663 dum
380 2619 437 2680 pre
471 2619 581 2663 cerum
616 2608 690 2663 veto
720 2619 783 2663 nen
813 2597 947 2662 festinat
969 2598 1129 2679 Christus,
1182 2597 1243 2662 sibi
1265 2597 1469 2680 moderatur,
1499 2620 1541 2664 ne
1563 2599 1652 2664 ult-ra
1674 2599 1805 2664 medum
1826 2607 1968 2681 satagat,
1998 2596 2056 2662 sed
2078 2617 2154 2680 pre·

161 2704 273 2750 meroe
295 2681 400 2748 taedio
423 2704 512 2764 spem
537 2684 781 2747 resurrectionis
804 2682 974 2762 abiiciunt,
999 2705 1131 2768 praepo·
1182 2692 1274 2763 peret
1296 2683 1336 2746 ad
1358 2692 1488 2750 metam.
1533 2683 1674 2765 Quande
1696 2696 1803 2749 autem
1827 2682 1953 2747 nullum
1978 2682 2076 2748 linem
2098 2702 2154 2748 cu·

161 2778 284 2834 storum
322 2769 411 2833 huno
449 2768 612 2832 ferverem
653 2768 774 2851 optime
809 2767 952 2832 remedio
986 2773 1129 2855 corrigit.
1182 2767 1227 2830 ris
1265 2770 1385 2832 nestris
1414 2770 1581 2850 ponimus,
1622 2769 1761 2835 assiduis
1790 2768 1932 2834 stimulis
1961 2769 2064 2853 pungi
2095 2789 2155 2834 nes

162 2853 263 2918 Videt
284 2851 431 2918 homines
453 2851 602 2918 diffluere
624 2863 658 2917 et
678 2852 828 2919 excidere
859 2872 879 2916 a
907 2856 1128 2936 promissioni·
1182 2861 1319 2935 opertet,
1341 2874 1382 2918 ne
1405 2873 1462 2936 pro
1485 2856 1575 2918 tenui
1598 2857 1686 2919 vitae
1708 2856 1823 2920 umbra
1846 2854 1935 2919 mille
1952 2855 2040 2920 vites
2058 2854 2156 2920 nebia

162 2938 222 3005 bus
251 2937 333 3017 Dei,
366 2941 442 3022 quia
474 2937 605 3004 videtur
634 2939 786 3004 Christus
819 2939 955 3004 nimium
990 2940 1127 3008 tardare.
1181 2937 1387 3003 somniemus.

160 3025 258 3092 Unde
279 3024 356 3102 heo,
388 3024 451 3090 nisi
472 3024 549 3106 quia
570 3025 603 3089 in
634 3035 721 3089 terra
742 3024 946 3090 subsistunt?
992 3026 1128 3110 Proprie
1267 3023 1297 3088 7.
1319 3023 1419 3109 (Quia
1440 3024 1601 3106 dabamus
1629 3025 1663 3090 ia
1691 3025 1742 3090 ire
1770 3024 1848 3111 tua.)
1892 3023 2055 3090 Consulto
2085 3045 2155 3090 me·

161 3111 261 3195 igitur
284 3111 324 3175 ad
346 3110 407 3176 hee
429 3109 545 3175 vitium
567 3109 749 3176 sanandum
783 3111 1003 3177 accommodat
1024 3112 1128 3179 Musis
1180 3109 1277 3173 minii
1298 3109 1367 3175 irae
1389 3109 1453 3175 Dei
1476 3110 1599 3189 Moses,
1629 3110 1722 3175 cuius
1751 3132 1849 3176 seusu
1878 3111 1941 3176 nisi
1972 3121 2157 3194 tangantur

160 3198 366 3264 sententiam.
413 3194 506 3262 Sicut
527 3197 612 3261 enim
636 3193 768 3261 delicias
790 3197 851 3262 sibi
873 3197 995 3263 faciunt
1022 3199 1128 3265 inore·
1182 3194 1338 3275 hemines,
1362 3216 1527 3279 nunquam
1551 3195 1650 3279 prebe
1668 3196 1857 3278 expendunt
1876 3194 1960 3278 qued
1979 3197 2156 3277 experien-

162 3284 229 3348 duli
252 3303 289 3348 ee
311 3281 397 3365 qued
419 3281 540 3347 mundo
563 3281 659 3348 nimis
687 3282 776 3346 affixi
798 3283 969 3348 coelestem
987 3285 1129 3349 aeterni·
1181 3280 1227 3345 tia
1248 3281 1342 3345 lateri
1365 3281 1375 3345 i
1400 3302 1453 3347 ses
1474 3281 1570 3365 cogit,
1592 3301 1689 3363 quam
1712 3281 1777 3347 cite
1800 3293 1929 3364 peraeta
1946 3282 2156 3346 revolutione

161 3378 262 3433 tatem
285 3389 349 3433 nen
372 3376 521 3452 gustant,
553 3368 598 3431 ita
621 3389 664 3432 ex
686 3368 797 3432 eedem
825 3368 914 3434 lente
943 3369 1046 3434 oritur
1068 3372 1128 3435 im·
1181 3363 1339 3431 diffluant.
1373 3303 1567 3450 &nonquam
1590 3367 1698 3432 Moses
1720 3366 1785 3431 alia
1807 3370 1904 3432 etiam
1926 3366 2054 3432 ratione
2074 3366 2157 3431 haec

161 3455 325 3539 patientia.
388 3455 495 3535 Atque
535 3452 612 3519 hinc
655 3452 838 3538 colligimus
877 3472 992 3520 aarum
1031 3454 1129 3521 huius
1181 3450 1244 3515 due
1271 3452 1368 3517 simul
1398 3452 1583 3518 coniunxit:
1617 3472 1717 3534 quum
1745 3451 1894 3518 hemines
1923 3460 2041 3516 natura
2071 3452 2156 3517 adeo

161 3540 326 3606 doctrinae
348 3559 453 3604 usum.
487 3537 583 3604 Unde
605 3538 692 3604 enim
717 3547 884 3622 tantopore
906 3561 1021 3606 sumus
1041 3542 1129 3606 anxii
1180 3535 1293 3602 caduci
1313 3539 1380 3602 sint
1397 3548 1430 3602 et
1447 3539 1514 3603 lere
1536 3536 1735 3613 umbratiles,
1757 3538 1914 3622 populum
1932 3537 2156 3603 israeliticum

160 3626 201 3692 de
222 3627 291 3690 vita
312 3634 434 3705 nestra,
452 3632 490 3693 ut
512 3624 593 3689 nihil
618 3625 710 3690 nobis
732 3624 881 3704 sulfieiat,
904 3633 936 3690 ct
958 3626 1050 3693 nobis
1067 3627 1130 3710 ipsi
1181 3622 1318 3687 adversa
1339 3623 1402 3688 Dei
1425 3644 1525 3689 manu
1554 3623 1654 3689 luisse
1682 3623 1857 3702 alflietum,
1886 3622 1963 3707 quia
1991 3622 2156 3688 evanidas

160 3710 288 3776 molesti
311 3731 440 3789 sumus,
470 3710 534 3775 nisi
561 3713 636 3794 quia
665 3720 860 3793 perpetuum
890 3711 1001 3777 nidum
1029 3712 1130 3778 stulte
1182 3718 1312 3772 nostrae
1351 3709 1520 3793 fragilitati
1561 3709 1669 3774 minus
1702 3708 1880 3774 tolerabilis
1911 3718 1960 3774 est
1992 3709 2043 3773 ira
2076 3708 2155 3787 Dei,

161 3797 255 3862 nobis
278 3796 431 3880 fingimus
453 3795 488 3860 iu
511 3794 655 3862 munde?
700 3795 796 3862 Unde
817 3797 915 3863 etiam
946 3807 1038 3862 tanta
1060 3817 1130 3862 me·
1180 3813 1277 3875 quam
1301 3793 1329 3858 si
1351 3795 1522 3860 mediocris
1542 3794 1650 3876 aliqua
1671 3794 1778 3859 virtus
1799 3802 1995 3880 suppeteret.
2031 3793 2155 3860 Caete-

161 3884 292 3959 rosites,
333 3892 369 3946 ut
400 3883 594 3948 flacceseant
625 3881 725 3945 animi
760 3884 862 3947 nestri
900 3883 935 3946 in
968 3880 1130 3949 adventus
1180 3899 1253 3942 rum
1277 3889 1313 3943 ut
1335 3878 1545 3961 demonstret,
1565 3881 1627 3946 sibi
1648 3879 1785 3945 minime
1806 3900 1877 3945 esee
1898 3879 1933 3944 iu
1956 3879 2067 3944 anime
2091 3879 2156 3946 hac

162 3968 285 4035 Christi
307 3968 565 4051 exspectatione,
595 3967 656 4031 nisi
679 3967 757 4049 quia
777 3968 812 4031 in
842 3977 930 4032 terra
959 3967 1129 4034 desident?
1181 3964 1383 4046 querimonia
1405 3967 1477 4031 Dee
1498 3967 1701 4049 obstrepere,
1728 3966 1811 4029 iram
1835 3964 1913 4044 Dei,
1936 3966 2156 4048 quantumvis

160 4054 335 4119 Discamus
357 4073 434 4136 erge
460 4073 524 4119 nen
554 4052 696 4117 iudicare
724 4074 765 4117 ex
795 4053 901 4118 carnis
930 4074 1044 4133 sensu,
1072 4052 1129 4120 sed
1181 4050 1296 4114 fuisset
1318 4051 1479 4132 terribilis,
1501 4052 1620 4117 iustam
1642 4060 1752 4115 tamen
1775 4070 1845 4116 esee
1867 4050 1955 4132 dicit,
1978 4049 2056 4132 quia
2079 4069 2154 4116 eam

161 4138 306 4224 pendere.
323 4157 341 4203 e
361 4139 425 4203 Dei
447 4137 580 4204 iudicio:
602 4137 738 4220 ideoque
757 4138 821 4203 fids
839 4159 968 4203 sumum
986 4139 1130 4204 feramur
1181 4135 1322 4219 populus
1343 4157 1401 4202 sua
1421 4137 1519 4220 culpa
1536 4146 1778 4219 provocaverat.
1801 4135 1952 4218 Numqui
1967 4135 2028 4199 Dei
2048 4155 2155 4202 manu

162 4222 327 4308 usquead
350 4223 487 4289 coeleste
516 4225 585 4289 eius
614 4223 748 4302 solium,
776 4245 819 4288 ox
848 4242 911 4306 quo
939 4227 1131 4307 pronuntiet
1181 4222 1324 4303 percussi
1347 4242 1412 4288 non
1435 4221 1657 4299 humiliantur,
1680 4221 1785 4305 magis
1806 4242 1841 4286 se
1864 4220 2035 4285 obdurant.
2072 4220 2156 4288 Ideo

161 4324 325 4378 terrenam
353 4310 455 4374 vitam
484 4307 567 4373 nihil
597 4329 676 4375 csse.
720 4308 789 4374 Nee
810 4329 888 4375 vere
916 4308 1006 4374 mille
1027 4330 1130 4376 annes
1182 4307 1261 4371 haee
1290 4327 1367 4373 vera
1397 4305 1586 4391 preficiendi
1616 4307 1700 4372 ratio
1727 4314 1824 4390 atque
1851 4306 1947 4372 etiam
1978 4307 2156 4389 superbiae

161 4399 324 4464 duntaxat
345 4393 386 4458 ad
410 4394 494 4458 diem
517 4415 619 4459 unum
639 4394 747 4460 Moses
765 4394 942 4480 restringit,
964 4395 1020 4460 sed
1039 4398 1130 4480 penit
1181 4390 1375 4471 demandae,
1406 4392 1515 4459 Deum
1548 4393 1669 4458 sentire
1700 4392 1823 4458 iustum
1856 4390 2004 4456 indicem.
2060 4392 2155 4478 Ergo

161 4484 246 4550 diem
270 4481 459 4547 hesternum
482 4480 535 4562 qui
558 4480 621 4544 iam
645 4480 821 4563 praeteriit.
859 4478 1025 4562 Quidquid
1044 4482 1129 4546 enim
1181 4477 1292 4543 Moses
1313 4478 1370 4543 uhi
1390 4477 1532 4545 breviter
1554 4477 1671 4555 decuit,
1693 4476 1841 4543 hominos
1861 4477 1966 4541 instar
1987 4477 2070 4540 lumi
2096 4499 2155 4543 na·

160 4570 268 4636 adhuc
290 4576 442 4633 versatur
464 4574 539 4629 ante
560 4566 679 4642 oeulos,
703 4573 828 4631 mentes
850 4573 978 4630 nostras
1001 4568 1129 4632 retinet.
1181 4571 1254 4627 tura
1282 4583 1490 4643 evanescere,
1522 4561 1598 4629 inde
1626 4562 1749 4647 colligit
1777 4584 1842 4628 nen
1872 4582 1943 4627 esse
1972 4562 2094 4627 mirum
2124 4565 2157 4631 si

161 4653 256 4737 Quod
273 4663 381 4717 autem
400 4650 575 4735 praeteriit,
595 4652 703 4715 minos
715 4651 817 4717 afficit
831 4650 881 4716 sui
896 4651 1128 4718 recordatione.
1181 4646 1274 4716 Deua
1295 4648 1458 4715 exanimet
1480 4670 1518 4717 ac
1540 4658 1710 4716 consumat
1731 4668 1810 4731 quos
1830 4648 1866 4712 in
1888 4648 1938 4712 ira
1958 4667 2017 4711 sue
2038 4667 2156 4729 perse·

161 4740 331 4822 Quantum
354 4737 537 4803 adnomen
559 4735 688 4820 vigiliae
709 4746 840 4818 spectat,
862 4736 984 4803 scimus
1002 4747 1130 4803 veteres
1181 4735 1299 4816 quitur.
1331 4734 1482 4800 Notanda
1503 4744 1611 4800 autem
1624 4733 1841 4817 loquutieest,
1864 4732 1981 4811 Deum,
2003 4731 2058 4797 ubi
2082 4735 2155 4801 irae

161 4835 288 4892 nectem
311 4825 344 4888 iu
366 4832 505 4906 quatuor
528 4821 658 4906 vigilias
681 4820 873 4887 distribuere
895 4822 1022 4906 solitos,
1052 4844 1130 4906 qua·
1180 4840 1260 4885 suae
1287 4819 1381 4902 signa
1410 4822 1548 4903 prolsrt,
1582 4840 1701 4902 peneus
1729 4828 1804 4883 ante
1833 4818 1942 4886 ocules
1979 4816 2153 4886 hominnm

162 4934 237 4978 rum
259 4909 407 4994 singulae
429 4908 532 4974 ternis
554 4907 643 4973 heris
673 4909 874 4974 constabant.
919 4908 1129 4975 Extenuandi
1179 4912 1336 4988 peecata:-
1365 4907 1441 4988 quia
1462 4905 1538 4970 inde
1559 4904 1722 4989 sequitur,
1751 4903 1909 4987 quidquid
1938 4903 2155 4973 relaxationis

161 5019 239 5064 vere
262 5015 356 5063 eausa
377 4993 457 5060 haec
480 4993 658 5058 similitudo
680 4992 792 5059 addita
815 5003 881 5074 est,
907 4993 997 5058 mille
1026 5014 1129 5059 annes
1180 4990 1273 5056 nobis
1291 4989 1396 5075 datur,
1415 4991 1480 5057 Dei
1497 4990 1718 5075 indulgentiae
1735 4990 1853 5055 merite
1868 4988 1985 5055 debere
1998 4988 2154 5071 adscribi,

161 5104 269 5150 eoram
291 5081 363 5146 Deo
381 5078 463 5145 nihil
482 5079 612 5145 differre
629 5099 649 5143 a
666 5079 772 5144 tribus
790 5076 878 5144 horis
896 5080 1075 5158 nocturnis,
1093 5080 1128 5144 in
1202 5077 1236 5140 ui
1258 5085 1389 5159 peecata
1411 5097 1447 5142 se
1487 5077 1527 5143 lit
1547 5085 1587 5142 ut
1616 5076 1708 5141 nobis
1736 5083 1857 5158 pareat.
1907 5052 2049 5174 nmrbp
2082 5078 2155 5160 qui·

162 5170 279 5251 quibus
299 5167 359 5231 vix
380 5166 487 5232 sciunt
509 5165 656 5230 hemines
679 5164 856 5249 vigilentnc
883 5185 926 5231 an
955 5163 1128 5230 dormiant.
1180 5097 1254 5226 Ham
1276 5161 1312 5226 in
1334 5180 1433 5227 secun
1456 5184 1475 5228 o
1497 5161 1643 5229 membre
1664 5159 1900 5228 adulescentiae
1928 5172 2079 5225 vertunt:
2115 5184 2155 5229 ue

247 5254 277 5320 b.
300 5250 486 5337 (Ieuadeeti
506 5251 582 5331 soe.)
615 5248 798 5322 Confirmat
818 5249 904 5333 qued
927 5250 1017 5332 prius
1035 5248 1127 5334 dixit,
1180 5248 1208 5317 si
1230 5245 1367 5314 dixisset
1388 5248 1505 5330 Moses,
1527 5246 1674 5317 moecari
1690 5247 1725 5312 iu
1747 5247 1937 5314 memoriam
1960 5243 2156 5314 adulescen-
