<?xml version="1.0" encoding="UTF-8"?>
<!DOCTYPE html PUBLIC "-//W3C//DTD XHTML 1.0 Transitional//EN"
    "http://www.w3.org/TR/xhtml1/DTD/xhtml1-transitional.dtd">
<html xmlns="http://www.w3.org/1999/xhtml" xml:lang="en" lang="en">
 <head>
  <title>
</title>
<meta http-equiv="Content-Type" content="text/html;charset=utf-8" />
  <meta name='ocr-system' content='tesseract 3.04.00' />
  <meta name='ocr-capabilities' content='ocr_page ocr_carea ocr_par ocr_line ocrx_word'/>
</head>
<body>
  <div class='ocr_page' id='page_1' title='image "./corpusreformato05melagoog_0115.png"; bbox 0 0 4658 5856; ppageno 0'>
   <div class='ocr_carea' id='block_1_1' title="bbox 200 343 2197 444">
    <p class='ocr_par' dir='ltr' id='par_1_1' title="bbox 200 343 2197 444">
     <span class='ocr_line' id='line_1_1' title="bbox 200 343 2197 444; baseline -0.009 -19"><span class='ocrx_word' id='word_1_1' title='bbox 200 359 266 425; x_wconf 72' lang='grc' dir='ltr'><strong>ιιι</strong></span> <span class='ocrx_word' id='word_1_2' title='bbox 1056 349 1273 419; x_wconf 75' lang='lat' dir='ltr'><strong>rennues</strong></span> <span class='ocrx_word' id='word_1_3' title='bbox 1296 346 1394 413; x_wconf 80' lang='lat' dir='ltr'><strong>xxi.</strong></span> <span class='ocrx_word' id='word_1_4' title='bbox 1693 430 1700 444; x_wconf 38' lang='lat'><strong>·</strong></span> <span class='ocrx_word' id='word_1_5' title='bbox 2131 343 2197 409; x_wconf 80' lang='lat' dir='ltr'><strong>nra</strong></span> 
     </span>
    </p>
   </div>
   <div class='ocr_carea' id='block_1_2' title="bbox 116 537 2200 3889">
    <p class='ocr_par' dir='ltr' id='par_1_2' title="bbox 116 537 2200 3889">
     <span class='ocr_line' id='line_1_2' title="bbox 201 537 2196 628; baseline -0.005 -12"><span class='ocrx_word' id='word_1_6' title='bbox 201 549 330 616; x_wconf 83' lang='lat' dir='ltr'><strong>saecula</strong></span> <span class='ocrx_word' id='word_1_7' title='bbox 357 547 392 612; x_wconf 94' lang='lat' dir='ltr'><strong>in</strong></span> <span class='ocrx_word' id='word_1_8' title='bbox 426 545 497 611; x_wconf 91' lang='lat' dir='ltr'><strong>eius</strong></span> <span class='ocrx_word' id='word_1_9' title='bbox 531 544 669 628; x_wconf 89' lang='lat' dir='ltr'><strong>posteris</strong></span> <span class='ocrx_word' id='word_1_10' title='bbox 689 542 935 608; x_wconf 74' lang='lat' dir='ltr'><strong>successionem.</strong></span> <span class='ocrx_word' id='word_1_11' title='bbox 979 541 1089 624; x_wconf 83' lang='lat' dir='ltr'><strong>Atque</strong></span> <span class='ocrx_word' id='word_1_12' title='bbox 1111 540 1174 606; x_wconf 93' lang='lat' dir='ltr'><strong>hoo</strong></span> <span class='ocrx_word' id='word_1_13' title='bbox 1227 537 1318 604; x_wconf 85' lang='lat' dir='ltr'><strong>vultu</strong></span> <span class='ocrx_word' id='word_1_14' title='bbox 1347 540 1518 617; x_wconf 86' lang='lat' dir='ltr'><strong>irradians,</strong></span> <span class='ocrx_word' id='word_1_15' title='bbox 1553 537 1710 604; x_wconf 89' lang='lat' dir='ltr'><strong>bonitatis</strong></span> <span class='ocrx_word' id='word_1_16' title='bbox 1738 560 1815 605; x_wconf 88' lang='lat' dir='ltr'><strong>suae</strong></span> <span class='ocrx_word' id='word_1_17' title='bbox 1844 554 1977 624; x_wconf 81' lang='lat' dir='ltr'><strong>gustum</strong></span> <span class='ocrx_word' id='word_1_18' title='bbox 2007 541 2196 623; x_wconf 90' lang='lat' dir='ltr'><strong>praeberet:</strong></span> 
     </span>
     <span class='ocr_line' id='line_1_3' title="bbox 202 624 2197 717; baseline -0.004 -18"><span class='ocrx_word' id='word_1_19' title='bbox 202 656 269 700; x_wconf 93' lang='lat' dir='ltr'><strong>non</strong></span> <span class='ocrx_word' id='word_1_20' title='bbox 299 654 415 717; x_wconf 88' lang='lat' dir='ltr'><strong>parum</strong></span> <span class='ocrx_word' id='word_1_21' title='bbox 440 630 618 713; x_wconf 86' lang='lat' dir='ltr'><strong>amplificat</strong></span> <span class='ocrx_word' id='word_1_22' title='bbox 640 628 702 694; x_wconf 94' lang='lat' dir='ltr'><strong>Dei</strong></span> <span class='ocrx_word' id='word_1_23' title='bbox 730 628 880 712; x_wconf 79' lang='lat' dir='ltr'>gratiam,</span> <span class='ocrx_word' id='word_1_24' title='bbox 908 627 993 709; x_wconf 89' lang='lat' dir='ltr'><strong>quod</strong></span> <span class='ocrx_word' id='word_1_25' title='bbox 1017 627 1173 692; x_wconf 91' lang='lat' dir='ltr'><strong>miserum</strong></span> <span class='ocrx_word' id='word_1_26' title='bbox 1224 624 1498 707; x_wconf 88' lang='lat' dir='ltr'><strong>quemadmodum</strong></span> <span class='ocrx_word' id='word_1_27' title='bbox 1533 624 1665 691; x_wconf 81' lang='lat' dir='ltr'><strong>Psalmo</strong></span> <span class='ocrx_word' id='word_1_28' title='bbox 1701 625 1722 690; x_wconf 87' lang='lat'><strong>3</strong></span> <span class='ocrx_word' id='word_1_29' title='bbox 1750 625 1908 693; x_wconf 84' lang='lat' dir='ltr'><strong>vidimus:</strong></span> <span class='ocrx_word' id='word_1_30' title='bbox 1946 627 2042 691; x_wconf 92' lang='lat' dir='ltr'><strong>multi</strong></span> <span class='ocrx_word' id='word_1_31' title='bbox 2072 626 2197 708; x_wconf 87' lang='lat' dir='ltr'><strong>dieunt,</strong></span> 
     </span>
     <span class='ocr_line' id='line_1_4' title="bbox 201 710 2197 800; baseline -0.004 -14"><span class='ocrx_word' id='word_1_32' title='bbox 201 721 378 795; x_wconf 91' lang='lat' dir='ltr'><strong>hominem,</strong></span> <span class='ocrx_word' id='word_1_33' title='bbox 400 719 533 800; x_wconf 81' lang='lat' dir='ltr'><strong>fereque</strong></span> <span class='ocrx_word' id='word_1_34' title='bbox 556 717 750 789; x_wconf 88' lang='lat' dir='ltr'><strong>exanimem,</strong></span> <span class='ocrx_word' id='word_1_35' title='bbox 773 734 874 796; x_wconf 90' lang='lat' dir='ltr'><strong>quum</strong></span> <span class='ocrx_word' id='word_1_36' title='bbox 893 712 1018 796; x_wconf 88' lang='lat' dir='ltr'><strong>trepida</strong></span> <span class='ocrx_word' id='word_1_37' title='bbox 1035 724 1173 777; x_wconf 90' lang='lat' dir='ltr'><strong>mortem</strong></span> <span class='ocrx_word' id='word_1_38' title='bbox 1223 711 1296 793; x_wconf 89' lang='lat' dir='ltr'><strong>quis</strong></span> <span class='ocrx_word' id='word_1_39' title='bbox 1313 711 1462 777; x_wconf 89' lang='lat' dir='ltr'><strong>ostendet</strong></span> <span class='ocrx_word' id='word_1_40' title='bbox 1480 711 1574 797; x_wconf 86' lang='lat' dir='ltr'><strong>nobie</strong></span> <span class='ocrx_word' id='word_1_41' title='bbox 1592 710 1735 777; x_wconf 87' lang='lat' dir='ltr'><strong>bonum?</strong></span> <span class='ocrx_word' id='word_1_42' title='bbox 1773 711 1907 778; x_wconf 89' lang='lat' dir='ltr'><strong>Illustra</strong></span> <span class='ocrx_word' id='word_1_43' title='bbox 1921 713 2197 779; x_wconf 84' lang='lat' dir='ltr'><strong>Dominefaeiem</strong></span> 
     </span>
     <span class='ocr_line' id='line_1_5' title="bbox 202 797 2198 888; baseline -0.003 -16"><span class='ocrx_word' id='word_1_44' title='bbox 202 807 444 888; x_wconf 66' lang='lat' dir='ltr'><strong>depravaretur,</strong></span> <span class='ocrx_word' id='word_1_45' title='bbox 466 800 697 867; x_wconf 88' lang='lat' dir='ltr'><strong>inaestimabili</strong></span> <span class='ocrx_word' id='word_1_46' title='bbox 719 799 780 864; x_wconf 92' lang='lat' dir='ltr'><strong>hoo</strong></span> <span class='ocrx_word' id='word_1_47' title='bbox 802 799 925 864; x_wconf 87' lang='lat' dir='ltr'><strong>honore</strong></span> <span class='ocrx_word' id='word_1_48' title='bbox 949 798 1103 883; x_wconf 84' lang='lat' dir='ltr'><strong>dignatus</strong></span> <span class='ocrx_word' id='word_1_49' title='bbox 1121 798 1173 874; x_wconf 91' lang='lat' dir='ltr'><strong>sit,</strong></span> <span class='ocrx_word' id='word_1_50' title='bbox 1224 807 1316 861; x_wconf 91' lang='lat' dir='ltr'><strong>tuam</strong></span> <span class='ocrx_word' id='word_1_51' title='bbox 1344 818 1445 881; x_wconf 88' lang='lat' dir='ltr'><strong>super</strong></span> <span class='ocrx_word' id='word_1_52' title='bbox 1475 819 1543 874; x_wconf 89' lang='lat' dir='ltr'><strong>nos,</strong></span> <span class='ocrx_word' id='word_1_53' title='bbox 1573 807 1608 863; x_wconf 89' lang='lat' dir='ltr'><strong>et</strong></span> <span class='ocrx_word' id='word_1_54' title='bbox 1636 797 1721 862; x_wconf 89' lang='lat' dir='ltr'><strong>salvi</strong></span> <span class='ocrx_word' id='word_1_55' title='bbox 1749 799 1882 865; x_wconf 86' lang='lat' dir='ltr'><strong>erimus.</strong></span> <span class='ocrx_word' id='word_1_56' title='bbox 1931 800 1976 864; x_wconf 81' lang='lat' dir='ltr'><strong>Et</strong></span> <span class='ocrx_word' id='word_1_57' title='bbox 2004 820 2085 864; x_wconf 90' lang='lat' dir='ltr'><strong>sane</strong></span> <span class='ocrx_word' id='word_1_58' title='bbox 2117 799 2198 867; x_wconf 84' lang='lat' dir='ltr'><strong>haec</strong></span> 
     </span>
     <span class='ocr_line' id='line_1_6' title="bbox 203 882 2196 974; baseline -0.003 -17"><span class='ocrx_word' id='word_1_59' title='bbox 203 905 241 957; x_wconf 91' lang='lat' dir='ltr'><strong>ut</strong></span> <span class='ocrx_word' id='word_1_60' title='bbox 269 891 381 974; x_wconf 83' lang='lat' dir='ltr'><strong>regale</strong></span> <span class='ocrx_word' id='word_1_61' title='bbox 405 899 568 971; x_wconf 81' lang='lat' dir='ltr'><strong>sceptrum</strong></span> <span class='ocrx_word' id='word_1_62' title='bbox 592 887 631 952; x_wconf 92' lang='lat' dir='ltr'><strong>ad</strong></span> <span class='ocrx_word' id='word_1_63' title='bbox 656 898 801 969; x_wconf 90' lang='lat' dir='ltr'><strong>posteros</strong></span> <span class='ocrx_word' id='word_1_64' title='bbox 823 887 858 949; x_wconf 93' lang='lat' dir='ltr'><strong>in</strong></span> <span class='ocrx_word' id='word_1_65' title='bbox 880 885 1045 951; x_wconf 89' lang='lat' dir='ltr'><strong>saeculum</strong></span> <span class='ocrx_word' id='word_1_66' title='bbox 1071 905 1173 967; x_wconf 90' lang='lat' dir='ltr'><strong>usque</strong></span> <span class='ocrx_word' id='word_1_67' title='bbox 1224 882 1327 947; x_wconf 92' lang='lat' dir='ltr'><strong>eolida</strong></span> <span class='ocrx_word' id='word_1_68' title='bbox 1355 893 1407 948; x_wconf 89' lang='lat' dir='ltr'><strong>est</strong></span> <span class='ocrx_word' id='word_1_69' title='bbox 1435 883 1580 962; x_wconf 77' lang='lat' dir='ltr'><strong>felicitae,</strong></span> <span class='ocrx_word' id='word_1_70' title='bbox 1609 882 1718 948; x_wconf 89' lang='lat' dir='ltr'><strong>Deum</strong></span> <span class='ocrx_word' id='word_1_71' title='bbox 1747 883 1840 948; x_wconf 90' lang='lat' dir='ltr'><strong>nobis</strong></span> <span class='ocrx_word' id='word_1_72' title='bbox 1861 887 2040 970; x_wconf 92' lang='lat' dir='ltr'><strong>propitium</strong></span> <span class='ocrx_word' id='word_1_73' title='bbox 2063 887 2196 965; x_wconf 88' lang='lat' dir='ltr'><strong>sentire,</strong></span> 
     </span>
     <span class='ocr_line' id='line_1_7' title="bbox 201 968 1896 1055; baseline -0.004 -12"><span class='ocrx_word' id='word_1_74' title='bbox 201 978 452 1043; x_wconf 78' lang='lat' dir='ltr'><strong>transmitteret.</strong></span> <span class='ocrx_word' id='word_1_75' title='bbox 497 971 592 1054; x_wconf 79' lang='lat' dir='ltr'><strong>Quod</strong></span> <span class='ocrx_word' id='word_1_76' title='bbox 622 973 753 1055; x_wconf 88' lang='lat' dir='ltr'><strong>quidam</strong></span> <span class='ocrx_word' id='word_1_77' title='bbox 784 984 965 1054; x_wconf 88' lang='lat' dir='ltr'><strong>exponunt,</strong></span> <span class='ocrx_word' id='word_1_78' title='bbox 997 970 1115 1035; x_wconf 90' lang='lat' dir='ltr'><strong>dedisti</strong></span> <span class='ocrx_word' id='word_1_79' title='bbox 1143 970 1173 1035; x_wconf 92' lang='lat' dir='ltr'><strong>ei</strong></span> <span class='ocrx_word' id='word_1_80' title='bbox 1224 978 1264 1033; x_wconf 91' lang='lat' dir='ltr'><strong>ut</strong></span> <span class='ocrx_word' id='word_1_81' title='bbox 1285 969 1378 1052; x_wconf 88' lang='lat' dir='ltr'><strong>quasi</strong></span> <span class='ocrx_word' id='word_1_82' title='bbox 1399 971 1460 1035; x_wconf 89' lang='lat' dir='ltr'><strong>sub</strong></span> <span class='ocrx_word' id='word_1_83' title='bbox 1483 969 1553 1035; x_wconf 91' lang='lat' dir='ltr'><strong>eius</strong></span> <span class='ocrx_word' id='word_1_84' title='bbox 1576 970 1678 1036; x_wconf 89' lang='lat' dir='ltr'><strong>oeulis</strong></span> <span class='ocrx_word' id='word_1_85' title='bbox 1701 968 1896 1037; x_wconf 85' lang='lat' dir='ltr'><strong>habitemus.</strong></span> 
     </span>
     <span class='ocr_line' id='line_1_8' title="bbox 201 1056 1172 1145; baseline -0.01 -16"><span class='ocrx_word' id='word_1_86' title='bbox 201 1066 306 1129; x_wconf 86' lang='lat' dir='ltr'><strong>vitam</strong></span> <span class='ocrx_word' id='word_1_87' title='bbox 333 1083 431 1145; x_wconf 91' lang='lat' dir='ltr'><strong>quam</strong></span> <span class='ocrx_word' id='word_1_88' title='bbox 460 1057 600 1143; x_wconf 91' lang='lat' dir='ltr'><strong>petebat,</strong></span> <span class='ocrx_word' id='word_1_89' title='bbox 629 1067 662 1122; x_wconf 93' lang='lat' dir='ltr'><strong>et</strong></span> <span class='ocrx_word' id='word_1_90' title='bbox 692 1056 823 1140; x_wconf 90' lang='lat' dir='ltr'><strong>quidem</strong></span> <span class='ocrx_word' id='word_1_91' title='bbox 854 1068 891 1121; x_wconf 89' lang='lat' dir='ltr'><strong>ut</strong></span> <span class='ocrx_word' id='word_1_92' title='bbox 913 1057 982 1121; x_wconf 91' lang='lat' dir='ltr'><strong>dies</strong></span> <span class='ocrx_word' id='word_1_93' title='bbox 1004 1057 1075 1121; x_wconf 91' lang='lat' dir='ltr'><strong>eius</strong></span> <span class='ocrx_word' id='word_1_94' title='bbox 1098 1076 1172 1140; x_wconf 90' lang='lat' dir='ltr'><strong>pro·</strong></span> 
     </span>
     <span class='ocr_line' id='line_1_9' title="bbox 203 1140 2197 1225; baseline -0.003 -10"><span class='ocrx_word' id='word_1_95' title='bbox 203 1151 350 1215; x_wconf 81' lang='lat' dir='ltr'><strong>traheres</strong></span> <span class='ocrx_word' id='word_1_96' title='bbox 372 1148 407 1212; x_wconf 90' lang='lat' dir='ltr'><strong>in</strong></span> <span class='ocrx_word' id='word_1_97' title='bbox 431 1146 595 1210; x_wconf 90' lang='lat' dir='ltr'><strong>saeculum</strong></span> <span class='ocrx_word' id='word_1_98' title='bbox 618 1154 651 1209; x_wconf 90' lang='lat' dir='ltr'><strong>et</strong></span> <span class='ocrx_word' id='word_1_99' title='bbox 673 1155 839 1225; x_wconf 89' lang='lat' dir='ltr'><strong>perpetuo,</strong></span> <span class='ocrx_word' id='word_1_100' title='bbox 873 1142 1026 1223; x_wconf 83' lang='lat' dir='ltr'><strong>frigidum</strong></span> <span class='ocrx_word' id='word_1_101' title='bbox 1057 1152 1108 1206; x_wconf 93' lang='lat' dir='ltr'><strong>est</strong></span> <span class='ocrx_word' id='word_1_102' title='bbox 1135 1163 1173 1206; x_wconf 92' lang='lat' dir='ltr'><strong>ao</strong></span> <span class='ocrx_word' id='word_1_103' title='bbox 1309 1141 1338 1206; x_wconf 90' lang='lat'><strong>8.</strong></span> <span class='ocrx_word' id='word_1_104' title='bbox 1367 1140 1451 1222; x_wconf 75' lang='lat' dir='ltr'><strong>Quia</strong></span> <span class='ocrx_word' id='word_1_105' title='bbox 1471 1161 1528 1205; x_wconf 80' lang='lat' dir='ltr'><strong>ren</strong></span> <span class='ocrx_word' id='word_1_106' title='bbox 1548 1146 1656 1224; x_wconf 79' lang='lat' dir='ltr'><strong>eperat</strong></span> <span class='ocrx_word' id='word_1_107' title='bbox 1677 1141 1712 1204; x_wconf 86' lang='lat' dir='ltr'><strong>r‘n</strong></span> <span class='ocrx_word' id='word_1_108' title='bbox 1735 1142 1861 1218; x_wconf 82' lang='lat' dir='ltr'><strong>Ielrouu,</strong></span> <span class='ocrx_word' id='word_1_109' title='bbox 1884 1147 1912 1206; x_wconf 89' lang='lat' dir='ltr'><strong>et</strong></span> <span class='ocrx_word' id='word_1_110' title='bbox 1932 1144 1968 1207; x_wconf 84' lang='lat' dir='ltr'><strong>r&#39;u</strong></span> <span class='ocrx_word' id='word_1_111' title='bbox 1989 1142 2123 1209; x_wconf 81' lang='lat' dir='ltr'><strong>bonitate</strong></span> <span class='ocrx_word' id='word_1_112' title='bbox 2143 1164 2197 1210; x_wconf 79' lang='lat' dir='ltr'><strong>en-</strong></span> 
     </span>
     <span class='ocr_line' id='line_1_10' title="bbox 201 1225 2198 1311; baseline -0.004 -9"><span class='ocrx_word' id='word_1_113' title='bbox 201 1246 361 1302; x_wconf 89' lang='lat' dir='ltr'><strong>coaetum.</strong></span> <span class='ocrx_word' id='word_1_114' title='bbox 406 1229 563 1296; x_wconf 72' lang='lat' dir='ltr'><strong>&#39;sananda</strong></span> <span class='ocrx_word' id='word_1_115' title='bbox 592 1238 643 1294; x_wconf 90' lang='lat' dir='ltr'><strong>est</strong></span> <span class='ocrx_word' id='word_1_116' title='bbox 671 1230 758 1294; x_wconf 91' lang='lat' dir='ltr'><strong>enim</strong></span> <span class='ocrx_word' id='word_1_117' title='bbox 791 1229 851 1293; x_wconf 93' lang='lat' dir='ltr'><strong>illa</strong></span> <span class='ocrx_word' id='word_1_118' title='bbox 883 1227 1058 1293; x_wconf 84' lang='lat' dir='ltr'><strong>antithesis</strong></span> <span class='ocrx_word' id='word_1_119' title='bbox 1085 1228 1174 1292; x_wconf 89' lang='lat' dir='ltr'><strong>inter</strong></span> <span class='ocrx_word' id='word_1_120' title='bbox 1223 1226 1306 1311; x_wconf 76' lang='lat' dir='ltr'><strong>cusi,</strong></span> <span class='ocrx_word' id='word_1_121' title='bbox 1328 1246 1390 1292; x_wconf 91' lang='lat' dir='ltr'><strong>non</strong></span> <span class='ocrx_word' id='word_1_122' title='bbox 1410 1226 1540 1292; x_wconf 82' lang='lat' dir='ltr'><strong>nutabit.</strong></span> <span class='ocrx_word' id='word_1_123' title='bbox 1584 1227 1616 1291; x_wconf 89' lang='grc'><strong>9.</strong></span> <span class='ocrx_word' id='word_1_124' title='bbox 1640 1225 1779 1292; x_wconf 82' lang='lat' dir='ltr'><strong>Inveniet</strong></span> <span class='ocrx_word' id='word_1_125' title='bbox 1801 1248 1915 1293; x_wconf 84' lang='lat' dir='ltr'><strong>monus</strong></span> <span class='ocrx_word' id='word_1_126' title='bbox 1936 1234 1992 1295; x_wconf 86' lang='lat' dir='ltr'><strong>tun</strong></span> <span class='ocrx_word' id='word_1_127' title='bbox 2013 1250 2119 1295; x_wconf 78' lang='lat' dir='ltr'><strong>omnes</strong></span> <span class='ocrx_word' id='word_1_128' title='bbox 2134 1231 2198 1295; x_wconf 80' lang='lat' dir='ltr'><strong>ini·</strong></span> 
     </span>
     <span class='ocr_line' id='line_1_11' title="bbox 202 1313 2197 1405; baseline -0.002 -21"><span class='ocrx_word' id='word_1_129' title='bbox 202 1320 401 1405; x_wconf 89' lang='lat' dir='ltr'><strong>principium</strong></span> <span class='ocrx_word' id='word_1_130' title='bbox 437 1316 531 1398; x_wconf 80' lang='lat' dir='ltr'><strong>regni</strong></span> <span class='ocrx_word' id='word_1_131' title='bbox 563 1315 733 1379; x_wconf 91' lang='lat' dir='ltr'><strong>infirmum</strong></span> <span class='ocrx_word' id='word_1_132' title='bbox 768 1325 802 1379; x_wconf 91' lang='lat' dir='ltr'><strong>et</strong></span> <span class='ocrx_word' id='word_1_133' title='bbox 835 1313 990 1398; x_wconf 86' lang='lat' dir='ltr'><strong>ignobile,</strong></span> <span class='ocrx_word' id='word_1_134' title='bbox 1022 1323 1057 1379; x_wconf 90' lang='lat' dir='ltr'><strong>et</strong></span> <span class='ocrx_word' id='word_1_135' title='bbox 1090 1313 1171 1377; x_wconf 94' lang='lat' dir='ltr'><strong>illud</strong></span> <span class='ocrx_word' id='word_1_136' title='bbox 1223 1313 1319 1378; x_wconf 86' lang='lat' dir='ltr'><strong>mices</strong></span> <span class='ocrx_word' id='word_1_137' title='bbox 1339 1318 1418 1391; x_wconf 83' lang='lat' dir='ltr'><strong>tuos,</strong></span> <span class='ocrx_word' id='word_1_138' title='bbox 1441 1314 1567 1378; x_wconf 75' lang='lat' dir='ltr'><strong>deutera</strong></span> <span class='ocrx_word' id='word_1_139' title='bbox 1585 1319 1640 1377; x_wconf 88' lang='lat' dir='ltr'><strong>tuo</strong></span> <span class='ocrx_word' id='word_1_140' title='bbox 1658 1314 1791 1378; x_wconf 78' lang='lat' dir='ltr'><strong>inueniet</strong></span> <span class='ocrx_word' id='word_1_141' title='bbox 1809 1318 2006 1380; x_wconf 82' lang='lat' dir='ltr'><strong>osorrstuoe.</strong></span> <span class='ocrx_word' id='word_1_142' title='bbox 2031 1314 2197 1382; x_wconf 85' lang='lat' dir='ltr'><strong>10.Pones</strong></span> 
     </span>
     <span class='ocr_line' id='line_1_12' title="bbox 201 1399 2198 1488; baseline -0.002 -16"><span class='ocrx_word' id='word_1_143' title='bbox 201 1406 409 1488; x_wconf 87' lang='lat' dir='ltr'><strong>inopinatum</strong></span> <span class='ocrx_word' id='word_1_144' title='bbox 433 1402 532 1468; x_wconf 91' lang='lat' dir='ltr'><strong>dacus</strong></span> <span class='ocrx_word' id='word_1_145' title='bbox 555 1422 618 1483; x_wconf 89' lang='lat' dir='ltr'><strong>quo</strong></span> <span class='ocrx_word' id='word_1_146' title='bbox 642 1402 734 1465; x_wconf 88' lang='lat' dir='ltr'><strong>Deus</strong></span> <span class='ocrx_word' id='word_1_147' title='bbox 756 1421 889 1465; x_wconf 88' lang='lat' dir='ltr'><strong>servum</strong></span> <span class='ocrx_word' id='word_1_148' title='bbox 912 1420 1011 1464; x_wconf 90' lang='lat' dir='ltr'><strong>suum</strong></span> <span class='ocrx_word' id='word_1_149' title='bbox 1033 1400 1171 1477; x_wconf 83' lang='lat' dir='ltr'><strong>ornarit,</strong></span> <span class='ocrx_word' id='word_1_150' title='bbox 1224 1418 1275 1463; x_wconf 89' lang='lat' dir='ltr'><strong>eoe</strong></span> <span class='ocrx_word' id='word_1_151' title='bbox 1303 1403 1451 1481; x_wconf 78' lang='lat' dir='ltr'><strong>tunquam</strong></span> <span class='ocrx_word' id='word_1_152' title='bbox 1480 1400 1515 1463; x_wconf 84' lang='lat' dir='ltr'><strong>in</strong></span> <span class='ocrx_word' id='word_1_153' title='bbox 1534 1399 1697 1481; x_wconf 82' lang='lat' dir='ltr'><strong>fornacem</strong></span> <span class='ocrx_word' id='word_1_154' title='bbox 1717 1401 1802 1482; x_wconf 80' lang='lat' dir='ltr'><strong>ipnia</strong></span> <span class='ocrx_word' id='word_1_155' title='bbox 1823 1402 1858 1464; x_wconf 83' lang='lat' dir='ltr'><strong>in</strong></span> <span class='ocrx_word' id='word_1_156' title='bbox 1880 1405 2014 1481; x_wconf 80' lang='lat' dir='ltr'><strong>tempore</strong></span> <span class='ocrx_word' id='word_1_157' title='bbox 2034 1403 2105 1466; x_wconf 85' lang='lat' dir='ltr'><strong>irae</strong></span> <span class='ocrx_word' id='word_1_158' title='bbox 2125 1407 2198 1468; x_wconf 85' lang='lat' dir='ltr'><strong>tuoe</strong></span> 
     </span>
     <span class='ocr_line' id='line_1_13' title="bbox 202 1482 2198 1569; baseline -0.002 -11"><span class='ocrx_word' id='word_1_159' title='bbox 202 1500 318 1558; x_wconf 89' lang='lat' dir='ltr'><strong>testem</strong></span> <span class='ocrx_word' id='word_1_160' title='bbox 342 1489 506 1552; x_wconf 86' lang='lat' dir='ltr'><strong>advocans</strong></span> <span class='ocrx_word' id='word_1_161' title='bbox 528 1487 654 1566; x_wconf 87' lang='lat' dir='ltr'><strong>lunam,</strong></span> <span class='ocrx_word' id='word_1_162' title='bbox 676 1488 704 1551; x_wconf 90' lang='lat' dir='ltr'><strong>ei</strong></span> <span class='ocrx_word' id='word_1_163' title='bbox 724 1485 855 1569; x_wconf 90' lang='lat' dir='ltr'><strong>quando</strong></span> <span class='ocrx_word' id='word_1_164' title='bbox 873 1507 984 1551; x_wconf 90' lang='lat' dir='ltr'><strong>semen</strong></span> <span class='ocrx_word' id='word_1_165' title='bbox 1003 1487 1074 1550; x_wconf 89' lang='lat' dir='ltr'><strong>eius</strong></span> <span class='ocrx_word' id='word_1_166' title='bbox 1092 1484 1171 1548; x_wconf 88' lang='lat' dir='ltr'><strong>defi·</strong></span> <span class='ocrx_word' id='word_1_167' title='bbox 1225 1482 1355 1550; x_wconf 77' lang='lat' dir='ltr'><strong>letone:</strong></span> <span class='ocrx_word' id='word_1_168' title='bbox 1389 1485 1424 1548; x_wconf 87' lang='lat' dir='ltr'><strong>in</strong></span> <span class='ocrx_word' id='word_1_169' title='bbox 1456 1485 1508 1550; x_wconf 84' lang='lat' dir='ltr'><strong>iro</strong></span> <span class='ocrx_word' id='word_1_170' title='bbox 1540 1504 1601 1549; x_wconf 81' lang='lat' dir='ltr'><strong>auu</strong></span> <span class='ocrx_word' id='word_1_171' title='bbox 1635 1487 1786 1567; x_wconf 76' lang='lat' dir='ltr'><strong>opprimet</strong></span> <span class='ocrx_word' id='word_1_172' title='bbox 1818 1505 1869 1551; x_wconf 81' lang='lat' dir='ltr'><strong>eos</strong></span> <span class='ocrx_word' id='word_1_173' title='bbox 1901 1492 1929 1551; x_wconf 87' lang='lat' dir='ltr'><strong>et</strong></span> <span class='ocrx_word' id='word_1_174' title='bbox 1958 1493 2116 1553; x_wconf 82' lang='lat' dir='ltr'><strong>consumet</strong></span> <span class='ocrx_word' id='word_1_175' title='bbox 2146 1509 2198 1554; x_wconf 81' lang='lat' dir='ltr'><strong>eea</strong></span> 
     </span>
     <span class='ocr_line' id='line_1_14' title="bbox 200 1570 2197 1657; baseline -0.002 -13"><span class='ocrx_word' id='word_1_176' title='bbox 200 1588 300 1644; x_wconf 87' lang='lat' dir='ltr'><strong>cerat.</strong></span> <span class='ocrx_word' id='word_1_177' title='bbox 347 1573 462 1641; x_wconf 84' lang='lat' dir='ltr'><strong>Simile</strong></span> <span class='ocrx_word' id='word_1_178' title='bbox 485 1574 521 1637; x_wconf 95' lang='lat' dir='ltr'><strong>in</strong></span> <span class='ocrx_word' id='word_1_179' title='bbox 544 1573 678 1638; x_wconf 84' lang='lat' dir='ltr'><strong>Christo</strong></span> <span class='ocrx_word' id='word_1_180' title='bbox 707 1593 834 1654; x_wconf 90' lang='lat' dir='ltr'><strong>quoque</strong></span> <span class='ocrx_word' id='word_1_181' title='bbox 856 1572 1022 1654; x_wconf 85' lang='lat' dir='ltr'><strong>specimen</strong></span> <span class='ocrx_word' id='word_1_182' title='bbox 1045 1570 1170 1636; x_wconf 92' lang='lat' dir='ltr'><strong>editum</strong></span> <span class='ocrx_word' id='word_1_183' title='bbox 1223 1570 1317 1654; x_wconf 82' lang='lat' dir='ltr'><strong>ipnie.</strong></span> <span class='ocrx_word' id='word_1_184' title='bbox 1364 1570 1413 1634; x_wconf 91' lang='grc'><strong>11.</strong></span> <span class='ocrx_word' id='word_1_185' title='bbox 1438 1570 1591 1635; x_wconf 80' lang='lat' dir='ltr'><strong>Fructum</strong></span> <span class='ocrx_word' id='word_1_186' title='bbox 1617 1591 1723 1636; x_wconf 90' lang='lat' dir='ltr'><strong>eorum</strong></span> <span class='ocrx_word' id='word_1_187' title='bbox 1751 1577 1872 1637; x_wconf 84' lang='lat' dir='ltr'><strong>eterra</strong></span> <span class='ocrx_word' id='word_1_188' title='bbox 1888 1573 2015 1657; x_wconf 76' lang='lat' dir='ltr'><strong>pudes,</strong></span> <span class='ocrx_word' id='word_1_189' title='bbox 2044 1579 2197 1641; x_wconf 84' lang='lat' dir='ltr'><strong>etsemen</strong></span> 
     </span>
     <span class='ocr_line' id='line_1_15' title="bbox 200 1655 1665 1743; baseline -0.004 -16"><span class='ocrx_word' id='word_1_190' title='bbox 200 1665 272 1740; x_wconf 85' lang='lat' dir='ltr'><strong>fuit,</strong></span> <span class='ocrx_word' id='word_1_191' title='bbox 302 1681 399 1743; x_wconf 90' lang='lat' dir='ltr'><strong>quem</strong></span> <span class='ocrx_word' id='word_1_192' title='bbox 430 1661 529 1724; x_wconf 90' lang='lat' dir='ltr'><strong>Pater</strong></span> <span class='ocrx_word' id='word_1_193' title='bbox 557 1679 576 1724; x_wconf 91' lang='lat' dir='ltr'><strong>a</strong></span> <span class='ocrx_word' id='word_1_194' title='bbox 606 1668 804 1740; x_wconf 88' lang='lat' dir='ltr'><strong>contemptu,</strong></span> <span class='ocrx_word' id='word_1_195' title='bbox 831 1658 1023 1742; x_wconf 83' lang='lat' dir='ltr'><strong>ignominia,</strong></span> <span class='ocrx_word' id='word_1_196' title='bbox 1056 1669 1170 1733; x_wconf 90' lang='lat' dir='ltr'><strong>morte,</strong></span> <span class='ocrx_word' id='word_1_197' title='bbox 1223 1677 1328 1722; x_wconf 84' lang='lat' dir='ltr'><strong>eorum</strong></span> <span class='ocrx_word' id='word_1_198' title='bbox 1348 1677 1371 1721; x_wconf 86' lang='lat' dir='ltr'><strong>u</strong></span> <span class='ocrx_word' id='word_1_199' title='bbox 1390 1655 1471 1737; x_wconf 78' lang='lat' dir='ltr'><strong>filiis</strong></span> <span class='ocrx_word' id='word_1_200' title='bbox 1492 1655 1665 1721; x_wconf 82' lang='lat' dir='ltr'><strong>hominum.</strong></span> 
     </span>
     <span class='ocr_line' id='line_1_16' title="bbox 200 1743 1172 1832; baseline -0.008 -18"><span class='ocrx_word' id='word_1_201' title='bbox 200 1748 359 1832; x_wconf 82' lang='lat' dir='ltr'><strong>sepulcro,</strong></span> <span class='ocrx_word' id='word_1_202' title='bbox 388 1745 625 1829; x_wconf 91' lang='lat' dir='ltr'><strong>desperatione,</strong></span> <span class='ocrx_word' id='word_1_203' title='bbox 655 1745 688 1808; x_wconf 93' lang='lat' dir='ltr'><strong>in</strong></span> <span class='ocrx_word' id='word_1_204' title='bbox 712 1744 852 1809; x_wconf 90' lang='lat' dir='ltr'><strong>eoeleste</strong></span> <span class='ocrx_word' id='word_1_205' title='bbox 881 1743 1056 1825; x_wconf 91' lang='lat' dir='ltr'><strong>imperium</strong></span> <span class='ocrx_word' id='word_1_206' title='bbox 1079 1757 1172 1807; x_wconf 88' lang='lat' dir='ltr'><strong>extu·</strong></span> 
     </span>
     <span class='ocr_line' id='line_1_17' title="bbox 196 1826 2198 1915; baseline -0.001 -15"><span class='ocrx_word' id='word_1_207' title='bbox 196 1834 246 1911; x_wconf 88' lang='lat' dir='ltr'><strong>lit,</strong></span> <span class='ocrx_word' id='word_1_208' title='bbox 277 1844 316 1898; x_wconf 90' lang='lat' dir='ltr'><strong>ut</strong></span> <span class='ocrx_word' id='word_1_209' title='bbox 345 1832 459 1897; x_wconf 88' lang='lat' dir='ltr'><strong>sedeat</strong></span> <span class='ocrx_word' id='word_1_210' title='bbox 480 1843 638 1915; x_wconf 90' lang='lat' dir='ltr'><strong>perpetuo</strong></span> <span class='ocrx_word' id='word_1_211' title='bbox 668 1829 801 1895; x_wconf 87' lang='lat' dir='ltr'><strong>adeius</strong></span> <span class='ocrx_word' id='word_1_212' title='bbox 831 1827 1012 1908; x_wconf 89' lang='lat' dir='ltr'><strong>dexteram,</strong></span> <span class='ocrx_word' id='word_1_213' title='bbox 1042 1828 1172 1894; x_wconf 85' lang='lat' dir='ltr'><strong>futurus</strong></span> <span class='ocrx_word' id='word_1_214' title='bbox 1310 1828 1340 1893; x_wconf 90' lang='grc'><strong>8.</strong></span> <span class='ocrx_word' id='word_1_215' title='bbox 1363 1826 1463 1914; x_wconf 77' lang='lat' dir='ltr'><strong>(Quia</strong></span> <span class='ocrx_word' id='word_1_216' title='bbox 1491 1848 1549 1892; x_wconf 81' lang='lat' dir='ltr'><strong>ren</strong></span> <span class='ocrx_word' id='word_1_217' title='bbox 1576 1828 1703 1914; x_wconf 81' lang='lat' dir='ltr'><strong>speret.)</strong></span> <span class='ocrx_word' id='word_1_218' title='bbox 1756 1830 1823 1895; x_wconf 91' lang='lat' dir='ltr'><strong>Hie</strong></span> <span class='ocrx_word' id='word_1_219' title='bbox 1852 1851 1983 1896; x_wconf 90' lang='lat' dir='ltr'><strong>rursum</strong></span> <span class='ocrx_word' id='word_1_220' title='bbox 2012 1830 2198 1913; x_wconf 72' lang='lat' dir='ltr'><strong>gloriantur</strong></span> 
     </span>
     <span class='ocr_line' id='line_1_18' title="bbox 198 1915 2196 2000; baseline -0.002 -15"><span class='ocrx_word' id='word_1_221' title='bbox 198 1920 329 1986; x_wconf 90' lang='lat' dir='ltr'><strong>tandem</strong></span> <span class='ocrx_word' id='word_1_222' title='bbox 354 1916 453 1981; x_wconf 88' lang='lat' dir='ltr'><strong>iudex</strong></span> <span class='ocrx_word' id='word_1_223' title='bbox 476 1916 601 1981; x_wconf 90' lang='lat' dir='ltr'><strong>mundi.</strong></span> <span class='ocrx_word' id='word_1_224' title='bbox 1223 1915 1328 1978; x_wconf 90' lang='lat' dir='ltr'><strong>sancti</strong></span> <span class='ocrx_word' id='word_1_225' title='bbox 1358 1934 1469 1997; x_wconf 83' lang='lat' dir='ltr'><strong>regem</strong></span> <span class='ocrx_word' id='word_1_226' title='bbox 1499 1935 1595 1978; x_wconf 90' lang='lat' dir='ltr'><strong>suum</strong></span> <span class='ocrx_word' id='word_1_227' title='bbox 1623 1917 1692 1979; x_wconf 88' lang='lat' dir='ltr'><strong>lore</strong></span> <span class='ocrx_word' id='word_1_228' title='bbox 1720 1916 1878 1996; x_wconf 90' lang='lat' dir='ltr'><strong>stabilem,</strong></span> <span class='ocrx_word' id='word_1_229' title='bbox 1910 1919 1986 2000; x_wconf 90' lang='lat' dir='ltr'><strong>quia</strong></span> <span class='ocrx_word' id='word_1_230' title='bbox 2014 1916 2087 1982; x_wconf 93' lang='lat' dir='ltr'><strong>Deo</strong></span> <span class='ocrx_word' id='word_1_231' title='bbox 2110 1917 2196 1982; x_wconf 89' lang='lat' dir='ltr'><strong>inni·</strong></span> 
     </span>
     <span class='ocr_line' id='line_1_19' title="bbox 284 1999 2198 2090; baseline -0.001 -20"><span class='ocrx_word' id='word_1_232' title='bbox 284 2006 313 2070; x_wconf 88' lang='grc'><strong>6.</strong></span> <span class='ocrx_word' id='word_1_233' title='bbox 343 2001 482 2090; x_wconf 70' lang='lat' dir='ltr'><strong>(Meque</strong></span> <span class='ocrx_word' id='word_1_234' title='bbox 510 2002 616 2085; x_wconf 80' lang='lat' dir='ltr'><strong>pierio</strong></span> <span class='ocrx_word' id='word_1_235' title='bbox 637 2001 729 2088; x_wconf 82' lang='lat' dir='ltr'><strong>eine.)</strong></span> <span class='ocrx_word' id='word_1_236' title='bbox 781 1999 955 2085; x_wconf 86' lang='lat' dir='ltr'><strong>Significat</strong></span> <span class='ocrx_word' id='word_1_237' title='bbox 982 2000 1035 2067; x_wconf 91' lang='lat' dir='ltr'><strong>his</strong></span> <span class='ocrx_word' id='word_1_238' title='bbox 1063 1999 1172 2065; x_wconf 88' lang='lat' dir='ltr'><strong>verbis</strong></span> <span class='ocrx_word' id='word_1_239' title='bbox 1224 2000 1320 2064; x_wconf 87' lang='lat' dir='ltr'><strong>titur:</strong></span> <span class='ocrx_word' id='word_1_240' title='bbox 1344 2012 1377 2064; x_wconf 93' lang='lat' dir='ltr'><strong>et</strong></span> <span class='ocrx_word' id='word_1_241' title='bbox 1398 1999 1532 2065; x_wconf 92' lang='lat' dir='ltr'><strong>modum</strong></span> <span class='ocrx_word' id='word_1_242' title='bbox 1555 2021 1682 2083; x_wconf 90' lang='lat' dir='ltr'><strong>quoque</strong></span> <span class='ocrx_word' id='word_1_243' title='bbox 1704 2004 1903 2084; x_wconf 90' lang='lat' dir='ltr'><strong>exprimunt,</strong></span> <span class='ocrx_word' id='word_1_244' title='bbox 1932 2024 2051 2085; x_wconf 90' lang='lat' dir='ltr'><strong>nempe</strong></span> <span class='ocrx_word' id='word_1_245' title='bbox 2071 2004 2106 2068; x_wconf 92' lang='lat' dir='ltr'><strong>in</strong></span> <span class='ocrx_word' id='word_1_246' title='bbox 2130 2025 2198 2087; x_wconf 90' lang='lat' dir='ltr'><strong>epe,</strong></span> 
     </span>
     <span class='ocr_line' id='line_1_20' title="bbox 197 2084 2198 2176; baseline -0.001 -19"><span class='ocrx_word' id='word_1_247' title='bbox 197 2092 338 2176; x_wconf 91' lang='lat' dir='ltr'><strong>populus</strong></span> <span class='ocrx_word' id='word_1_248' title='bbox 361 2111 472 2171; x_wconf 83' lang='lat' dir='ltr'><strong>regem</strong></span> <span class='ocrx_word' id='word_1_249' title='bbox 496 2109 604 2165; x_wconf 91' lang='lat' dir='ltr'><strong>suum,</strong></span> <span class='ocrx_word' id='word_1_250' title='bbox 628 2089 703 2170; x_wconf 90' lang='lat' dir='ltr'><strong>quia</strong></span> <span class='ocrx_word' id='word_1_251' title='bbox 725 2086 789 2151; x_wconf 89' lang='lat' dir='ltr'><strong>Dei</strong></span> <span class='ocrx_word' id='word_1_252' title='bbox 814 2109 912 2151; x_wconf 92' lang='lat' dir='ltr'><strong>manu</strong></span> <span class='ocrx_word' id='word_1_253' title='bbox 935 2089 1118 2170; x_wconf 80' lang='lat' dir='ltr'><strong>protegitur</strong></span> <span class='ocrx_word' id='word_1_254' title='bbox 1140 2095 1172 2150; x_wconf 91' lang='lat' dir='ltr'><strong>et</strong></span> <span class='ocrx_word' id='word_1_255' title='bbox 1224 2086 1277 2150; x_wconf 85' lang='lat' dir='ltr'><strong>vel</strong></span> <span class='ocrx_word' id='word_1_256' title='bbox 1299 2084 1430 2151; x_wconf 87' lang='lat' dir='ltr'><strong>fiducia.</strong></span> <span class='ocrx_word' id='word_1_257' title='bbox 1475 2087 1546 2169; x_wconf 79' lang='lat' dir='ltr'><strong>Ego</strong></span> <span class='ocrx_word' id='word_1_258' title='bbox 1569 2108 1634 2151; x_wconf 91' lang='lat' dir='ltr'><strong>uno</strong></span> <span class='ocrx_word' id='word_1_259' title='bbox 1657 2096 1812 2153; x_wconf 87' lang='lat' dir='ltr'><strong>contextu</strong></span> <span class='ocrx_word' id='word_1_260' title='bbox 1835 2099 1938 2153; x_wconf 91' lang='lat' dir='ltr'><strong>totum</strong></span> <span class='ocrx_word' id='word_1_261' title='bbox 1963 2110 2093 2154; x_wconf 84' lang='lat' dir='ltr'><strong>versum</strong></span> <span class='ocrx_word' id='word_1_262' title='bbox 2112 2089 2198 2174; x_wconf 78' lang='lat' dir='ltr'><strong>lego,</strong></span> 
     </span>
     <span class='ocr_line' id='line_1_21' title="bbox 116 2171 2199 2259; baseline 0.001 -22"><span class='ocrx_word' id='word_1_263' title='bbox 116 2232 118 2237; x_wconf 81' lang='grc'>,</span> <span class='ocrx_word' id='word_1_264' title='bbox 197 2178 322 2242; x_wconf 86' lang='lat' dir='ltr'><strong>auxilio</strong></span> <span class='ocrx_word' id='word_1_265' title='bbox 344 2174 512 2250; x_wconf 89' lang='lat' dir='ltr'><strong>liberetur,</strong></span> <span class='ocrx_word' id='word_1_266' title='bbox 542 2176 647 2257; x_wconf 86' lang='lat' dir='ltr'><strong>megia</strong></span> <span class='ocrx_word' id='word_1_267' title='bbox 668 2173 831 2237; x_wconf 90' lang='lat' dir='ltr'><strong>illustram</strong></span> <span class='ocrx_word' id='word_1_268' title='bbox 856 2174 923 2237; x_wconf 86' lang='lat' dir='ltr'><strong>lore</strong></span> <span class='ocrx_word' id='word_1_269' title='bbox 946 2193 1043 2254; x_wconf 89' lang='lat' dir='ltr'><strong>quam</strong></span> <span class='ocrx_word' id='word_1_270' title='bbox 1067 2173 1094 2236; x_wconf 92' lang='lat' dir='ltr'><strong>si</strong></span> <span class='ocrx_word' id='word_1_271' title='bbox 1118 2172 1171 2236; x_wconf 84' lang='lat' dir='ltr'><strong>vel</strong></span> <span class='ocrx_word' id='word_1_272' title='bbox 1223 2181 1261 2235; x_wconf 93' lang='lat' dir='ltr'><strong>ut</strong></span> <span class='ocrx_word' id='word_1_273' title='bbox 1280 2181 1409 2236; x_wconf 89' lang='lat' dir='ltr'><strong>tantum</strong></span> <span class='ocrx_word' id='word_1_274' title='bbox 1428 2171 1472 2235; x_wconf 88' lang='lat' dir='ltr'><strong>sit</strong></span> <span class='ocrx_word' id='word_1_275' title='bbox 1489 2193 1593 2236; x_wconf 92' lang='lat' dir='ltr'><strong>unum</strong></span> <span class='ocrx_word' id='word_1_276' title='bbox 1612 2174 1792 2256; x_wconf 88' lang='lat' dir='ltr'><strong>principale</strong></span> <span class='ocrx_word' id='word_1_277' title='bbox 1812 2173 1957 2252; x_wconf 86' lang='lat' dir='ltr'><strong>verbum,</strong></span> <span class='ocrx_word' id='word_1_278' title='bbox 1977 2196 2101 2259; x_wconf 81' lang='lat' dir='ltr'><strong>regem,</strong></span> <span class='ocrx_word' id='word_1_279' title='bbox 2119 2175 2199 2258; x_wconf 87' lang='lat' dir='ltr'><strong>quia</strong></span> 
     </span>
     <span class='ocr_line' id='line_1_22' title="bbox 198 2256 2199 2345; baseline -0.001 -16"><span class='ocrx_word' id='word_1_280' title='bbox 198 2261 374 2345; x_wconf 89' lang='lat' dir='ltr'><strong>tranquille</strong></span> <span class='ocrx_word' id='word_1_281' title='bbox 396 2281 469 2325; x_wconf 91' lang='lat' dir='ltr'><strong>cum</strong></span> <span class='ocrx_word' id='word_1_282' title='bbox 493 2261 639 2323; x_wconf 90' lang='lat' dir='ltr'><strong>omnium</strong></span> <span class='ocrx_word' id='word_1_283' title='bbox 664 2259 780 2340; x_wconf 90' lang='lat' dir='ltr'><strong>plausu</strong></span> <span class='ocrx_word' id='word_1_284' title='bbox 803 2268 967 2342; x_wconf 87' lang='lat' dir='ltr'><strong>regnaret,</strong></span> <span class='ocrx_word' id='word_1_285' title='bbox 989 2258 1041 2324; x_wconf 84' lang='lat' dir='ltr'><strong>vel</strong></span> <span class='ocrx_word' id='word_1_286' title='bbox 1065 2258 1171 2322; x_wconf 93' lang='lat' dir='ltr'><strong>homi·</strong></span> <span class='ocrx_word' id='word_1_287' title='bbox 1223 2278 1282 2340; x_wconf 92' lang='lat' dir='ltr'><strong>spe</strong></span> <span class='ocrx_word' id='word_1_288' title='bbox 1311 2256 1466 2323; x_wconf 87' lang='lat' dir='ltr'><strong>fundatus</strong></span> <span class='ocrx_word' id='word_1_289' title='bbox 1494 2260 1554 2323; x_wconf 90' lang='lat' dir='ltr'><strong>erit</strong></span> <span class='ocrx_word' id='word_1_290' title='bbox 1585 2259 1619 2323; x_wconf 91' lang='lat' dir='ltr'><strong>in</strong></span> <span class='ocrx_word' id='word_1_291' title='bbox 1649 2258 1722 2324; x_wconf 92' lang='lat' dir='ltr'><strong>Deo</strong></span> <span class='ocrx_word' id='word_1_292' title='bbox 1752 2261 1885 2342; x_wconf 87' lang='lat' dir='ltr'><strong>eiusque</strong></span> <span class='ocrx_word' id='word_1_293' title='bbox 1909 2261 2062 2339; x_wconf 91' lang='lat' dir='ltr'><strong>bonitate,</strong></span> <span class='ocrx_word' id='word_1_294' title='bbox 2092 2263 2199 2327; x_wconf 83' lang='lat' dir='ltr'><strong>ruinis</strong></span> 
     </span>
     <span class='ocr_line' id='line_1_23' title="bbox 198 2342 2198 2429; baseline -0.001 -15"><span class='ocrx_word' id='word_1_295' title='bbox 198 2371 277 2414; x_wconf 91' lang='lat' dir='ltr'><strong>num</strong></span> <span class='ocrx_word' id='word_1_296' title='bbox 312 2345 427 2429; x_wconf 91' lang='lat' dir='ltr'><strong>opibus</strong></span> <span class='ocrx_word' id='word_1_297' title='bbox 460 2353 493 2410; x_wconf 89' lang='lat' dir='ltr'><strong>et</strong></span> <span class='ocrx_word' id='word_1_298' title='bbox 526 2343 689 2428; x_wconf 87' lang='lat' dir='ltr'><strong>praesidio</strong></span> <span class='ocrx_word' id='word_1_299' title='bbox 717 2344 871 2410; x_wconf 82' lang='lat' dir='ltr'><strong>defensus</strong></span> <span class='ocrx_word' id='word_1_300' title='bbox 901 2355 996 2425; x_wconf 85' lang='lat' dir='ltr'><strong>esset,</strong></span> <span class='ocrx_word' id='word_1_301' title='bbox 1030 2344 1081 2408; x_wconf 85' lang='lat' dir='ltr'><strong>vel</strong></span> <span class='ocrx_word' id='word_1_302' title='bbox 1112 2365 1172 2408; x_wconf 86' lang='lat' dir='ltr'><strong>sua</strong></span> <span class='ocrx_word' id='word_1_303' title='bbox 1224 2364 1306 2425; x_wconf 86' lang='lat' dir='ltr'><strong>quae</strong></span> <span class='ocrx_word' id='word_1_304' title='bbox 1337 2342 1436 2408; x_wconf 91' lang='lat' dir='ltr'><strong>huius</strong></span> <span class='ocrx_word' id='word_1_305' title='bbox 1460 2344 1573 2409; x_wconf 88' lang='lat' dir='ltr'><strong>mundi</strong></span> <span class='ocrx_word' id='word_1_306' title='bbox 1597 2366 1699 2429; x_wconf 82' lang='lat' dir='ltr'><strong>regna</strong></span> <span class='ocrx_word' id='word_1_307' title='bbox 1721 2357 1881 2421; x_wconf 87' lang='lat' dir='ltr'><strong>evertunt,</strong></span> <span class='ocrx_word' id='word_1_308' title='bbox 1915 2370 1981 2412; x_wconf 91' lang='lat' dir='ltr'><strong>non</strong></span> <span class='ocrx_word' id='word_1_309' title='bbox 2004 2348 2073 2412; x_wconf 87' lang='lat' dir='ltr'><strong>fore</strong></span> <span class='ocrx_word' id='word_1_310' title='bbox 2095 2347 2198 2412; x_wconf 89' lang='lat' dir='ltr'><strong>obno-</strong></span> 
     </span>
     <span class='ocr_line' id='line_1_24' title="bbox 198 2429 2197 2516; baseline -0.001 -17"><span class='ocrx_word' id='word_1_311' title='bbox 198 2435 336 2516; x_wconf 91' lang='lat' dir='ltr'><strong>deniqua</strong></span> <span class='ocrx_word' id='word_1_312' title='bbox 360 2434 481 2496; x_wconf 88' lang='lat' dir='ltr'><strong>virtute</strong></span> <span class='ocrx_word' id='word_1_313' title='bbox 504 2440 537 2495; x_wconf 93' lang='lat' dir='ltr'><strong>et</strong></span> <span class='ocrx_word' id='word_1_314' title='bbox 559 2429 722 2495; x_wconf 90' lang='lat' dir='ltr'><strong>industria</strong></span> <span class='ocrx_word' id='word_1_315' title='bbox 743 2431 888 2495; x_wconf 87' lang='lat' dir='ltr'><strong>stetisset</strong></span> <span class='ocrx_word' id='word_1_316' title='bbox 910 2430 1065 2495; x_wconf 89' lang='lat' dir='ltr'><strong>invictus:</strong></span> <span class='ocrx_word' id='word_1_317' title='bbox 1095 2430 1172 2512; x_wconf 86' lang='lat' dir='ltr'><strong>quie</strong></span> <span class='ocrx_word' id='word_1_318' title='bbox 1224 2430 1324 2494; x_wconf 90' lang='lat' dir='ltr'><strong>xium.</strong></span> <span class='ocrx_word' id='word_1_319' title='bbox 1365 2429 1477 2506; x_wconf 88' lang='lat' dir='ltr'><strong>Porro,</strong></span> <span class='ocrx_word' id='word_1_320' title='bbox 1500 2451 1600 2511; x_wconf 92' lang='lat' dir='ltr'><strong>quum</strong></span> <span class='ocrx_word' id='word_1_321' title='bbox 1619 2444 1695 2495; x_wconf 89' lang='lat' dir='ltr'><strong>ante</strong></span> <span class='ocrx_word' id='word_1_322' title='bbox 1714 2433 1836 2497; x_wconf 91' lang='lat' dir='ltr'><strong>dictum</strong></span> <span class='ocrx_word' id='word_1_323' title='bbox 1856 2433 1961 2510; x_wconf 86' lang='lat' dir='ltr'><strong>luerit,</strong></span> <span class='ocrx_word' id='word_1_324' title='bbox 1985 2453 2197 2516; x_wconf 88' lang='lat' dir='ltr'><strong>quaeeunque</strong></span> 
     </span>
     <span class='ocr_line' id='line_1_25' title="bbox 197 2514 2197 2600; baseline -0.001 -15"><span class='ocrx_word' id='word_1_325' title='bbox 197 2521 274 2585; x_wconf 92' lang='lat' dir='ltr'><strong>inde</strong></span> <span class='ocrx_word' id='word_1_326' title='bbox 307 2518 428 2584; x_wconf 88' lang='lat' dir='ltr'><strong>clarius</strong></span> <span class='ocrx_word' id='word_1_327' title='bbox 461 2517 621 2598; x_wconf 90' lang='lat' dir='ltr'><strong>apparuit,</strong></span> <span class='ocrx_word' id='word_1_328' title='bbox 657 2537 722 2579; x_wconf 90' lang='lat' dir='ltr'><strong>non</strong></span> <span class='ocrx_word' id='word_1_329' title='bbox 757 2517 820 2580; x_wconf 89' lang='lat' dir='ltr'><strong>nisi</strong></span> <span class='ocrx_word' id='word_1_330' title='bbox 854 2514 917 2580; x_wconf 92' lang='lat' dir='ltr'><strong>Dei</strong></span> <span class='ocrx_word' id='word_1_331' title='bbox 952 2514 1105 2598; x_wconf 87' lang='lat' dir='ltr'><strong>auspiciis</strong></span> <span class='ocrx_word' id='word_1_332' title='bbox 1138 2524 1171 2579; x_wconf 91' lang='lat' dir='ltr'><strong>et</strong></span> <span class='ocrx_word' id='word_1_333' title='bbox 1223 2515 1294 2597; x_wconf 82' lang='lat' dir='ltr'><strong>regi</strong></span> <span class='ocrx_word' id='word_1_334' title='bbox 1323 2536 1383 2579; x_wconf 92' lang='lat' dir='ltr'><strong>suo</strong></span> <span class='ocrx_word' id='word_1_335' title='bbox 1413 2515 1562 2580; x_wconf 90' lang='lat' dir='ltr'><strong>tribuunt</strong></span> <span class='ocrx_word' id='word_1_336' title='bbox 1584 2516 1705 2593; x_wconf 88' lang='lat' dir='ltr'><strong>fideles,</strong></span> <span class='ocrx_word' id='word_1_337' title='bbox 1733 2531 1881 2600; x_wconf 89' lang='lat' dir='ltr'><strong>spectare</strong></span> <span class='ocrx_word' id='word_1_338' title='bbox 1902 2517 1943 2583; x_wconf 88' lang='lat' dir='ltr'><strong>ad</strong></span> <span class='ocrx_word' id='word_1_339' title='bbox 1966 2530 2073 2584; x_wconf 90' lang='lat' dir='ltr'><strong>totum</strong></span> <span class='ocrx_word' id='word_1_340' title='bbox 2097 2521 2197 2586; x_wconf 89' lang='lat' dir='ltr'><strong>ecele-</strong></span> 
     </span>
     <span class='ocr_line' id='line_1_26' title="bbox 196 2600 2199 2688; baseline -0 -17"><span class='ocrx_word' id='word_1_341' title='bbox 196 2603 351 2671; x_wconf 87' lang='lat' dir='ltr'><strong>mandate</strong></span> <span class='ocrx_word' id='word_1_342' title='bbox 384 2602 579 2686; x_wconf 82' lang='lat' dir='ltr'><strong>dignitatem</strong></span> <span class='ocrx_word' id='word_1_343' title='bbox 617 2602 740 2684; x_wconf 88' lang='lat' dir='ltr'><strong>regiam</strong></span> <span class='ocrx_word' id='word_1_344' title='bbox 773 2601 927 2682; x_wconf 89' lang='lat' dir='ltr'><strong>adeptum</strong></span> <span class='ocrx_word' id='word_1_345' title='bbox 961 2621 1042 2665; x_wconf 89' lang='lat' dir='ltr'><strong>essa.</strong></span> <span class='ocrx_word' id='word_1_346' title='bbox 1095 2600 1171 2665; x_wconf 91' lang='lat' dir='ltr'><strong>Hoe</strong></span> <span class='ocrx_word' id='word_1_347' title='bbox 1223 2601 1290 2665; x_wconf 89' lang='lat' dir='ltr'><strong>siae</strong></span> <span class='ocrx_word' id='word_1_348' title='bbox 1312 2621 1440 2683; x_wconf 90' lang='lat' dir='ltr'><strong>eorpus,</strong></span> <span class='ocrx_word' id='word_1_349' title='bbox 1462 2603 1646 2666; x_wconf 90' lang='lat' dir='ltr'><strong>communis</strong></span> <span class='ocrx_word' id='word_1_350' title='bbox 1667 2601 1721 2667; x_wconf 90' lang='lat' dir='ltr'><strong>hic</strong></span> <span class='ocrx_word' id='word_1_351' title='bbox 1743 2604 1880 2668; x_wconf 84' lang='lat' dir='ltr'><strong>offertur</strong></span> <span class='ocrx_word' id='word_1_352' title='bbox 1903 2606 2082 2688; x_wconf 85' lang='lat' dir='ltr'><strong>promissio,</strong></span> <span class='ocrx_word' id='word_1_353' title='bbox 2113 2626 2199 2687; x_wconf 89' lang='lat' dir='ltr'><strong>quae</strong></span> 
     </span>
     <span class='ocr_line' id='line_1_27' title="bbox 196 2685 2200 2775; baseline -0.001 -18"><span class='ocrx_word' id='word_1_354' title='bbox 196 2713 274 2775; x_wconf 82' lang='lat' dir='ltr'><strong>ergo</strong></span> <span class='ocrx_word' id='word_1_355' title='bbox 291 2689 422 2772; x_wconf 83' lang='lat' dir='ltr'><strong>regibus</strong></span> <span class='ocrx_word' id='word_1_356' title='bbox 442 2689 588 2770; x_wconf 87' lang='lat' dir='ltr'><strong>profanis</strong></span> <span class='ocrx_word' id='word_1_357' title='bbox 607 2688 800 2768; x_wconf 89' lang='lat' dir='ltr'><strong>relinquunt</strong></span> <span class='ocrx_word' id='word_1_358' title='bbox 818 2685 939 2758; x_wconf 87' lang='lat' dir='ltr'><strong>fideles,</strong></span> <span class='ocrx_word' id='word_1_359' title='bbox 963 2695 1000 2749; x_wconf 92' lang='lat' dir='ltr'><strong>ut</strong></span> <span class='ocrx_word' id='word_1_360' title='bbox 1018 2707 1053 2767; x_wconf 80' lang='lat' dir='ltr'><strong>aa</strong></span> <span class='ocrx_word' id='word_1_361' title='bbox 1073 2687 1169 2751; x_wconf 90' lang='lat' dir='ltr'><strong>rebus</strong></span> <span class='ocrx_word' id='word_1_362' title='bbox 1223 2706 1282 2750; x_wconf 91' lang='lat' dir='ltr'><strong>noe</strong></span> <span class='ocrx_word' id='word_1_363' title='bbox 1305 2686 1391 2750; x_wconf 90' lang='lat' dir='ltr'><strong>inter</strong></span> <span class='ocrx_word' id='word_1_364' title='bbox 1414 2689 1520 2751; x_wconf 86' lang='lat' dir='ltr'><strong>varias</strong></span> <span class='ocrx_word' id='word_1_365' title='bbox 1542 2686 1657 2751; x_wconf 93' lang='lat' dir='ltr'><strong>mundi</strong></span> <span class='ocrx_word' id='word_1_366' title='bbox 1679 2689 1870 2754; x_wconf 88' lang='lat' dir='ltr'><strong>iactationee</strong></span> <span class='ocrx_word' id='word_1_367' title='bbox 1892 2693 1927 2755; x_wconf 94' lang='lat' dir='ltr'><strong>in</strong></span> <span class='ocrx_word' id='word_1_368' title='bbox 1950 2690 2111 2773; x_wconf 87' lang='lat' dir='ltr'><strong>tanquilla</strong></span> <span class='ocrx_word' id='word_1_369' title='bbox 2132 2703 2200 2756; x_wconf 88' lang='lat' dir='ltr'><strong>eta·</strong></span> 
     </span>
     <span class='ocr_line' id='line_1_28' title="bbox 196 2771 2199 2859; baseline -0 -17"><span class='ocrx_word' id='word_1_370' title='bbox 196 2780 267 2842; x_wconf 90' lang='lat' dir='ltr'><strong>suis</strong></span> <span class='ocrx_word' id='word_1_371' title='bbox 290 2777 391 2858; x_wconf 71' lang='lat' dir='ltr'><strong>gestis</strong></span> <span class='ocrx_word' id='word_1_372' title='bbox 415 2773 597 2845; x_wconf 82' lang='lat' dir='ltr'><strong>nobilitent,</strong></span> <span class='ocrx_word' id='word_1_373' title='bbox 627 2773 811 2855; x_wconf 85' lang='lat' dir='ltr'><strong>famamque</strong></span> <span class='ocrx_word' id='word_1_374' title='bbox 834 2771 896 2836; x_wconf 91' lang='lat' dir='ltr'><strong>sibi</strong></span> <span class='ocrx_word' id='word_1_375' title='bbox 919 2786 1108 2853; x_wconf 89' lang='lat' dir='ltr'><strong>comparent</strong></span> <span class='ocrx_word' id='word_1_376' title='bbox 1128 2793 1169 2836; x_wconf 91' lang='lat' dir='ltr'><strong>ex</strong></span> <span class='ocrx_word' id='word_1_377' title='bbox 1223 2772 1314 2836; x_wconf 91' lang='lat' dir='ltr'><strong>tione</strong></span> <span class='ocrx_word' id='word_1_378' title='bbox 1342 2773 1517 2838; x_wconf 87' lang='lat' dir='ltr'><strong>contineat.</strong></span> <span class='ocrx_word' id='word_1_379' title='bbox 1563 2772 1727 2852; x_wconf 85' lang='lat' dir='ltr'><strong>Quamvis</strong></span> <span class='ocrx_word' id='word_1_380' title='bbox 1756 2776 1843 2839; x_wconf 91' lang='lat' dir='ltr'><strong>enim</strong></span> <span class='ocrx_word' id='word_1_381' title='bbox 1874 2786 2029 2859; x_wconf 90' lang='lat' dir='ltr'><strong>tanquam</strong></span> <span class='ocrx_word' id='word_1_382' title='bbox 2060 2779 2094 2841; x_wconf 92' lang='lat' dir='ltr'><strong>in</strong></span> <span class='ocrx_word' id='word_1_383' title='bbox 2123 2788 2199 2841; x_wconf 89' lang='lat' dir='ltr'><strong>rota</strong></span> 
     </span>
     <span class='ocr_line' id='line_1_29' title="bbox 197 2857 2198 2946; baseline 0.001 -21"><span class='ocrx_word' id='word_1_384' title='bbox 197 2862 329 2946; x_wconf 86' lang='lat' dir='ltr'><strong>propria</strong></span> <span class='ocrx_word' id='word_1_385' title='bbox 352 2861 483 2938; x_wconf 84' lang='lat' dir='ltr'><strong>virtute,</strong></span> <span class='ocrx_word' id='word_1_386' title='bbox 505 2857 582 2940; x_wconf 89' lang='lat' dir='ltr'><strong>quia</strong></span> <span class='ocrx_word' id='word_1_387' title='bbox 604 2857 735 2921; x_wconf 88' lang='lat' dir='ltr'><strong>divinae</strong></span> <span class='ocrx_word' id='word_1_388' title='bbox 757 2859 882 2941; x_wconf 84' lang='lat' dir='ltr'><strong>gratiae</strong></span> <span class='ocrx_word' id='word_1_389' title='bbox 902 2857 1169 2940; x_wconf 84' lang='lat' dir='ltr'><strong>approbationem</strong></span> <span class='ocrx_word' id='word_1_390' title='bbox 1225 2857 1377 2923; x_wconf 84' lang='lat' dir='ltr'><strong>volvatur</strong></span> <span class='ocrx_word' id='word_1_391' title='bbox 1399 2858 1551 2938; x_wconf 89' lang='lat' dir='ltr'><strong>mundus,</strong></span> <span class='ocrx_word' id='word_1_392' title='bbox 1581 2858 1668 2923; x_wconf 90' lang='lat' dir='ltr'><strong>unde</strong></span> <span class='ocrx_word' id='word_1_393' title='bbox 1690 2861 1784 2925; x_wconf 85' lang='lat' dir='ltr'><strong>litut</strong></span> <span class='ocrx_word' id='word_1_394' title='bbox 1806 2875 1942 2943; x_wconf 89' lang='lat' dir='ltr'><strong>repente</strong></span> <span class='ocrx_word' id='word_1_395' title='bbox 1964 2860 2118 2927; x_wconf 87' lang='lat' dir='ltr'><strong>decidant</strong></span> <span class='ocrx_word' id='word_1_396' title='bbox 2138 2864 2198 2946; x_wconf 88' lang='lat' dir='ltr'><strong>qni</strong></span> 
     </span>
     <span class='ocr_line' id='line_1_30' title="bbox 196 2941 2200 3034; baseline 0.001 -23"><span class='ocrx_word' id='word_1_397' title='bbox 196 2949 302 3031; x_wconf 90' lang='lat' dir='ltr'><strong>pluris</strong></span> <span class='ocrx_word' id='word_1_398' title='bbox 321 2965 420 3027; x_wconf 91' lang='lat' dir='ltr'><strong>quam</strong></span> <span class='ocrx_word' id='word_1_399' title='bbox 444 2964 557 3009; x_wconf 91' lang='lat' dir='ltr'><strong>omnes</strong></span> <span class='ocrx_word' id='word_1_400' title='bbox 577 2942 693 3008; x_wconf 91' lang='lat' dir='ltr'><strong>mundi</strong></span> <span class='ocrx_word' id='word_1_401' title='bbox 716 2944 899 3028; x_wconf 85' lang='lat' dir='ltr'><strong>triumphos</strong></span> <span class='ocrx_word' id='word_1_402' title='bbox 922 2944 1056 3008; x_wconf 85' lang='lat' dir='ltr'><strong>faciunt.</strong></span> <span class='ocrx_word' id='word_1_403' title='bbox 1083 2941 1170 3008; x_wconf 92' lang='lat' dir='ltr'><strong>Inte·</strong></span> <span class='ocrx_word' id='word_1_404' title='bbox 1223 2944 1255 3007; x_wconf 92' lang='lat' dir='ltr'><strong>in</strong></span> <span class='ocrx_word' id='word_1_405' title='bbox 1279 2965 1445 3007; x_wconf 90' lang='lat' dir='ltr'><strong>summum</strong></span> <span class='ocrx_word' id='word_1_406' title='bbox 1468 2943 1597 3009; x_wconf 91' lang='lat' dir='ltr'><strong>eulmen</strong></span> <span class='ocrx_word' id='word_1_407' title='bbox 1621 2945 1752 3010; x_wconf 85' lang='lat' dir='ltr'><strong>fuerant</strong></span> <span class='ocrx_word' id='word_1_408' title='bbox 1775 2951 1898 3012; x_wconf 88' lang='lat' dir='ltr'><strong>evecti:</strong></span> <span class='ocrx_word' id='word_1_409' title='bbox 1923 2970 2060 3034; x_wconf 86' lang='lat' dir='ltr'><strong>regnum</strong></span> <span class='ocrx_word' id='word_1_410' title='bbox 2083 2961 2200 3016; x_wconf 89' lang='lat' dir='ltr'><strong>tamen</strong></span> 
     </span>
     <span class='ocr_line' id='line_1_31' title="bbox 197 3028 2199 3116; baseline 0.001 -18"><span class='ocrx_word' id='word_1_411' title='bbox 197 3036 260 3098; x_wconf 89' lang='lat' dir='ltr'><strong>rim</strong></span> <span class='ocrx_word' id='word_1_412' title='bbox 291 3032 357 3095; x_wconf 88' lang='lat' dir='ltr'><strong>tale</strong></span> <span class='ocrx_word' id='word_1_413' title='bbox 384 3029 446 3096; x_wconf 92' lang='lat' dir='ltr'><strong>sibi</strong></span> <span class='ocrx_word' id='word_1_414' title='bbox 476 3030 673 3112; x_wconf 90' lang='lat' dir='ltr'><strong>promittunt</strong></span> <span class='ocrx_word' id='word_1_415' title='bbox 701 3028 763 3093; x_wconf 92' lang='lat' dir='ltr'><strong>Dei</strong></span> <span class='ocrx_word' id='word_1_416' title='bbox 794 3029 955 3094; x_wconf 88' lang='lat' dir='ltr'><strong>auxilium</strong></span> <span class='ocrx_word' id='word_1_417' title='bbox 985 3029 1071 3111; x_wconf 92' lang='lat' dir='ltr'><strong>quod</strong></span> <span class='ocrx_word' id='word_1_418' title='bbox 1099 3029 1170 3112; x_wconf 83' lang='lat' dir='ltr'><strong>regi</strong></span> <span class='ocrx_word' id='word_1_419' title='bbox 1221 3028 1315 3108; x_wconf 87' lang='lat' dir='ltr'><strong>Iuda,</strong></span> <span class='ocrx_word' id='word_1_420' title='bbox 1345 3039 1379 3092; x_wconf 90' lang='lat' dir='ltr'><strong>et</strong></span> <span class='ocrx_word' id='word_1_421' title='bbox 1406 3029 1467 3094; x_wconf 93' lang='lat' dir='ltr'><strong>sub</strong></span> <span class='ocrx_word' id='word_1_422' title='bbox 1496 3030 1567 3095; x_wconf 91' lang='lat' dir='ltr'><strong>eius</strong></span> <span class='ocrx_word' id='word_1_423' title='bbox 1596 3041 1676 3113; x_wconf 89' lang='lat' dir='ltr'><strong>typo</strong></span> <span class='ocrx_word' id='word_1_424' title='bbox 1709 3052 1848 3116; x_wconf 84' lang='lat' dir='ltr'><strong>regnum</strong></span> <span class='ocrx_word' id='word_1_425' title='bbox 1872 3033 1998 3099; x_wconf 78' lang='lat' dir='ltr'><strong>Christi</strong></span> <span class='ocrx_word' id='word_1_426' title='bbox 2021 3035 2199 3116; x_wconf 82' lang='lat' dir='ltr'><strong>excipitur.</strong></span> 
     </span>
     <span class='ocr_line' id='line_1_32' title="bbox 196 3114 2198 3204; baseline 0 -20"><span class='ocrx_word' id='word_1_427' title='bbox 196 3118 369 3202; x_wconf 88' lang='lat' dir='ltr'><strong>magnifice</strong></span> <span class='ocrx_word' id='word_1_428' title='bbox 392 3114 540 3181; x_wconf 87' lang='lat' dir='ltr'><strong>ornando</strong></span> <span class='ocrx_word' id='word_1_429' title='bbox 561 3115 712 3180; x_wconf 85' lang='lat' dir='ltr'><strong>sufficiat.</strong></span> <span class='ocrx_word' id='word_1_430' title='bbox 1222 3114 1288 3180; x_wconf 83' lang='lat' dir='ltr'><strong>Sed</strong></span> <span class='ocrx_word' id='word_1_431' title='bbox 1312 3115 1558 3180; x_wconf 89' lang='lat' dir='ltr'><strong>meminerimus</strong></span> <span class='ocrx_word' id='word_1_432' title='bbox 1580 3116 1641 3181; x_wconf 91' lang='lat' dir='ltr'><strong>hae</strong></span> <span class='ocrx_word' id='word_1_433' title='bbox 1663 3115 1795 3181; x_wconf 90' lang='lat' dir='ltr'><strong>demum</strong></span> <span class='ocrx_word' id='word_1_434' title='bbox 1818 3119 1972 3184; x_wconf 87' lang='lat' dir='ltr'><strong>firmitate</strong></span> <span class='ocrx_word' id='word_1_435' title='bbox 1995 3120 2119 3185; x_wconf 84' lang='lat' dir='ltr'><strong>subniti</strong></span> <span class='ocrx_word' id='word_1_436' title='bbox 2141 3122 2198 3204; x_wconf 87' lang='lat' dir='ltr'><strong>qni</strong></span> 
     </span>
     <span class='ocr_line' id='line_1_33' title="bbox 284 3198 2199 3289; baseline 0.003 -22"><span class='ocrx_word' id='word_1_437' title='bbox 284 3204 313 3267; x_wconf 78' lang='lat'><strong>7.</strong></span> <span class='ocrx_word' id='word_1_438' title='bbox 343 3199 501 3287; x_wconf 81' lang='lat' dir='ltr'><strong>(Posuisti</strong></span> <span class='ocrx_word' id='word_1_439' title='bbox 529 3220 599 3266; x_wconf 90' lang='lat' dir='ltr'><strong>eum</strong></span> <span class='ocrx_word' id='word_1_440' title='bbox 627 3200 869 3287; x_wconf 82' lang='lat' dir='ltr'><strong>benedictiones.)</strong></span> <span class='ocrx_word' id='word_1_441' title='bbox 920 3199 1062 3281; x_wconf 78' lang='lat' dir='ltr'><strong>Quidam</strong></span> <span class='ocrx_word' id='word_1_442' title='bbox 1091 3199 1169 3265; x_wconf 90' lang='lat' dir='ltr'><strong>eim·</strong></span> <span class='ocrx_word' id='word_1_443' title='bbox 1222 3209 1311 3266; x_wconf 90' lang='lat' dir='ltr'><strong>certa</strong></span> <span class='ocrx_word' id='word_1_444' title='bbox 1340 3198 1403 3266; x_wconf 89' lang='lat' dir='ltr'><strong>lida</strong></span> <span class='ocrx_word' id='word_1_445' title='bbox 1431 3201 1466 3264; x_wconf 92' lang='lat' dir='ltr'><strong>in</strong></span> <span class='ocrx_word' id='word_1_446' title='bbox 1498 3202 1559 3266; x_wconf 92' lang='lat' dir='ltr'><strong>Dei</strong></span> <span class='ocrx_word' id='word_1_447' title='bbox 1589 3203 1750 3285; x_wconf 85' lang='lat' dir='ltr'><strong>gremium</strong></span> <span class='ocrx_word' id='word_1_448' title='bbox 1779 3225 1813 3268; x_wconf 91' lang='lat' dir='ltr'><strong>ee</strong></span> <span class='ocrx_word' id='word_1_449' title='bbox 1836 3206 2025 3287; x_wconf 88' lang='lat' dir='ltr'><strong>coniiciunt,</strong></span> <span class='ocrx_word' id='word_1_450' title='bbox 2059 3206 2199 3289; x_wconf 86' lang='lat' dir='ltr'><strong>eiusque</strong></span> 
     </span>
     <span class='ocr_line' id='line_1_34' title="bbox 195 3286 2198 3375; baseline 0.001 -20"><span class='ocrx_word' id='word_1_451' title='bbox 195 3290 324 3375; x_wconf 88' lang='lat' dir='ltr'><strong>pliciter</strong></span> <span class='ocrx_word' id='word_1_452' title='bbox 347 3298 526 3370; x_wconf 85' lang='lat' dir='ltr'><strong>exponunt,</strong></span> <span class='ocrx_word' id='word_1_453' title='bbox 550 3307 660 3368; x_wconf 85' lang='lat' dir='ltr'><strong>ragam</strong></span> <span class='ocrx_word' id='word_1_454' title='bbox 684 3286 810 3351; x_wconf 90' lang='lat' dir='ltr'><strong>hunea</strong></span> <span class='ocrx_word' id='word_1_455' title='bbox 834 3288 903 3352; x_wconf 91' lang='lat' dir='ltr'><strong>Deo</strong></span> <span class='ocrx_word' id='word_1_456' title='bbox 926 3288 1066 3352; x_wconf 89' lang='lat' dir='ltr'><strong>electum</strong></span> <span class='ocrx_word' id='word_1_457' title='bbox 1089 3307 1170 3369; x_wconf 89' lang='lat' dir='ltr'><strong>csse,</strong></span> <span class='ocrx_word' id='word_1_458' title='bbox 1223 3286 1446 3352; x_wconf 88' lang='lat' dir='ltr'><strong>misericordia</strong></span> <span class='ocrx_word' id='word_1_459' title='bbox 1474 3286 1559 3365; x_wconf 86' lang='lat' dir='ltr'><strong>freti,</strong></span> <span class='ocrx_word' id='word_1_460' title='bbox 1597 3286 1735 3353; x_wconf 88' lang='lat' dir='ltr'><strong>salutem</strong></span> <span class='ocrx_word' id='word_1_461' title='bbox 1770 3291 1799 3353; x_wconf 93' lang='lat' dir='ltr'><strong>ei</strong></span> <span class='ocrx_word' id='word_1_462' title='bbox 1828 3312 1920 3355; x_wconf 89' lang='lat' dir='ltr'><strong>suam</strong></span> <span class='ocrx_word' id='word_1_463' title='bbox 1952 3292 2198 3359; x_wconf 87' lang='lat' dir='ltr'><strong>commendant.</strong></span> 
     </span>
     <span class='ocr_line' id='line_1_35' title="bbox 196 3370 2197 3461; baseline 0.001 -20"><span class='ocrx_word' id='word_1_464' title='bbox 196 3379 230 3441; x_wconf 92' lang='lat' dir='ltr'><strong>in</strong></span> <span class='ocrx_word' id='word_1_465' title='bbox 260 3396 354 3457; x_wconf 90' lang='lat' dir='ltr'><strong>quem</strong></span> <span class='ocrx_word' id='word_1_466' title='bbox 380 3374 507 3437; x_wconf 79' lang='lat' dir='ltr'><strong>affatim</strong></span> <span class='ocrx_word' id='word_1_467' title='bbox 530 3373 653 3456; x_wconf 84' lang='lat' dir='ltr'><strong>gratias</strong></span> <span class='ocrx_word' id='word_1_468' title='bbox 676 3394 752 3436; x_wconf 90' lang='lat' dir='ltr'><strong>suas</strong></span> <span class='ocrx_word' id='word_1_469' title='bbox 776 3372 941 3436; x_wconf 86' lang='lat' dir='ltr'><strong>effundat:</strong></span> <span class='ocrx_word' id='word_1_470' title='bbox 972 3384 1097 3438; x_wconf 88' lang='lat' dir='ltr'><strong>eertum</strong></span> <span class='ocrx_word' id='word_1_471' title='bbox 1121 3384 1169 3436; x_wconf 93' lang='lat' dir='ltr'><strong>ta·</strong></span> <span class='ocrx_word' id='word_1_472' title='bbox 1223 3373 1306 3436; x_wconf 89' lang='lat' dir='ltr'><strong>Nam</strong></span> <span class='ocrx_word' id='word_1_473' title='bbox 1337 3383 1370 3437; x_wconf 90' lang='lat' dir='ltr'><strong>et</strong></span> <span class='ocrx_word' id='word_1_474' title='bbox 1399 3370 1551 3454; x_wconf 88' lang='lat' dir='ltr'><strong>sperandi</strong></span> <span class='ocrx_word' id='word_1_475' title='bbox 1580 3375 1717 3438; x_wconf 89' lang='lat' dir='ltr'><strong>materia</strong></span> <span class='ocrx_word' id='word_1_476' title='bbox 1746 3376 1843 3440; x_wconf 91' lang='lat' dir='ltr'><strong>simul</strong></span> <span class='ocrx_word' id='word_1_477' title='bbox 1871 3379 2077 3459; x_wconf 86' lang='lat' dir='ltr'><strong>exprimitur,</strong></span> <span class='ocrx_word' id='word_1_478' title='bbox 2108 3377 2197 3461; x_wconf 90' lang='lat' dir='ltr'><strong>quod</strong></span> 
     </span>
     <span class='ocr_line' id='line_1_36' title="bbox 196 3456 2196 3547; baseline 0.002 -21"><span class='ocrx_word' id='word_1_479' title='bbox 196 3483 273 3526; x_wconf 90' lang='lat' dir='ltr'><strong>men</strong></span> <span class='ocrx_word' id='word_1_480' title='bbox 296 3470 356 3538; x_wconf 91' lang='lat' dir='ltr'><strong>est,</strong></span> <span class='ocrx_word' id='word_1_481' title='bbox 388 3461 462 3540; x_wconf 89' lang='lat' dir='ltr'><strong>plus</strong></span> <span class='ocrx_word' id='word_1_482' title='bbox 485 3456 607 3539; x_wconf 89' lang='lat' dir='ltr'><strong>aliquid</strong></span> <span class='ocrx_word' id='word_1_483' title='bbox 630 3458 691 3521; x_wconf 91' lang='lat' dir='ltr'><strong>hac</strong></span> <span class='ocrx_word' id='word_1_484' title='bbox 713 3457 865 3539; x_wconf 89' lang='lat' dir='ltr'><strong>loquendi</strong></span> <span class='ocrx_word' id='word_1_485' title='bbox 887 3458 990 3522; x_wconf 87' lang='lat' dir='ltr'><strong>forma</strong></span> <span class='ocrx_word' id='word_1_486' title='bbox 1012 3458 1170 3540; x_wconf 85' lang='lat' dir='ltr'><strong>exprimi:</strong></span> <span class='ocrx_word' id='word_1_487' title='bbox 1221 3458 1313 3523; x_wconf 90' lang='lat' dir='ltr'><strong>Deus</strong></span> <span class='ocrx_word' id='word_1_488' title='bbox 1331 3459 1508 3524; x_wconf 90' lang='lat' dir='ltr'><strong>clementer</strong></span> <span class='ocrx_word' id='word_1_489' title='bbox 1525 3480 1601 3524; x_wconf 85' lang='lat' dir='ltr'><strong>suos</strong></span> <span class='ocrx_word' id='word_1_490' title='bbox 1620 3460 1737 3537; x_wconf 86' lang='lat' dir='ltr'><strong>foveat,</strong></span> <span class='ocrx_word' id='word_1_491' title='bbox 1761 3481 1842 3543; x_wconf 90' lang='lat' dir='ltr'><strong>quos</strong></span> <span class='ocrx_word' id='word_1_492' title='bbox 1861 3465 2004 3547; x_wconf 86' lang='lat' dir='ltr'><strong>gratuito</strong></span> <span class='ocrx_word' id='word_1_493' title='bbox 2022 3464 2196 3546; x_wconf 88' lang='lat' dir='ltr'><strong>amplexus</strong></span> 
     </span>
     <span class='ocr_line' id='line_1_37' title="bbox 196 3542 1280 3628; baseline -0.002 -18"><span class='ocrx_word' id='word_1_494' title='bbox 196 3567 316 3628; x_wconf 89' lang='lat' dir='ltr'><strong>nempe</strong></span> <span class='ocrx_word' id='word_1_495' title='bbox 345 3557 410 3607; x_wconf 90' lang='lat' dir='ltr'><strong>tam</strong></span> <span class='ocrx_word' id='word_1_496' title='bbox 442 3542 574 3607; x_wconf 90' lang='lat' dir='ltr'><strong>uberem</strong></span> <span class='ocrx_word' id='word_1_497' title='bbox 605 3543 762 3607; x_wconf 85' lang='lat' dir='ltr'><strong>bonorum</strong></span> <span class='ocrx_word' id='word_1_498' title='bbox 787 3543 913 3625; x_wconf 87' lang='lat' dir='ltr'><strong>copiam</strong></span> <span class='ocrx_word' id='word_1_499' title='bbox 935 3545 1068 3608; x_wconf 87' lang='lat' dir='ltr'><strong>affluere</strong></span> <span class='ocrx_word' id='word_1_500' title='bbox 1091 3545 1170 3628; x_wconf 87' lang='lat' dir='ltr'><strong>regi,</strong></span> <span class='ocrx_word' id='word_1_501' title='bbox 1221 3556 1280 3608; x_wconf 89' lang='lat' dir='ltr'><strong>eet.</strong></span> 
     </span>
     <span class='ocr_line' id='line_1_38' title="bbox 197 3625 2199 3720; baseline 0.003 -23"><span class='ocrx_word' id='word_1_502' title='bbox 197 3645 234 3698; x_wconf 90' lang='lat' dir='ltr'><strong>nt</strong></span> <span class='ocrx_word' id='word_1_503' title='bbox 250 3631 367 3696; x_wconf 87' lang='lat' dir='ltr'><strong>merito</strong></span> <span class='ocrx_word' id='word_1_504' title='bbox 391 3628 768 3693; x_wconf 82' lang='lat' dir='ltr'><strong>divinaebenefieentiac</strong></span> <span class='ocrx_word' id='word_1_505' title='bbox 784 3629 953 3712; x_wconf 90' lang='lat' dir='ltr'><strong>exemplar</strong></span> <span class='ocrx_word' id='word_1_506' title='bbox 971 3631 1169 3710; x_wconf 88' lang='lat' dir='ltr'><strong>essepossit:</strong></span> <span class='ocrx_word' id='word_1_507' title='bbox 1306 3629 1336 3693; x_wconf 88' lang='grc'><strong>9.</strong></span> <span class='ocrx_word' id='word_1_508' title='bbox 1365 3625 1521 3713; x_wconf 79' lang='lat' dir='ltr'><strong>(Inveniet</strong></span> <span class='ocrx_word' id='word_1_509' title='bbox 1553 3650 1668 3697; x_wconf 85' lang='lat' dir='ltr'><strong>munus</strong></span> <span class='ocrx_word' id='word_1_510' title='bbox 1696 3632 1775 3718; x_wconf 86' lang='lat' dir='ltr'><strong>tua.)</strong></span> <span class='ocrx_word' id='word_1_511' title='bbox 1828 3633 1998 3698; x_wconf 86' lang='lat' dir='ltr'><strong>Hactenus</strong></span> <span class='ocrx_word' id='word_1_512' title='bbox 2032 3634 2199 3720; x_wconf 87' lang='lat' dir='ltr'><strong>descripta</strong></span> 
     </span>
     <span class='ocr_line' id='line_1_39' title="bbox 195 3713 2198 3798; baseline 0.001 -13"><span class='ocrx_word' id='word_1_513' title='bbox 195 3719 250 3785; x_wconf 79' lang='lat' dir='ltr'><strong>vel</strong></span> <span class='ocrx_word' id='word_1_514' title='bbox 283 3719 382 3782; x_wconf 90' lang='lat' dir='ltr'><strong>etiam</strong></span> <span class='ocrx_word' id='word_1_515' title='bbox 412 3726 451 3779; x_wconf 89' lang='lat' dir='ltr'><strong>ut</strong></span> <span class='ocrx_word' id='word_1_516' title='bbox 478 3713 564 3778; x_wconf 92' lang='lat' dir='ltr'><strong>inter</strong></span> <span class='ocrx_word' id='word_1_517' title='bbox 594 3713 793 3796; x_wconf 88' lang='lat' dir='ltr'><strong>precandum</strong></span> <span class='ocrx_word' id='word_1_518' title='bbox 823 3714 923 3798; x_wconf 84' lang='lat' dir='ltr'><strong>vulgo</strong></span> <span class='ocrx_word' id='word_1_519' title='bbox 952 3715 1098 3779; x_wconf 84' lang='lat' dir='ltr'><strong>futurum</strong></span> <span class='ocrx_word' id='word_1_520' title='bbox 1129 3714 1171 3778; x_wconf 90' lang='lat' dir='ltr'><strong>eit</strong></span> <span class='ocrx_word' id='word_1_521' title='bbox 1222 3715 1284 3780; x_wconf 88' lang='lat' dir='ltr'><strong>luit</strong></span> <span class='ocrx_word' id='word_1_522' title='bbox 1316 3714 1452 3780; x_wconf 88' lang='lat' dir='ltr'><strong>interior</strong></span> <span class='ocrx_word' id='word_1_523' title='bbox 1484 3717 1578 3798; x_wconf 81' lang='lat' dir='ltr'><strong>regni</strong></span> <span class='ocrx_word' id='word_1_524' title='bbox 1611 3716 1768 3782; x_wconf 82' lang='lat' dir='ltr'><strong>felicitas:</strong></span> <span class='ocrx_word' id='word_1_525' title='bbox 1805 3741 1891 3784; x_wconf 91' lang='lat' dir='ltr'><strong>nune</strong></span> <span class='ocrx_word' id='word_1_526' title='bbox 1923 3719 2063 3798; x_wconf 90' lang='lat' dir='ltr'><strong>additur,</strong></span> <span class='ocrx_word' id='word_1_527' title='bbox 2097 3723 2198 3789; x_wconf 88' lang='lat' dir='ltr'><strong>sicuti</strong></span> 
     </span>
     <span class='ocr_line' id='line_1_40' title="bbox 197 3798 2197 3889; baseline 0.004 -21"><span class='ocrx_word' id='word_1_528' title='bbox 197 3806 269 3868; x_wconf 90' lang='lat' dir='ltr'><strong>eius</strong></span> <span class='ocrx_word' id='word_1_529' title='bbox 301 3823 420 3867; x_wconf 92' lang='lat' dir='ltr'><strong>nomen</strong></span> <span class='ocrx_word' id='word_1_530' title='bbox 451 3799 576 3866; x_wconf 90' lang='lat' dir='ltr'><strong>celebre</strong></span> <span class='ocrx_word' id='word_1_531' title='bbox 610 3798 651 3862; x_wconf 93' lang='lat' dir='ltr'><strong>ad</strong></span> <span class='ocrx_word' id='word_1_532' title='bbox 681 3800 878 3882; x_wconf 88' lang='lat' dir='ltr'><strong>exemplum.</strong></span> <span class='ocrx_word' id='word_1_533' title='bbox 928 3798 1055 3866; x_wconf 90' lang='lat' dir='ltr'><strong>Dicunt</strong></span> <span class='ocrx_word' id='word_1_534' title='bbox 1084 3801 1169 3864; x_wconf 93' lang='lat' dir='ltr'><strong>enim</strong></span> <span class='ocrx_word' id='word_1_535' title='bbox 1224 3821 1353 3865; x_wconf 89' lang='lat' dir='ltr'><strong>necesse</strong></span> <span class='ocrx_word' id='word_1_536' title='bbox 1375 3813 1455 3878; x_wconf 89' lang='lat' dir='ltr'><strong>erat,</strong></span> <span class='ocrx_word' id='word_1_537' title='bbox 1478 3802 1636 3865; x_wconf 88' lang='lat' dir='ltr'><strong>invictum</strong></span> <span class='ocrx_word' id='word_1_538' title='bbox 1660 3815 1775 3867; x_wconf 89' lang='lat' dir='ltr'><strong>eontra</strong></span> <span class='ocrx_word' id='word_1_539' title='bbox 1800 3805 1909 3870; x_wconf 85' lang='lat' dir='ltr'><strong>hostes</strong></span> <span class='ocrx_word' id='word_1_540' title='bbox 1928 3806 2036 3879; x_wconf 90' lang='lat' dir='ltr'><strong>robur,</strong></span> <span class='ocrx_word' id='word_1_541' title='bbox 2060 3808 2197 3889; x_wconf 90' lang='lat' dir='ltr'><strong>perinde</strong></span> 
     </span>
    </p>
   </div>
   <div class='ocr_carea' id='block_1_3' title="bbox 88 3884 2197 3970">
    <p class='ocr_par' dir='ltr' id='par_1_3' title="bbox 88 3884 2197 3970">
     <span class='ocr_line' id='line_1_41' title="bbox 88 3884 2197 3970; baseline 0.003 -17"><span class='ocrx_word' id='word_1_542' title='bbox 88 3889 90 3893; x_wconf 74' lang='grc'>’</span> <span class='ocrx_word' id='word_1_543' title='bbox 197 3889 342 3954; x_wconf 88' lang='lat' dir='ltr'><strong>Hebraei</strong></span> <span class='ocrx_word' id='word_1_544' title='bbox 373 3887 451 3970; x_wconf 92' lang='lat' dir='ltr'><strong>poni</strong></span> <span class='ocrx_word' id='word_1_545' title='bbox 482 3886 514 3950; x_wconf 93' lang='lat' dir='ltr'><strong>in</strong></span> <span class='ocrx_word' id='word_1_546' title='bbox 548 3884 810 3950; x_wconf 90' lang='lat' dir='ltr'><strong>maledictionem</strong></span> <span class='ocrx_word' id='word_1_547' title='bbox 834 3885 897 3968; x_wconf 85' lang='lat' dir='ltr'><strong>&#39;qui</strong></span> <span class='ocrx_word' id='word_1_548' title='bbox 919 3887 966 3951; x_wconf 89' lang='lat' dir='ltr'><strong>sic</strong></span> <span class='ocrx_word' id='word_1_549' title='bbox 989 3884 1171 3950; x_wconf 89' lang='lat' dir='ltr'><strong>redduntur</strong></span> <span class='ocrx_word' id='word_1_550' title='bbox 1222 3888 1308 3951; x_wconf 93' lang='lat' dir='ltr'><strong>enim</strong></span> <span class='ocrx_word' id='word_1_551' title='bbox 1343 3887 1403 3952; x_wconf 93' lang='lat' dir='ltr'><strong>hoc</strong></span> <span class='ocrx_word' id='word_1_552' title='bbox 1433 3887 1521 3951; x_wconf 87' lang='lat' dir='ltr'><strong>valet</strong></span> <span class='ocrx_word' id='word_1_553' title='bbox 1550 3907 1588 3952; x_wconf 90' lang='lat' dir='ltr'><strong>ao</strong></span> <span class='ocrx_word' id='word_1_554' title='bbox 1620 3889 1648 3953; x_wconf 91' lang='lat' dir='ltr'><strong>si</strong></span> <span class='ocrx_word' id='word_1_555' title='bbox 1670 3910 1730 3953; x_wconf 87' lang='lat' dir='ltr'><strong>rex</strong></span> <span class='ocrx_word' id='word_1_556' title='bbox 1751 3889 1896 3955; x_wconf 88' lang='lat' dir='ltr'><strong>hostium</strong></span> <span class='ocrx_word' id='word_1_557' title='bbox 1919 3895 2065 3956; x_wconf 89' lang='lat' dir='ltr'><strong>omnium</strong></span> <span class='ocrx_word' id='word_1_558' title='bbox 2091 3895 2197 3960; x_wconf 85' lang='lat' dir='ltr'><strong>victor</strong></span> 
     </span>
    </p>
   </div>
   <div class='ocr_carea' id='block_1_4' title="bbox 199 3971 2199 5351">
    <p class='ocr_par' dir='ltr' id='par_1_4' title="bbox 199 3971 2199 5351">
     <span class='ocr_line' id='line_1_42' title="bbox 199 3971 2198 4055; baseline 0.003 -16"><span class='ocrx_word' id='word_1_559' title='bbox 199 3974 406 4039; x_wconf 85' lang='lat' dir='ltr'><strong>detestabiles</strong></span> <span class='ocrx_word' id='word_1_560' title='bbox 435 3980 468 4036; x_wconf 91' lang='lat' dir='ltr'><strong>et</strong></span> <span class='ocrx_word' id='word_1_561' title='bbox 498 3971 616 4054; x_wconf 92' lang='lat' dir='ltr'><strong>quibus</strong></span> <span class='ocrx_word' id='word_1_562' title='bbox 647 3982 712 4035; x_wconf 91' lang='lat' dir='ltr'><strong>tam</strong></span> <span class='ocrx_word' id='word_1_563' title='bbox 737 3971 901 4036; x_wconf 90' lang='lat' dir='ltr'><strong>horribilis</strong></span> <span class='ocrx_word' id='word_1_564' title='bbox 924 3972 1084 4055; x_wconf 83' lang='lat' dir='ltr'><strong>infligitur</strong></span> <span class='ocrx_word' id='word_1_565' title='bbox 1109 3972 1171 4035; x_wconf 90' lang='lat' dir='ltr'><strong>Dei</strong></span> <span class='ocrx_word' id='word_1_566' title='bbox 1223 3973 1472 4054; x_wconf 85' lang='lat' dir='ltr'><strong>praedicaretur.</strong></span> <span class='ocrx_word' id='word_1_567' title='bbox 1518 3972 1598 4037; x_wconf 91' lang='lat' dir='ltr'><strong>Dixi</strong></span> <span class='ocrx_word' id='word_1_568' title='bbox 1625 3986 1734 4037; x_wconf 88' lang='lat' dir='ltr'><strong>autem</strong></span> <span class='ocrx_word' id='word_1_569' title='bbox 1764 3975 1824 4041; x_wconf 89' lang='lat' dir='ltr'><strong>hoe</strong></span> <span class='ocrx_word' id='word_1_570' title='bbox 1852 3978 2035 4042; x_wconf 89' lang='lat' dir='ltr'><strong>membrum</strong></span> <span class='ocrx_word' id='word_1_571' title='bbox 2058 3980 2198 4047; x_wconf 90' lang='lat' dir='ltr'><strong>minime</strong></span> 
     </span>
     <span class='ocr_line' id='line_1_43' title="bbox 199 4056 2197 4140; baseline 0.004 -16"><span class='ocrx_word' id='word_1_572' title='bbox 199 4058 356 4135; x_wconf 87' lang='lat' dir='ltr'><strong>vindicta,</strong></span> <span class='ocrx_word' id='word_1_573' title='bbox 382 4069 419 4123; x_wconf 90' lang='lat' dir='ltr'><strong>ut</strong></span> <span class='ocrx_word' id='word_1_574' title='bbox 442 4056 731 4139; x_wconf 90' lang='lat' dir='ltr'><strong>imprecationibus</strong></span> <span class='ocrx_word' id='word_1_575' title='bbox 754 4069 787 4121; x_wconf 89' lang='lat' dir='ltr'><strong>et</strong></span> <span class='ocrx_word' id='word_1_576' title='bbox 809 4057 889 4123; x_wconf 85' lang='lat' dir='ltr'><strong>diris</strong></span> <span class='ocrx_word' id='word_1_577' title='bbox 912 4060 1035 4122; x_wconf 89' lang='lat' dir='ltr'><strong>serviat</strong></span> <span class='ocrx_word' id='word_1_578' title='bbox 1057 4078 1169 4122; x_wconf 89' lang='lat' dir='ltr'><strong>eorum</strong></span> <span class='ocrx_word' id='word_1_579' title='bbox 1222 4080 1292 4125; x_wconf 91' lang='lat' dir='ltr'><strong>esse</strong></span> <span class='ocrx_word' id='word_1_580' title='bbox 1314 4078 1564 4140; x_wconf 79' lang='lat' dir='ltr'><strong>supervacuum,</strong></span> <span class='ocrx_word' id='word_1_581' title='bbox 1587 4060 1662 4140; x_wconf 88' lang='lat' dir='ltr'><strong>quia</strong></span> <span class='ocrx_word' id='word_1_582' title='bbox 1685 4082 1748 4124; x_wconf 91' lang='lat' dir='ltr'><strong>non</strong></span> <span class='ocrx_word' id='word_1_583' title='bbox 1768 4063 1849 4127; x_wconf 91' lang='lat' dir='ltr'><strong>satis</strong></span> <span class='ocrx_word' id='word_1_584' title='bbox 1867 4074 1952 4128; x_wconf 89' lang='lat' dir='ltr'><strong>esset</strong></span> <span class='ocrx_word' id='word_1_585' title='bbox 1970 4065 2059 4129; x_wconf 88' lang='lat' dir='ltr'><strong>intus</strong></span> <span class='ocrx_word' id='word_1_586' title='bbox 2077 4065 2197 4133; x_wconf 88' lang='lat' dir='ltr'><strong>florere</strong></span> 
     </span>
     <span class='ocr_line' id='line_1_44' title="bbox 199 4141 2197 4236; baseline 0.005 -28"><span class='ocrx_word' id='word_1_587' title='bbox 199 4166 336 4210; x_wconf 91' lang='lat' dir='ltr'><strong>nomen:</strong></span> <span class='ocrx_word' id='word_1_588' title='bbox 366 4144 412 4207; x_wconf 89' lang='lat' dir='ltr'><strong>ita</strong></span> <span class='ocrx_word' id='word_1_589' title='bbox 435 4144 578 4207; x_wconf 85' lang='lat' dir='ltr'><strong>vicissim</strong></span> <span class='ocrx_word' id='word_1_590' title='bbox 601 4141 720 4207; x_wconf 91' lang='lat' dir='ltr'><strong>dieitur</strong></span> <span class='ocrx_word' id='word_1_591' title='bbox 742 4143 776 4206; x_wconf 91' lang='lat' dir='ltr'><strong>in</strong></span> <span class='ocrx_word' id='word_1_592' title='bbox 800 4143 1057 4209; x_wconf 90' lang='lat' dir='ltr'><strong>benedictionem</strong></span> <span class='ocrx_word' id='word_1_593' title='bbox 1080 4144 1169 4226; x_wconf 90' lang='lat' dir='ltr'><strong>poni,</strong></span> <span class='ocrx_word' id='word_1_594' title='bbox 1222 4159 1371 4227; x_wconf 83' lang='lat' dir='ltr'><strong>regnum,</strong></span> <span class='ocrx_word' id='word_1_595' title='bbox 1404 4154 1438 4208; x_wconf 88' lang='lat' dir='ltr'><strong>et</strong></span> <span class='ocrx_word' id='word_1_596' title='bbox 1466 4164 1554 4226; x_wconf 93' lang='lat' dir='ltr'><strong>pace,</strong></span> <span class='ocrx_word' id='word_1_597' title='bbox 1584 4146 1699 4226; x_wconf 90' lang='lat' dir='ltr'><strong>opibus</strong></span> <span class='ocrx_word' id='word_1_598' title='bbox 1728 4147 1882 4231; x_wconf 90' lang='lat' dir='ltr'><strong>omnique</strong></span> <span class='ocrx_word' id='word_1_599' title='bbox 1912 4151 2069 4214; x_wconf 91' lang='lat' dir='ltr'><strong>bonorum</strong></span> <span class='ocrx_word' id='word_1_600' title='bbox 2100 4154 2197 4236; x_wconf 86' lang='lat' dir='ltr'><strong>copia</strong></span> 
     </span>
     <span class='ocr_line' id='line_1_45' title="bbox 199 4228 2198 4317; baseline 0.003 -20"><span class='ocrx_word' id='word_1_601' title='bbox 199 4231 260 4297; x_wconf 91' lang='lat' dir='ltr'><strong>sub</strong></span> <span class='ocrx_word' id='word_1_602' title='bbox 283 4232 377 4293; x_wconf 87' lang='lat' dir='ltr'><strong>euius</strong></span> <span class='ocrx_word' id='word_1_603' title='bbox 400 4230 530 4292; x_wconf 90' lang='lat' dir='ltr'><strong>nomine</strong></span> <span class='ocrx_word' id='word_1_604' title='bbox 553 4240 627 4292; x_wconf 90' lang='lat' dir='ltr'><strong>vota</strong></span> <span class='ocrx_word' id='word_1_605' title='bbox 649 4229 867 4311; x_wconf 85' lang='lat' dir='ltr'><strong>concipimus:</strong></span> <span class='ocrx_word' id='word_1_606' title='bbox 897 4228 1169 4312; x_wconf 88' lang='lat' dir='ltr'><strong>quemadmodum</strong></span> <span class='ocrx_word' id='word_1_607' title='bbox 1222 4232 1376 4295; x_wconf 85' lang='lat' dir='ltr'><strong>refertum</strong></span> <span class='ocrx_word' id='word_1_608' title='bbox 1415 4251 1497 4313; x_wconf 87' lang='lat' dir='ltr'><strong>esse,</strong></span> <span class='ocrx_word' id='word_1_609' title='bbox 1536 4230 1597 4294; x_wconf 89' lang='lat' dir='ltr'><strong>nisi</strong></span> <span class='ocrx_word' id='word_1_610' title='bbox 1632 4233 1673 4295; x_wconf 89' lang='lat' dir='ltr'><strong>ab</strong></span> <span class='ocrx_word' id='word_1_611' title='bbox 1705 4245 1844 4297; x_wconf 91' lang='lat' dir='ltr'><strong>externa</strong></span> <span class='ocrx_word' id='word_1_612' title='bbox 1876 4255 2004 4317; x_wconf 88' lang='lat' dir='ltr'><strong>quoque</strong></span> <span class='ocrx_word' id='word_1_613' title='bbox 2038 4237 2198 4303; x_wconf 86' lang='lat' dir='ltr'><strong>violentia</strong></span> 
     </span>
     <span class='ocr_line' id='line_1_46' title="bbox 200 4312 2199 4408; baseline 0.004 -26"><span class='ocrx_word' id='word_1_614' title='bbox 200 4318 227 4383; x_wconf 90' lang='lat' dir='ltr'><strong>si</strong></span> <span class='ocrx_word' id='word_1_615' title='bbox 252 4314 444 4398; x_wconf 87' lang='lat' dir='ltr'><strong>quisdicat,</strong></span> <span class='ocrx_word' id='word_1_616' title='bbox 477 4312 624 4378; x_wconf 89' lang='lat' dir='ltr'><strong>Deusta</strong></span> <span class='ocrx_word' id='word_1_617' title='bbox 657 4314 769 4378; x_wconf 91' lang='lat' dir='ltr'><strong>eodem</strong></span> <span class='ocrx_word' id='word_1_618' title='bbox 804 4315 914 4379; x_wconf 84' lang='lat' dir='ltr'><strong>favore</strong></span> <span class='ocrx_word' id='word_1_619' title='bbox 946 4336 1010 4396; x_wconf 86' lang='lat' dir='ltr'><strong>quo</strong></span> <span class='ocrx_word' id='word_1_620' title='bbox 1039 4336 1169 4379; x_wconf 86' lang='lat' dir='ltr'><strong>servum</strong></span> <span class='ocrx_word' id='word_1_621' title='bbox 1223 4317 1320 4398; x_wconf 90' lang='lat' dir='ltr'><strong>probe</strong></span> <span class='ocrx_word' id='word_1_622' title='bbox 1342 4314 1505 4380; x_wconf 90' lang='lat' dir='ltr'><strong>munitum</strong></span> <span class='ocrx_word' id='word_1_623' title='bbox 1528 4317 1621 4381; x_wconf 89' lang='lat' dir='ltr'><strong>foret.</strong></span> <span class='ocrx_word' id='word_1_624' title='bbox 1665 4315 1774 4399; x_wconf 84' lang='lat' dir='ltr'><strong>Atque</strong></span> <span class='ocrx_word' id='word_1_625' title='bbox 1792 4318 1852 4386; x_wconf 91' lang='lat' dir='ltr'><strong>hoc</strong></span> <span class='ocrx_word' id='word_1_626' title='bbox 1870 4321 2061 4402; x_wconf 88' lang='lat' dir='ltr'><strong>praesertim</strong></span> <span class='ocrx_word' id='word_1_627' title='bbox 2091 4344 2199 4408; x_wconf 83' lang='lat' dir='ltr'><strong>ragno</strong></span> 
     </span>
     <span class='ocr_line' id='line_1_47' title="bbox 200 4399 2196 4485; baseline 0.004 -17"><span class='ocrx_word' id='word_1_628' title='bbox 200 4422 297 4468; x_wconf 88' lang='lat' dir='ltr'><strong>suum</strong></span> <span class='ocrx_word' id='word_1_629' title='bbox 323 4399 483 4465; x_wconf 89' lang='lat' dir='ltr'><strong>Davidem</strong></span> <span class='ocrx_word' id='word_1_630' title='bbox 508 4410 734 4481; x_wconf 90' lang='lat' dir='ltr'><strong>prosequatur.</strong></span> <span class='ocrx_word' id='word_1_631' title='bbox 764 4400 835 4483; x_wconf 85' lang='lat' dir='ltr'><strong>Ego</strong></span> <span class='ocrx_word' id='word_1_632' title='bbox 858 4401 987 4464; x_wconf 89' lang='lat' dir='ltr'><strong>tametsi</strong></span> <span class='ocrx_word' id='word_1_633' title='bbox 1010 4401 1170 4483; x_wconf 91' lang='lat' dir='ltr'><strong>interpre·</strong></span> <span class='ocrx_word' id='word_1_634' title='bbox 1223 4400 1349 4468; x_wconf 79' lang='lat' dir='ltr'><strong>(ihristi</strong></span> <span class='ocrx_word' id='word_1_635' title='bbox 1382 4401 1545 4480; x_wconf 84' lang='lat' dir='ltr'><strong>convenit,</strong></span> <span class='ocrx_word' id='word_1_636' title='bbox 1581 4402 1634 4466; x_wconf 91' lang='lat' dir='ltr'><strong>cui</strong></span> <span class='ocrx_word' id='word_1_637' title='bbox 1667 4424 1835 4485; x_wconf 90' lang='lat' dir='ltr'><strong>nunquam</strong></span> <span class='ocrx_word' id='word_1_638' title='bbox 1868 4405 1978 4472; x_wconf 87' lang='lat' dir='ltr'><strong>hostes</strong></span> <span class='ocrx_word' id='word_1_639' title='bbox 2011 4405 2132 4473; x_wconf 88' lang='lat' dir='ltr'><strong>desunt</strong></span> <span class='ocrx_word' id='word_1_640' title='bbox 2161 4411 2196 4475; x_wconf 93' lang='lat' dir='ltr'><strong>in</strong></span> 
     </span>
     <span class='ocr_line' id='line_1_48' title="bbox 201 4484 2198 4577; baseline 0.005 -24"><span class='ocrx_word' id='word_1_641' title='bbox 201 4489 357 4554; x_wconf 90' lang='lat' dir='ltr'><strong>tationem</strong></span> <span class='ocrx_word' id='word_1_642' title='bbox 384 4486 468 4549; x_wconf 92' lang='lat' dir='ltr'><strong>hano</strong></span> <span class='ocrx_word' id='word_1_643' title='bbox 491 4506 556 4548; x_wconf 90' lang='lat' dir='ltr'><strong>non</strong></span> <span class='ocrx_word' id='word_1_644' title='bbox 579 4485 698 4562; x_wconf 88' lang='lat' dir='ltr'><strong>reiicio,</strong></span> <span class='ocrx_word' id='word_1_645' title='bbox 727 4484 785 4549; x_wconf 90' lang='lat' dir='ltr'><strong>illa</strong></span> <span class='ocrx_word' id='word_1_646' title='bbox 806 4498 918 4550; x_wconf 89' lang='lat' dir='ltr'><strong>tamen</strong></span> <span class='ocrx_word' id='word_1_647' title='bbox 940 4506 1011 4550; x_wconf 92' lang='lat' dir='ltr'><strong>sum</strong></span> <span class='ocrx_word' id='word_1_648' title='bbox 1036 4496 1170 4551; x_wconf 89' lang='lat' dir='ltr'><strong>eonten-</strong></span> <span class='ocrx_word' id='word_1_649' title='bbox 1223 4486 1355 4552; x_wconf 90' lang='lat' dir='ltr'><strong>mundo.</strong></span> <span class='ocrx_word' id='word_1_650' title='bbox 1401 4487 1473 4551; x_wconf 79' lang='lat' dir='ltr'><strong>Etsi</strong></span> <span class='ocrx_word' id='word_1_651' title='bbox 1500 4487 1587 4551; x_wconf 90' lang='lat' dir='ltr'><strong>enim</strong></span> <span class='ocrx_word' id='word_1_652' title='bbox 1611 4507 1676 4551; x_wconf 93' lang='lat' dir='ltr'><strong>non</strong></span> <span class='ocrx_word' id='word_1_653' title='bbox 1700 4511 1830 4572; x_wconf 86' lang='lat' dir='ltr'><strong>semper</strong></span> <span class='ocrx_word' id='word_1_654' title='bbox 1851 4504 2058 4575; x_wconf 80' lang='lat' dir='ltr'><strong>oppugnatur</strong></span> <span class='ocrx_word' id='word_1_655' title='bbox 2081 4509 2198 4577; x_wconf 85' lang='lat' dir='ltr'><strong>aperto</strong></span> 
     </span>
     <span class='ocr_line' id='line_1_49' title="bbox 202 4570 2196 4659; baseline 0.003 -19"><span class='ocrx_word' id='word_1_656' title='bbox 202 4587 265 4654; x_wconf 89' lang='lat' dir='ltr'><strong>tus,</strong></span> <span class='ocrx_word' id='word_1_657' title='bbox 307 4571 392 4656; x_wconf 90' lang='lat' dir='ltr'><strong>quod</strong></span> <span class='ocrx_word' id='word_1_658' title='bbox 428 4592 485 4634; x_wconf 91' lang='lat' dir='ltr'><strong>rex</strong></span> <span class='ocrx_word' id='word_1_659' title='bbox 519 4571 608 4634; x_wconf 91' lang='lat' dir='ltr'><strong>omni</strong></span> <span class='ocrx_word' id='word_1_660' title='bbox 638 4592 756 4653; x_wconf 83' lang='lat' dir='ltr'><strong>genere</strong></span> <span class='ocrx_word' id='word_1_661' title='bbox 797 4570 957 4637; x_wconf 90' lang='lat' dir='ltr'><strong>bonorum</strong></span> <span class='ocrx_word' id='word_1_662' title='bbox 990 4573 1171 4649; x_wconf 88' lang='lat' dir='ltr'><strong>abundans,</strong></span> <span class='ocrx_word' id='word_1_663' title='bbox 1224 4585 1338 4649; x_wconf 88' lang='lat' dir='ltr'><strong>marte,</strong></span> <span class='ocrx_word' id='word_1_664' title='bbox 1373 4572 1429 4636; x_wconf 90' lang='lat' dir='ltr'><strong>sed</strong></span> <span class='ocrx_word' id='word_1_665' title='bbox 1463 4572 1572 4655; x_wconf 90' lang='lat' dir='ltr'><strong>aliqua</strong></span> <span class='ocrx_word' id='word_1_666' title='bbox 1604 4572 1769 4639; x_wconf 91' lang='lat' dir='ltr'><strong>interdum</strong></span> <span class='ocrx_word' id='word_1_667' title='bbox 1803 4577 1960 4642; x_wconf 89' lang='lat' dir='ltr'><strong>relaxatio</strong></span> <span class='ocrx_word' id='word_1_668' title='bbox 1993 4580 2196 4659; x_wconf 83' lang='lat' dir='ltr'><strong>conceditur,</strong></span> 
     </span>
     <span class='ocr_line' id='line_1_50' title="bbox 202 4655 2196 4748; baseline 0.003 -23"><span class='ocrx_word' id='word_1_669' title='bbox 202 4659 407 4743; x_wconf 89' lang='lat' dir='ltr'><strong>praeclarum</strong></span> <span class='ocrx_word' id='word_1_670' title='bbox 430 4657 473 4720; x_wconf 90' lang='lat' dir='ltr'><strong>sit</strong></span> <span class='ocrx_word' id='word_1_671' title='bbox 492 4655 696 4720; x_wconf 89' lang='lat' dir='ltr'><strong>liberalitatis</strong></span> <span class='ocrx_word' id='word_1_672' title='bbox 714 4656 844 4722; x_wconf 89' lang='lat' dir='ltr'><strong>divinae</strong></span> <span class='ocrx_word' id='word_1_673' title='bbox 862 4657 1041 4740; x_wconf 90' lang='lat' dir='ltr'><strong>exemplar.</strong></span> <span class='ocrx_word' id='word_1_674' title='bbox 1074 4656 1171 4738; x_wconf 73' lang='lat' dir='ltr'><strong>Quod</strong></span> <span class='ocrx_word' id='word_1_675' title='bbox 1225 4659 1380 4722; x_wconf 91' lang='lat' dir='ltr'><strong>malitiam</strong></span> <span class='ocrx_word' id='word_1_676' title='bbox 1422 4667 1533 4722; x_wconf 87' lang='lat' dir='ltr'><strong>tamen</strong></span> <span class='ocrx_word' id='word_1_677' title='bbox 1572 4667 1604 4722; x_wconf 88' lang='lat' dir='ltr'><strong>et</strong></span> <span class='ocrx_word' id='word_1_678' title='bbox 1645 4661 1781 4725; x_wconf 90' lang='lat' dir='ltr'><strong>nocendi</strong></span> <span class='ocrx_word' id='word_1_679' title='bbox 1821 4661 1987 4727; x_wconf 88' lang='lat' dir='ltr'><strong>libidinem</strong></span> <span class='ocrx_word' id='word_1_680' title='bbox 2022 4685 2196 4748; x_wconf 90' lang='lat' dir='ltr'><strong>nunquam</strong></span> 
     </span>
     <span class='ocr_line' id='line_1_51' title="bbox 203 4740 2196 4835; baseline 0.005 -26"><span class='ocrx_word' id='word_1_681' title='bbox 203 4747 353 4829; x_wconf 89' lang='lat' dir='ltr'><strong>proxime</strong></span> <span class='ocrx_word' id='word_1_682' title='bbox 383 4743 533 4825; x_wconf 89' lang='lat' dir='ltr'><strong>sequitur</strong></span> <span class='ocrx_word' id='word_1_683' title='bbox 561 4740 601 4806; x_wconf 92' lang='lat' dir='ltr'><strong>da</strong></span> <span class='ocrx_word' id='word_1_684' title='bbox 628 4742 761 4821; x_wconf 90' lang='lat' dir='ltr'><strong>laetitia,</strong></span> <span class='ocrx_word' id='word_1_685' title='bbox 791 4743 964 4826; x_wconf 83' lang='lat' dir='ltr'><strong>diligenter</strong></span> <span class='ocrx_word' id='word_1_686' title='bbox 995 4744 1170 4808; x_wconf 90' lang='lat' dir='ltr'><strong>notandum</strong></span> <span class='ocrx_word' id='word_1_687' title='bbox 1224 4756 1351 4808; x_wconf 90' lang='lat' dir='ltr'><strong>exuunt</strong></span> <span class='ocrx_word' id='word_1_688' title='bbox 1373 4741 1516 4808; x_wconf 82' lang='lat' dir='ltr'><strong>Satanae</strong></span> <span class='ocrx_word' id='word_1_689' title='bbox 1538 4745 1696 4810; x_wconf 89' lang='lat' dir='ltr'><strong>ministri:</strong></span> <span class='ocrx_word' id='word_1_690' title='bbox 1718 4746 1854 4830; x_wconf 87' lang='lat' dir='ltr'><strong>ideoque</strong></span> <span class='ocrx_word' id='word_1_691' title='bbox 1877 4751 2080 4815; x_wconf 89' lang='lat' dir='ltr'><strong>eversionem</strong></span> <span class='ocrx_word' id='word_1_692' title='bbox 2099 4755 2196 4835; x_wconf 72' lang='lat' dir='ltr'><strong>regni</strong></span> 
     </span>
     <span class='ocr_line' id='line_1_52' title="bbox 202 4827 2195 4914; baseline 0.005 -19"><span class='ocrx_word' id='word_1_693' title='bbox 202 4843 264 4912; x_wconf 89' lang='lat' dir='ltr'><strong>est,</strong></span> <span class='ocrx_word' id='word_1_694' title='bbox 287 4851 352 4894; x_wconf 90' lang='lat' dir='ltr'><strong>non</strong></span> <span class='ocrx_word' id='word_1_695' title='bbox 376 4831 464 4894; x_wconf 90' lang='lat' dir='ltr'><strong>enim</strong></span> <span class='ocrx_word' id='word_1_696' title='bbox 487 4839 614 4892; x_wconf 88' lang='lat' dir='ltr'><strong>tautum</strong></span> <span class='ocrx_word' id='word_1_697' title='bbox 639 4827 793 4911; x_wconf 78' lang='lat' dir='ltr'><strong>intelligit</strong></span> <span class='ocrx_word' id='word_1_698' title='bbox 816 4829 954 4911; x_wconf 88' lang='lat' dir='ltr'><strong>populus</strong></span> <span class='ocrx_word' id='word_1_699' title='bbox 973 4828 1080 4894; x_wconf 91' lang='lat' dir='ltr'><strong>Deum</strong></span> <span class='ocrx_word' id='word_1_700' title='bbox 1103 4833 1170 4914; x_wconf 83' lang='lat' dir='ltr'><strong>regi</strong></span> <span class='ocrx_word' id='word_1_701' title='bbox 1224 4829 1348 4895; x_wconf 81' lang='lat' dir='ltr'><strong>Christi</strong></span> <span class='ocrx_word' id='word_1_702' title='bbox 1389 4828 1496 4892; x_wconf 91' lang='lat' dir='ltr'><strong>moliri</strong></span> <span class='ocrx_word' id='word_1_703' title='bbox 1536 4852 1702 4912; x_wconf 88' lang='lat' dir='ltr'><strong>nunquam</strong></span> <span class='ocrx_word' id='word_1_704' title='bbox 1739 4831 1904 4899; x_wconf 88' lang='lat' dir='ltr'><strong>desinunt.</strong></span> <span class='ocrx_word' id='word_1_705' title='bbox 1958 4835 2050 4900; x_wconf 88' lang='lat' dir='ltr'><strong>Bene</strong></span> <span class='ocrx_word' id='word_1_706' title='bbox 2082 4850 2195 4904; x_wconf 90' lang='lat' dir='ltr'><strong>antem</strong></span> 
     </span>
     <span class='ocr_line' id='line_1_53' title="bbox 202 4912 2198 5006; baseline 0.003 -23"><span class='ocrx_word' id='word_1_707' title='bbox 202 4917 459 4989; x_wconf 75' lang='lat' dir='ltr'><strong>benefacturum,</strong></span> <span class='ocrx_word' id='word_1_708' title='bbox 490 4917 566 4996; x_wconf 90' lang='lat' dir='ltr'><strong>quia</strong></span> <span class='ocrx_word' id='word_1_709' title='bbox 597 4912 734 4997; x_wconf 81' lang='lat' dir='ltr'><strong>benigne</strong></span> <span class='ocrx_word' id='word_1_710' title='bbox 764 4923 795 4977; x_wconf 91' lang='lat' dir='ltr'><strong>et</strong></span> <span class='ocrx_word' id='word_1_711' title='bbox 824 4928 959 4995; x_wconf 90' lang='lat' dir='ltr'><strong>paterno</strong></span> <span class='ocrx_word' id='word_1_712' title='bbox 981 4915 1073 4980; x_wconf 91' lang='lat' dir='ltr'><strong>oculo</strong></span> <span class='ocrx_word' id='word_1_713' title='bbox 1096 4937 1170 4980; x_wconf 92' lang='lat' dir='ltr'><strong>eum</strong></span> <span class='ocrx_word' id='word_1_714' title='bbox 1224 4917 1323 4980; x_wconf 88' lang='lat' dir='ltr'><strong>habet</strong></span> <span class='ocrx_word' id='word_1_715' title='bbox 1352 4913 1438 4996; x_wconf 90' lang='lat' dir='ltr'><strong>quod</strong></span> <span class='ocrx_word' id='word_1_716' title='bbox 1468 4936 1527 4979; x_wconf 89' lang='lat' dir='ltr'><strong>rex</strong></span> <span class='ocrx_word' id='word_1_717' title='bbox 1551 4933 1672 4994; x_wconf 86' lang='lat' dir='ltr'><strong>noster,</strong></span> <span class='ocrx_word' id='word_1_718' title='bbox 1707 4921 1761 4999; x_wconf 91' lang='lat' dir='ltr'><strong>qui</strong></span> <span class='ocrx_word' id='word_1_719' title='bbox 1786 4942 1918 4984; x_wconf 88' lang='lat' dir='ltr'><strong>manum</strong></span> <span class='ocrx_word' id='word_1_720' title='bbox 1942 4942 2035 4986; x_wconf 91' lang='lat' dir='ltr'><strong>suam</strong></span> <span class='ocrx_word' id='word_1_721' title='bbox 2058 4927 2198 5006; x_wconf 89' lang='lat' dir='ltr'><strong>opponit</strong></span> 
     </span>
     <span class='ocr_line' id='line_1_54' title="bbox 204 4998 2197 5091; baseline 0.005 -25"><span class='ocrx_word' id='word_1_722' title='bbox 204 5002 374 5084; x_wconf 86' lang='lat' dir='ltr'><strong>respiciet:</strong></span> <span class='ocrx_word' id='word_1_723' title='bbox 403 4999 461 5065; x_wconf 90' lang='lat' dir='ltr'><strong>sed</strong></span> <span class='ocrx_word' id='word_1_724' title='bbox 492 5001 576 5064; x_wconf 88' lang='lat' dir='ltr'><strong>hanc</strong></span> <span class='ocrx_word' id='word_1_725' title='bbox 604 5002 770 5082; x_wconf 89' lang='lat' dir='ltr'><strong>propriam</strong></span> <span class='ocrx_word' id='word_1_726' title='bbox 794 4998 942 5077; x_wconf 72' lang='lat' dir='ltr'><strong>designat</strong></span> <span class='ocrx_word' id='word_1_727' title='bbox 964 5000 1074 5083; x_wconf 82' lang='lat' dir='ltr'><strong>gaudii</strong></span> <span class='ocrx_word' id='word_1_728' title='bbox 1098 5024 1172 5066; x_wconf 88' lang='lat' dir='ltr'><strong>oau-</strong></span> <span class='ocrx_word' id='word_1_729' title='bbox 1224 5001 1263 5066; x_wconf 92' lang='lat' dir='ltr'><strong>ad</strong></span> <span class='ocrx_word' id='word_1_730' title='bbox 1296 5022 1355 5064; x_wconf 90' lang='lat' dir='ltr'><strong>noe</strong></span> <span class='ocrx_word' id='word_1_731' title='bbox 1377 4999 1601 5084; x_wconf 84' lang='lat' dir='ltr'><strong>protegendos,</strong></span> <span class='ocrx_word' id='word_1_732' title='bbox 1632 5004 1782 5069; x_wconf 90' lang='lat' dir='ltr'><strong>omnibus</strong></span> <span class='ocrx_word' id='word_1_733' title='bbox 1805 5016 1855 5070; x_wconf 87' lang='lat' dir='ltr'><strong>est</strong></span> <span class='ocrx_word' id='word_1_734' title='bbox 1876 5008 2034 5088; x_wconf 89' lang='lat' dir='ltr'><strong>superior.</strong></span> <span class='ocrx_word' id='word_1_735' title='bbox 2078 5009 2197 5091; x_wconf 89' lang='lat' dir='ltr'><strong>Porro,</strong></span> 
     </span>
     <span class='ocr_line' id='line_1_55' title="bbox 204 5083 2198 5176; baseline 0.004 -23"><span class='ocrx_word' id='word_1_736' title='bbox 204 5108 286 5167; x_wconf 87' lang='lat' dir='ltr'><strong>eam,</strong></span> <span class='ocrx_word' id='word_1_737' title='bbox 316 5086 400 5170; x_wconf 83' lang='lat' dir='ltr'><strong>quod</strong></span> <span class='ocrx_word' id='word_1_738' title='bbox 425 5106 484 5150; x_wconf 90' lang='lat' dir='ltr'><strong>rex</strong></span> <span class='ocrx_word' id='word_1_739' title='bbox 506 5089 575 5168; x_wconf 93' lang='lat' dir='ltr'><strong>ipse</strong></span> <span class='ocrx_word' id='word_1_740' title='bbox 597 5084 703 5150; x_wconf 92' lang='lat' dir='ltr'><strong>Deum</strong></span> <span class='ocrx_word' id='word_1_741' title='bbox 727 5083 786 5150; x_wconf 89' lang='lat' dir='ltr'><strong>eibi</strong></span> <span class='ocrx_word' id='word_1_742' title='bbox 811 5088 986 5168; x_wconf 90' lang='lat' dir='ltr'><strong>propitium</strong></span> <span class='ocrx_word' id='word_1_743' title='bbox 1009 5099 1171 5170; x_wconf 80' lang='lat' dir='ltr'><strong>agnoscat.</strong></span> <span class='ocrx_word' id='word_1_744' title='bbox 1224 5087 1301 5168; x_wconf 89' lang='lat' dir='ltr'><strong>quia</strong></span> <span class='ocrx_word' id='word_1_745' title='bbox 1324 5086 1457 5150; x_wconf 85' lang='lat' dir='ltr'><strong>verbum</strong></span> <span class='ocrx_word' id='word_1_746' title='bbox 1486 5100 1569 5170; x_wconf 61' lang='lat' dir='ltr'><strong>m</strong></span> <span class='ocrx_word' id='word_1_747' title='bbox 1598 5088 1747 5154; x_wconf 85' lang='lat' dir='ltr'><strong>sulficere</strong></span> <span class='ocrx_word' id='word_1_748' title='bbox 1770 5093 1932 5156; x_wconf 89' lang='lat' dir='ltr'><strong>interdum</strong></span> <span class='ocrx_word' id='word_1_749' title='bbox 1954 5093 2131 5176; x_wconf 83' lang='lat' dir='ltr'><strong>signifieat,</strong></span> <span class='ocrx_word' id='word_1_750' title='bbox 2161 5107 2198 5161; x_wconf 90' lang='lat' dir='ltr'><strong>et</strong></span> 
     </span>
     <span class='ocr_line' id='line_1_56' title="bbox 203 5155 2194 5263; baseline 0.005 -26"><span class='ocrx_word' id='word_1_751' title='bbox 203 5171 320 5255; x_wconf 79' lang='lat' dir='ltr'><strong>Neque</strong></span> <span class='ocrx_word' id='word_1_752' title='bbox 349 5175 437 5236; x_wconf 94' lang='lat' dir='ltr'><strong>enim</strong></span> <span class='ocrx_word' id='word_1_753' title='bbox 460 5174 634 5251; x_wconf 85' lang='lat' dir='ltr'><strong>sufficeret,</strong></span> <span class='ocrx_word' id='word_1_754' title='bbox 659 5170 765 5236; x_wconf 87' lang='lat' dir='ltr'><strong>Deum</strong></span> <span class='ocrx_word' id='word_1_755' title='bbox 788 5193 898 5238; x_wconf 90' lang='lat' dir='ltr'><strong>euram</strong></span> <span class='ocrx_word' id='word_1_756' title='bbox 923 5172 1025 5235; x_wconf 91' lang='lat' dir='ltr'><strong>nostri</strong></span> <span class='ocrx_word' id='word_1_757' title='bbox 1048 5194 1171 5256; x_wconf 81' lang='lat' dir='ltr'><strong>gerare,</strong></span> <span class='ocrx_word' id='word_1_758' title='bbox 1224 5170 1276 5237; x_wconf 93' lang='lat' dir='ltr'><strong>hio</strong></span> <span class='ocrx_word' id='word_1_759' title='bbox 1298 5173 1333 5235; x_wconf 91' lang='lat' dir='ltr'><strong>in</strong></span> <span class='ocrx_word' id='word_1_760' title='bbox 1356 5171 1464 5255; x_wconf 89' lang='lat' dir='ltr'><strong>priore</strong></span> <span class='ocrx_word' id='word_1_761' title='bbox 1486 5174 1632 5237; x_wconf 88' lang='lat' dir='ltr'><strong>membro</strong></span> <span class='ocrx_word' id='word_1_762' title='bbox 1654 5175 1848 5241; x_wconf 89' lang='lat' dir='ltr'><strong>interiieitur</strong></span> <span class='ocrx_word' id='word_1_763' title='bbox 1869 5155 1903 5263; x_wconf 60' lang='grc'><strong>5,</strong></span> <span class='ocrx_word' id='word_1_764' title='bbox 1927 5191 2060 5262; x_wconf 90' lang='lat' dir='ltr'><strong>propter</strong></span> <span class='ocrx_word' id='word_1_765' title='bbox 2082 5180 2194 5247; x_wconf 81' lang='lat' dir='ltr'><strong>diver·</strong></span> 
     </span>
     <span class='ocr_line' id='line_1_57' title="bbox 203 5257 2194 5351; baseline 0.005 -28"><span class='ocrx_word' id='word_1_766' title='bbox 203 5259 366 5340; x_wconf 88' lang='lat' dir='ltr'><strong>nobisque</strong></span> <span class='ocrx_word' id='word_1_767' title='bbox 389 5259 580 5340; x_wconf 89' lang='lat' dir='ltr'><strong>prospicere,</strong></span> <span class='ocrx_word' id='word_1_768' title='bbox 604 5258 669 5324; x_wconf 91' lang='lat' dir='ltr'><strong>nisi</strong></span> <span class='ocrx_word' id='word_1_769' title='bbox 692 5258 835 5324; x_wconf 81' lang='lat' dir='ltr'><strong>vicissim</strong></span> <span class='ocrx_word' id='word_1_770' title='bbox 858 5257 952 5324; x_wconf 90' lang='lat' dir='ltr'><strong>nobie</strong></span> <span class='ocrx_word' id='word_1_771' title='bbox 973 5278 1089 5323; x_wconf 88' lang='lat' dir='ltr'><strong>sereno</strong></span> <span class='ocrx_word' id='word_1_772' title='bbox 1111 5279 1171 5324; x_wconf 90' lang='lat' dir='ltr'><strong>suo</strong></span> <span class='ocrx_word' id='word_1_773' title='bbox 1223 5278 1293 5323; x_wconf 88' lang='lat' dir='ltr'><strong>eam</strong></span> <span class='ocrx_word' id='word_1_774' title='bbox 1322 5259 1479 5342; x_wconf 83' lang='lat' dir='ltr'><strong>syntaxin</strong></span> <span class='ocrx_word' id='word_1_775' title='bbox 1510 5259 1645 5324; x_wconf 84' lang='lat' dir='ltr'><strong>verbum</strong></span> <span class='ocrx_word' id='word_1_776' title='bbox 1675 5261 1783 5344; x_wconf 86' lang='lat' dir='ltr'><strong>ipsum</strong></span> <span class='ocrx_word' id='word_1_777' title='bbox 1816 5269 1903 5328; x_wconf 87' lang='lat' dir='ltr'><strong>varie</strong></span> <span class='ocrx_word' id='word_1_778' title='bbox 1932 5265 2098 5349; x_wconf 87' lang='lat' dir='ltr'><strong>accipiunt</strong></span> <span class='ocrx_word' id='word_1_779' title='bbox 2119 5269 2194 5351; x_wconf 86' lang='lat' dir='ltr'><strong>qui·</strong></span> 
     </span>
    </p>
   </div>
   <div class='ocr_carea' id='block_1_5' title="bbox 0 0 2338 5856">
    <p class='ocr_par' dir='ltr' id='par_1_5' title="bbox 0 0 2338 5856">
     <span class='ocr_line' id='line_1_58' title="bbox 0 0 2338 5856; baseline 0 0"><span class='ocrx_word' id='word_1_780' title='bbox 0 0 2338 5856; x_wconf 95' lang='lat' dir='ltr'><strong> </strong></span> 
     </span>
    </p>
   </div>
  </div>
 </body>
</html>
