<?xml version="1.0" encoding="UTF-8"?>
<!DOCTYPE html PUBLIC "-//W3C//DTD XHTML 1.0 Transitional//EN"
    "http://www.w3.org/TR/xhtml1/DTD/xhtml1-transitional.dtd">
<html xmlns="http://www.w3.org/1999/xhtml" xml:lang="en" lang="en">
 <head>
  <title>
</title>
<meta http-equiv="Content-Type" content="text/html;charset=utf-8" />
  <meta name='ocr-system' content='tesseract 3.04.00' />
  <meta name='ocr-capabilities' content='ocr_page ocr_carea ocr_par ocr_line ocrx_word'/>
</head>
<body>
  <div class='ocr_page' id='page_1' title='image "./corpusreformato05melagoog_0142.png"; bbox 0 0 4658 5856; ppageno 0'>
   <div class='ocr_carea' id='block_1_1' title="bbox 158 331 2149 408">
    <p class='ocr_par' dir='ltr' id='par_1_1' title="bbox 158 331 2149 408">
     <span class='ocr_line' id='line_1_1' title="bbox 158 331 2149 408; baseline 0.004 -10"><span class='ocrx_word' id='word_1_1' title='bbox 158 331 222 400; x_wconf 78' lang='lat'><strong>285</strong></span> <span class='ocrx_word' id='word_1_2' title='bbox 962 331 1181 400; x_wconf 74' lang='lat' dir='ltr'><strong>Psanites</strong></span> <span class='ocrx_word' id='word_1_3' title='bbox 1203 331 1339 400; x_wconf 86' lang='lat' dir='ltr'>XXIX.</span> <span class='ocrx_word' id='word_1_4' title='bbox 2081 339 2149 408; x_wconf 85' lang='grc'><strong>286</strong></span> 
     </span>
    </p>
   </div>
   <div class='ocr_carea' id='block_1_2' title="bbox 160 519 2150 2835">
    <p class='ocr_par' dir='ltr' id='par_1_2' title="bbox 160 519 2150 2835">
     <span class='ocr_line' id='line_1_2' title="bbox 161 519 2149 616; baseline 0.003 -24"><span class='ocrx_word' id='word_1_5' title='bbox 161 545 239 593; x_wconf 90' lang='lat' dir='ltr'><strong>suae</strong></span> <span class='ocrx_word' id='word_1_6' title='bbox 268 521 320 589; x_wconf 91' lang='lat' dir='ltr'><strong>vel</strong></span> <span class='ocrx_word' id='word_1_7' title='bbox 350 523 419 607; x_wconf 90' lang='lat' dir='ltr'><strong>spei</strong></span> <span class='ocrx_word' id='word_1_8' title='bbox 447 531 596 608; x_wconf 90' lang='lat' dir='ltr'><strong>respectu</strong></span> <span class='ocrx_word' id='word_1_9' title='bbox 620 524 719 591; x_wconf 86' lang='lat' dir='ltr'><strong>luisse</strong></span> <span class='ocrx_word' id='word_1_10' title='bbox 743 525 908 590; x_wconf 91' lang='lat' dir='ltr'><strong>adiutum:</strong></span> <span class='ocrx_word' id='word_1_11' title='bbox 937 522 1015 606; x_wconf 92' lang='lat' dir='ltr'><strong>quia</strong></span> <span class='ocrx_word' id='word_1_12' title='bbox 1035 543 1131 606; x_wconf 89' lang='lat' dir='ltr'><strong>saepe</strong></span> <span class='ocrx_word' id='word_1_13' title='bbox 1183 519 1246 587; x_wconf 89' lang='lat' dir='ltr'><strong>alio</strong></span> <span class='ocrx_word' id='word_1_14' title='bbox 1267 522 1333 586; x_wconf 87' lang='lat' dir='ltr'><strong>fine</strong></span> <span class='ocrx_word' id='word_1_15' title='bbox 1364 542 1398 587; x_wconf 91' lang='lat' dir='ltr'><strong>se</strong></span> <span class='ocrx_word' id='word_1_16' title='bbox 1430 521 1570 589; x_wconf 90' lang='lat' dir='ltr'><strong>electum</strong></span> <span class='ocrx_word' id='word_1_17' title='bbox 1602 521 1705 588; x_wconf 83' lang='lat' dir='ltr'><strong>fuisse</strong></span> <span class='ocrx_word' id='word_1_18' title='bbox 1737 545 1857 610; x_wconf 90' lang='lat' dir='ltr'><strong>regem.</strong></span> <span class='ocrx_word' id='word_1_19' title='bbox 1900 527 2010 610; x_wconf 83' lang='lat' dir='ltr'>Atque</span> <span class='ocrx_word' id='word_1_20' title='bbox 2042 527 2078 592; x_wconf 93' lang='lat' dir='ltr'><strong>in</strong></span> <span class='ocrx_word' id='word_1_21' title='bbox 2101 550 2149 616; x_wconf 87' lang='lat' dir='ltr'><strong>eo,</strong></span> 
     </span>
     <span class='ocr_line' id='line_1_3' title="bbox 160 606 2150 696; baseline 0.004 -20"><span class='ocrx_word' id='word_1_22' title='bbox 160 613 200 676; x_wconf 88' lang='lat' dir='ltr'><strong>iit</strong></span> <span class='ocrx_word' id='word_1_23' title='bbox 217 617 253 676; x_wconf 90' lang='lat' dir='ltr'><strong>ut</strong></span> <span class='ocrx_word' id='word_1_24' title='bbox 270 607 326 692; x_wconf 87' lang='lat' dir='ltr'><strong>qui</strong></span> <span class='ocrx_word' id='word_1_25' title='bbox 343 607 453 675; x_wconf 90' lang='lat' dir='ltr'><strong>Deum</strong></span> <span class='ocrx_word' id='word_1_26' title='bbox 470 609 637 694; x_wconf 77' lang='lat' dir='ltr'>invocant,</span> <span class='ocrx_word' id='word_1_27' title='bbox 653 629 713 677; x_wconf 91' lang='lat' dir='ltr'><strong>sua</strong></span> <span class='ocrx_word' id='word_1_28' title='bbox 730 609 958 676; x_wconf 72' lang='lat' dir='ltr'><strong>incredulitate</strong></span> <span class='ocrx_word' id='word_1_29' title='bbox 976 618 1132 692; x_wconf 78' lang='lat' dir='ltr'><strong>respuant</strong></span> <span class='ocrx_word' id='word_1_30' title='bbox 1183 606 1242 671; x_wconf 88' lang='lat' dir='ltr'><strong>filii</strong></span> <span class='ocrx_word' id='word_1_31' title='bbox 1264 606 1328 671; x_wconf 91' lang='lat' dir='ltr'><strong>Dei</strong></span> <span class='ocrx_word' id='word_1_32' title='bbox 1356 626 1528 692; x_wconf 90' lang='lat' dir='ltr'><strong>personam</strong></span> <span class='ocrx_word' id='word_1_33' title='bbox 1559 629 1594 674; x_wconf 92' lang='lat' dir='ltr'><strong>se</strong></span> <span class='ocrx_word' id='word_1_34' title='bbox 1622 628 1735 692; x_wconf 80' lang='lat' dir='ltr'><strong>gerere</strong></span> <span class='ocrx_word' id='word_1_35' title='bbox 1762 611 1914 691; x_wconf 79' lang='lat' dir='ltr'><strong>ostendit,</strong></span> <span class='ocrx_word' id='word_1_36' title='bbox 1946 632 2043 696; x_wconf 90' lang='lat' dir='ltr'><strong>quem</strong></span> <span class='ocrx_word' id='word_1_37' title='bbox 2070 614 2150 684; x_wconf 88' lang='lat' dir='ltr'><strong>dum</strong></span> 
     </span>
     <span class='ocr_line' id='line_1_4' title="bbox 161 691 2150 780; baseline 0.003 -17"><span class='ocrx_word' id='word_1_38' title='bbox 161 692 376 763; x_wconf 74' lang='lat' dir='ltr'><strong>nihilominus</strong></span> <span class='ocrx_word' id='word_1_39' title='bbox 409 694 480 759; x_wconf 90' lang='lat' dir='ltr'><strong>eins</strong></span> <span class='ocrx_word' id='word_1_40' title='bbox 514 697 665 780; x_wconf 89' lang='lat' dir='ltr'><strong>gratiam.</strong></span> <span class='ocrx_word' id='word_1_41' title='bbox 719 696 832 762; x_wconf 71' lang='lat' dir='ltr'><strong>Tertio</strong></span> <span class='ocrx_word' id='word_1_42' title='bbox 872 696 949 760; x_wconf 90' lang='lat' dir='ltr'><strong>dicit</strong></span> <span class='ocrx_word' id='word_1_43' title='bbox 989 694 1132 759; x_wconf 90' lang='lat' dir='ltr'><strong>laetitiae</strong></span> <span class='ocrx_word' id='word_1_44' title='bbox 1182 691 1357 758; x_wconf 84' lang='lat' dir='ltr'><strong>Zacharias</strong></span> <span class='ocrx_word' id='word_1_45' title='bbox 1389 694 1485 777; x_wconf 90' lang='lat' dir='ltr'><strong>capit.</strong></span> <span class='ocrx_word' id='word_1_46' title='bbox 1520 693 1549 772; x_wconf 83' lang='lat'><strong>9,</strong></span> <span class='ocrx_word' id='word_1_47' title='bbox 1584 715 1668 759; x_wconf 90' lang='lat' dir='ltr'><strong>vers.</strong></span> <span class='ocrx_word' id='word_1_48' title='bbox 1702 693 1723 757; x_wconf 90' lang='grc'><strong>9</strong></span> <span class='ocrx_word' id='word_1_49' title='bbox 1755 695 1914 780; x_wconf 76' lang='lat' dir='ltr'><strong>praedicit</strong></span> <span class='ocrx_word' id='word_1_50' title='bbox 1949 699 2150 769; x_wconf 89' lang='lat' dir='ltr'><strong>servandum</strong></span> 
     </span>
     <span class='ocr_line' id='line_1_5' title="bbox 162 777 2150 870; baseline 0.002 -21"><span class='ocrx_word' id='word_1_51' title='bbox 162 801 239 849; x_wconf 90' lang='lat' dir='ltr'><strong>suae</strong></span> <span class='ocrx_word' id='word_1_52' title='bbox 257 779 468 846; x_wconf 87' lang='lat' dir='ltr'><strong>coniunctum</strong></span> <span class='ocrx_word' id='word_1_53' title='bbox 487 782 556 847; x_wconf 85' lang='lat' dir='ltr'><strong>fore</strong></span> <span class='ocrx_word' id='word_1_54' title='bbox 573 781 797 849; x_wconf 89' lang='lat' dir='ltr'><strong>testimoninm</strong></span> <span class='ocrx_word' id='word_1_55' title='bbox 815 779 1036 867; x_wconf 79' lang='lat' dir='ltr'><strong>gratitudinis,</strong></span> <span class='ocrx_word' id='word_1_56' title='bbox 1055 800 1132 844; x_wconf 90' lang='lat' dir='ltr'><strong>nam</strong></span> <span class='ocrx_word' id='word_1_57' title='bbox 1183 778 1259 855; x_wconf 87' lang='lat' dir='ltr'><strong>lore,</strong></span> <span class='ocrx_word' id='word_1_58' title='bbox 1291 777 1379 843; x_wconf 91' lang='lat' dir='ltr'><strong>haud</strong></span> <span class='ocrx_word' id='word_1_59' title='bbox 1409 777 1507 844; x_wconf 91' lang='lat' dir='ltr'><strong>dubie</strong></span> <span class='ocrx_word' id='word_1_60' title='bbox 1528 778 1613 844; x_wconf 92' lang='lat' dir='ltr'><strong>nihil</strong></span> <span class='ocrx_word' id='word_1_61' title='bbox 1634 799 1781 847; x_wconf 89' lang='lat' dir='ltr'><strong>seorsum</strong></span> <span class='ocrx_word' id='word_1_62' title='bbox 1804 783 2000 850; x_wconf 82' lang='lat' dir='ltr'><strong>emembris</strong></span> <span class='ocrx_word' id='word_1_63' title='bbox 2021 786 2051 850; x_wconf 93' lang='lat' dir='ltr'><strong>ei</strong></span> <span class='ocrx_word' id='word_1_64' title='bbox 2072 807 2150 870; x_wconf 91' lang='lat' dir='ltr'><strong>pro·</strong></span> 
     </span>
     <span class='ocr_line' id='line_1_6' title="bbox 162 862 2150 967; baseline 0.003 -33"><span class='ocrx_word' id='word_1_65' title='bbox 162 867 224 934; x_wconf 88' lang='lat' dir='ltr'><strong>etsi</strong></span> <span class='ocrx_word' id='word_1_66' title='bbox 247 863 306 966; x_wconf 74' lang='lat' dir='ltr'><strong>adu</strong></span> <span class='ocrx_word' id='word_1_67' title='bbox 321 863 431 931; x_wconf 89' lang='lat' dir='ltr'><strong>Deum</strong></span> <span class='ocrx_word' id='word_1_68' title='bbox 454 867 648 950; x_wconf 84' lang='lat' dir='ltr'><strong>confugiunt</strong></span> <span class='ocrx_word' id='word_1_69' title='bbox 667 866 761 952; x_wconf 90' lang='lat' dir='ltr'><strong>impii</strong></span> <span class='ocrx_word' id='word_1_70' title='bbox 788 875 823 935; x_wconf 90' lang='lat' dir='ltr'><strong>et</strong></span> <span class='ocrx_word' id='word_1_71' title='bbox 844 866 1035 967; x_wconf 71' lang='lat' dir='ltr'><strong>hypocritae</strong></span> <span class='ocrx_word' id='word_1_72' title='bbox 1055 865 1131 930; x_wconf 87' lang='lat' dir='ltr'><strong>dum</strong></span> <span class='ocrx_word' id='word_1_73' title='bbox 1182 863 1293 962; x_wconf 79' lang='lat' dir='ltr'><strong>mittit,</strong></span> <span class='ocrx_word' id='word_1_74' title='bbox 1316 862 1374 929; x_wconf 87' lang='lat' dir='ltr'><strong>sed</strong></span> <span class='ocrx_word' id='word_1_75' title='bbox 1396 873 1434 929; x_wconf 88' lang='lat' dir='ltr'><strong>ut</strong></span> <span class='ocrx_word' id='word_1_76' title='bbox 1455 864 1571 964; x_wconf 78' lang='lat' dir='ltr'><strong>salutis</strong></span> <span class='ocrx_word' id='word_1_77' title='bbox 1592 866 1726 932; x_wconf 86' lang='lat' dir='ltr'><strong>effectus</strong></span> <span class='ocrx_word' id='word_1_78' title='bbox 1748 865 1790 933; x_wconf 94' lang='lat' dir='ltr'><strong>ad</strong></span> <span class='ocrx_word' id='word_1_79' title='bbox 1811 875 1915 967; x_wconf 76' lang='lat' dir='ltr'><strong>totum</strong></span> <span class='ocrx_word' id='word_1_80' title='bbox 1938 868 2009 935; x_wconf 90' lang='lat' dir='ltr'><strong>eius</strong></span> <span class='ocrx_word' id='word_1_81' title='bbox 2030 890 2150 955; x_wconf 86' lang='lat' dir='ltr'><strong>corpus</strong></span> 
     </span>
     <span class='ocr_line' id='line_1_7' title="bbox 163 948 2149 1122; baseline 0.003 -18"><span class='ocrx_word' id='word_1_82' title='bbox 163 958 549 1105; x_wconf 53' lang='lat' dir='ltr'><strong>tt‘ttttfftfflttt</strong></span> <span class='ocrx_word' id='word_1_83' title='bbox 564 952 1132 1122; x_wconf 70' lang='lat' dir='ltr'><strong>tttl.tt⁰t.tt⁰¹;tttttt</strong></span> <span class='ocrx_word' id='word_1_84' title='bbox 1182 948 1603 1118; x_wconf 51' lang='lat' dir='ltr'><strong>{stethtttft</strong></span> <span class='ocrx_word' id='word_1_85' title='bbox 1621 951 1913 1121; x_wconf 61' lang='lat' dir='ltr'><strong>littttttttt</strong></span> <span class='ocrx_word' id='word_1_86' title='bbox 1929 954 2149 1110; x_wconf 60' lang='lat' dir='ltr'><strong>{iiiiii}</strong></span> 
     </span>
     <span class='ocr_line' id='line_1_8' title="bbox 163 1119 2149 1211; baseline 0.002 -20"><span class='ocrx_word' id='word_1_87' title='bbox 163 1124 298 1191; x_wconf 87' lang='lat' dir='ltr'><strong>sultant.</strong></span> <span class='ocrx_word' id='word_1_88' title='bbox 343 1119 481 1189; x_wconf 84' lang='lat' dir='ltr'><strong>Summa</strong></span> <span class='ocrx_word' id='word_1_89' title='bbox 510 1124 612 1208; x_wconf 86' lang='lat' dir='ltr'><strong>igitur</strong></span> <span class='ocrx_word' id='word_1_90' title='bbox 638 1132 698 1204; x_wconf 90' lang='lat' dir='ltr'><strong>est,</strong></span> <span class='ocrx_word' id='word_1_91' title='bbox 729 1124 891 1192; x_wconf 81' lang='lat' dir='ltr'><strong>Davidem</strong></span> <span class='ocrx_word' id='word_1_92' title='bbox 921 1145 987 1189; x_wconf 91' lang='lat' dir='ltr'><strong>non</strong></span> <span class='ocrx_word' id='word_1_93' title='bbox 1009 1123 1133 1188; x_wconf 81' lang='lat' dir='ltr'><strong>frustra</strong></span> <span class='ocrx_word' id='word_1_94' title='bbox 1182 1120 1247 1184; x_wconf 90' lang='lat' dir='ltr'><strong>nisi</strong></span> <span class='ocrx_word' id='word_1_95' title='bbox 1280 1120 1391 1203; x_wconf 91' lang='lat' dir='ltr'><strong>populi</strong></span> <span class='ocrx_word' id='word_1_96' title='bbox 1423 1141 1522 1188; x_wconf 90' lang='lat' dir='ltr'><strong>cansa</strong></span> <span class='ocrx_word' id='word_1_97' title='bbox 1554 1122 1637 1188; x_wconf 90' lang='lat' dir='ltr'><strong>salvi</strong></span> <span class='ocrx_word' id='word_1_98' title='bbox 1671 1143 1741 1189; x_wconf 90' lang='lat' dir='ltr'><strong>esse</strong></span> <span class='ocrx_word' id='word_1_99' title='bbox 1773 1127 1916 1208; x_wconf 89' lang='lat' dir='ltr'><strong>cupiant.</strong></span> <span class='ocrx_word' id='word_1_100' title='bbox 1961 1123 2028 1192; x_wconf 84' lang='lat' dir='ltr'><strong>Sed</strong></span> <span class='ocrx_word' id='word_1_101' title='bbox 2049 1148 2149 1211; x_wconf 89' lang='lat' dir='ltr'><strong>quam</strong></span> 
     </span>
     <span class='ocr_line' id='line_1_9' title="bbox 161 1206 2149 1294; baseline 0.002 -17"><span class='ocrx_word' id='word_1_102' title='bbox 161 1227 319 1294; x_wconf 80' lang='lat' dir='ltr'><strong>sperasse,</strong></span> <span class='ocrx_word' id='word_1_103' title='bbox 349 1209 429 1291; x_wconf 91' lang='lat' dir='ltr'><strong>quia</strong></span> <span class='ocrx_word' id='word_1_104' title='bbox 455 1229 492 1274; x_wconf 92' lang='lat' dir='ltr'><strong>re</strong></span> <span class='ocrx_word' id='word_1_105' title='bbox 518 1209 590 1293; x_wconf 90' lang='lat' dir='ltr'><strong>ipsa</strong></span> <span class='ocrx_word' id='word_1_106' title='bbox 612 1218 766 1294; x_wconf 88' lang='lat' dir='ltr'><strong>expertus</strong></span> <span class='ocrx_word' id='word_1_107' title='bbox 786 1210 887 1277; x_wconf 78' lang='lat' dir='ltr'><strong>fuerit</strong></span> <span class='ocrx_word' id='word_1_108' title='bbox 907 1210 1016 1276; x_wconf 92' lang='lat' dir='ltr'><strong>Deum</strong></span> <span class='ocrx_word' id='word_1_109' title='bbox 1038 1228 1132 1292; x_wconf 89' lang='lat' dir='ltr'><strong>prae·</strong></span> <span class='ocrx_word' id='word_1_110' title='bbox 1182 1206 1296 1287; x_wconf 89' lang='lat' dir='ltr'><strong>procul</strong></span> <span class='ocrx_word' id='word_1_111' title='bbox 1318 1206 1427 1271; x_wconf 89' lang='lat' dir='ltr'><strong>absint</strong></span> <span class='ocrx_word' id='word_1_112' title='bbox 1448 1206 1489 1272; x_wconf 89' lang='lat' dir='ltr'><strong>ab</strong></span> <span class='ocrx_word' id='word_1_113' title='bbox 1512 1206 1573 1273; x_wconf 92' lang='lat' dir='ltr'><strong>hoc</strong></span> <span class='ocrx_word' id='word_1_114' title='bbox 1606 1208 1733 1289; x_wconf 86' lang='lat' dir='ltr'><strong>affectu,</strong></span> <span class='ocrx_word' id='word_1_115' title='bbox 1766 1209 1873 1276; x_wconf 86' lang='lat' dir='ltr'><strong>dicere</strong></span> <span class='ocrx_word' id='word_1_116' title='bbox 1905 1211 1988 1275; x_wconf 92' lang='lat' dir='ltr'><strong>nihil</strong></span> <span class='ocrx_word' id='word_1_117' title='bbox 2022 1217 2149 1280; x_wconf 79' lang='lat' dir='ltr'><strong>attinet</strong></span> 
     </span>
     <span class='ocr_line' id='line_1_10' title="bbox 161 1291 2150 1379; baseline 0.002 -18"><span class='ocrx_word' id='word_1_118' title='bbox 161 1294 247 1362; x_wconf 88' lang='lat' dir='ltr'><strong>senti</strong></span> <span class='ocrx_word' id='word_1_119' title='bbox 276 1294 401 1359; x_wconf 86' lang='lat' dir='ltr'><strong>virtute</strong></span> <span class='ocrx_word' id='word_1_120' title='bbox 436 1295 633 1361; x_wconf 90' lang='lat' dir='ltr'><strong>instructum</strong></span> <span class='ocrx_word' id='word_1_121' title='bbox 668 1318 738 1363; x_wconf 91' lang='lat' dir='ltr'><strong>esse</strong></span> <span class='ocrx_word' id='word_1_122' title='bbox 764 1297 805 1362; x_wconf 93' lang='lat' dir='ltr'><strong>ad</strong></span> <span class='ocrx_word' id='word_1_123' title='bbox 833 1317 909 1364; x_wconf 89' lang='lat' dir='ltr'><strong>suos</strong></span> <span class='ocrx_word' id='word_1_124' title='bbox 938 1293 1132 1362; x_wconf 88' lang='lat' dir='ltr'><strong>servandos:</strong></span> <span class='ocrx_word' id='word_1_125' title='bbox 1183 1291 1287 1356; x_wconf 77' lang='lat' dir='ltr'><strong>Fastu</strong></span> <span class='ocrx_word' id='word_1_126' title='bbox 1316 1292 1403 1356; x_wconf 91' lang='lat' dir='ltr'><strong>enim</strong></span> <span class='ocrx_word' id='word_1_127' title='bbox 1437 1294 1601 1358; x_wconf 90' lang='lat' dir='ltr'><strong>excaecati</strong></span> <span class='ocrx_word' id='word_1_128' title='bbox 1634 1295 1769 1377; x_wconf 86' lang='lat' dir='ltr'><strong>perinde</strong></span> <span class='ocrx_word' id='word_1_129' title='bbox 1798 1296 1960 1379; x_wconf 91' lang='lat' dir='ltr'><strong>reliquum</strong></span> <span class='ocrx_word' id='word_1_130' title='bbox 1989 1299 2150 1366; x_wconf 89' lang='lat' dir='ltr'><strong>mundum</strong></span> 
     </span>
     <span class='ocr_line' id='line_1_11' title="bbox 162 1376 2150 1466; baseline 0.003 -20"><span class='ocrx_word' id='word_1_131' title='bbox 162 1391 259 1465; x_wconf 80' lang='lat' dir='ltr'><strong>atque</strong></span> <span class='ocrx_word' id='word_1_132' title='bbox 280 1378 367 1445; x_wconf 92' lang='lat' dir='ltr'><strong>hanc</strong></span> <span class='ocrx_word' id='word_1_133' title='bbox 396 1380 467 1445; x_wconf 89' lang='lat' dir='ltr'><strong>veri</strong></span> <span class='ocrx_word' id='word_1_134' title='bbox 495 1380 655 1465; x_wconf 87' lang='lat' dir='ltr'><strong>solidique</strong></span> <span class='ocrx_word' id='word_1_135' title='bbox 683 1383 795 1466; x_wconf 88' lang='lat' dir='ltr'><strong>gaudii</strong></span> <span class='ocrx_word' id='word_1_136' title='bbox 823 1384 922 1449; x_wconf 81' lang='lat' dir='ltr'><strong>fnisse</strong></span> <span class='ocrx_word' id='word_1_137' title='bbox 952 1380 1133 1458; x_wconf 80' lang='lat' dir='ltr'><strong>materiam,</strong></span> <span class='ocrx_word' id='word_1_138' title='bbox 1184 1376 1376 1460; x_wconf 89' lang='lat' dir='ltr'><strong>despiciunt,</strong></span> <span class='ocrx_word' id='word_1_139' title='bbox 1409 1398 1447 1444; x_wconf 90' lang='lat' dir='ltr'><strong>ao</strong></span> <span class='ocrx_word' id='word_1_140' title='bbox 1468 1379 1496 1444; x_wconf 89' lang='lat' dir='ltr'><strong>si</strong></span> <span class='ocrx_word' id='word_1_141' title='bbox 1518 1399 1560 1443; x_wconf 92' lang='lat' dir='ltr'><strong>ex</strong></span> <span class='ocrx_word' id='word_1_142' title='bbox 1581 1382 1746 1446; x_wconf 90' lang='lat' dir='ltr'><strong>communi</strong></span> <span class='ocrx_word' id='word_1_143' title='bbox 1768 1381 1937 1447; x_wconf 89' lang='lat' dir='ltr'><strong>hominum</strong></span> <span class='ocrx_word' id='word_1_144' title='bbox 1958 1382 2072 1450; x_wconf 87' lang='lat' dir='ltr'><strong>ordine</strong></span> <span class='ocrx_word' id='word_1_145' title='bbox 2093 1407 2150 1453; x_wconf 88' lang='lat' dir='ltr'><strong>eos</strong></span> 
     </span>
     <span class='ocr_line' id='line_1_12' title="bbox 163 1463 2149 1552; baseline 0.003 -20"><span class='ocrx_word' id='word_1_146' title='bbox 163 1464 249 1551; x_wconf 91' lang='lat' dir='ltr'><strong>quod</strong></span> <span class='ocrx_word' id='word_1_147' title='bbox 270 1463 383 1530; x_wconf 92' lang='lat' dir='ltr'><strong>Deum</strong></span> <span class='ocrx_word' id='word_1_148' title='bbox 416 1465 478 1531; x_wconf 88' lang='lat' dir='ltr'><strong>sibi</strong></span> <span class='ocrx_word' id='word_1_149' title='bbox 507 1467 607 1533; x_wconf 87' lang='lat' dir='ltr'><strong>fuisse</strong></span> <span class='ocrx_word' id='word_1_150' title='bbox 635 1468 812 1552; x_wconf 90' lang='lat' dir='ltr'><strong>propitium</strong></span> <span class='ocrx_word' id='word_1_151' title='bbox 844 1470 992 1534; x_wconf 79' lang='lat' dir='ltr'><strong>sentiret.</strong></span> <span class='ocrx_word' id='word_1_152' title='bbox 1034 1463 1133 1531; x_wconf 87' lang='lat' dir='ltr'><strong>Unde</strong></span> <span class='ocrx_word' id='word_1_153' title='bbox 1184 1463 1343 1528; x_wconf 88' lang='lat' dir='ltr'><strong>eximeret</strong></span> <span class='ocrx_word' id='word_1_154' title='bbox 1370 1484 1451 1531; x_wconf 91' lang='lat' dir='ltr'><strong>suus</strong></span> <span class='ocrx_word' id='word_1_155' title='bbox 1471 1464 1626 1547; x_wconf 88' lang='lat' dir='ltr'><strong>splendor</strong></span> <span class='ocrx_word' id='word_1_156' title='bbox 1647 1485 1684 1530; x_wconf 90' lang='lat' dir='ltr'><strong>ac</strong></span> <span class='ocrx_word' id='word_1_157' title='bbox 1706 1466 1858 1550; x_wconf 81' lang='lat' dir='ltr'><strong>dignitas.</strong></span> <span class='ocrx_word' id='word_1_158' title='bbox 1902 1468 2016 1550; x_wconf 80' lang='lat' dir='ltr'><strong>Neque</strong></span> <span class='ocrx_word' id='word_1_159' title='bbox 2037 1477 2149 1538; x_wconf 91' lang='lat' dir='ltr'><strong>tamen</strong></span> 
     </span>
     <span class='ocr_line' id='line_1_13' title="bbox 162 1548 2149 1638; baseline 0.002 -19"><span class='ocrx_word' id='word_1_160' title='bbox 162 1552 260 1619; x_wconf 91' lang='lat' dir='ltr'><strong>etiam</strong></span> <span class='ocrx_word' id='word_1_161' title='bbox 293 1571 330 1616; x_wconf 90' lang='lat' dir='ltr'><strong>se</strong></span> <span class='ocrx_word' id='word_1_162' title='bbox 362 1571 540 1617; x_wconf 89' lang='lat' dir='ltr'><strong>memorem</strong></span> <span class='ocrx_word' id='word_1_163' title='bbox 573 1560 607 1618; x_wconf 93' lang='lat' dir='ltr'><strong>et</strong></span> <span class='ocrx_word' id='word_1_164' title='bbox 639 1563 769 1638; x_wconf 90' lang='lat' dir='ltr'><strong>gratum</strong></span> <span class='ocrx_word' id='word_1_165' title='bbox 801 1556 869 1620; x_wconf 87' lang='lat' dir='ltr'><strong>fore</strong></span> <span class='ocrx_word' id='word_1_166' title='bbox 896 1551 1067 1637; x_wconf 90' lang='lat' dir='ltr'><strong>promittit,</strong></span> <span class='ocrx_word' id='word_1_167' title='bbox 1101 1557 1134 1615; x_wconf 91' lang='lat' dir='ltr'><strong>et</strong></span> <span class='ocrx_word' id='word_1_168' title='bbox 1184 1548 1304 1613; x_wconf 87' lang='lat' dir='ltr'><strong>mirum</strong></span> <span class='ocrx_word' id='word_1_169' title='bbox 1337 1557 1396 1626; x_wconf 88' lang='lat' dir='ltr'><strong>est,</strong></span> <span class='ocrx_word' id='word_1_170' title='bbox 1430 1558 1497 1615; x_wconf 90' lang='lat' dir='ltr'><strong>tam</strong></span> <span class='ocrx_word' id='word_1_171' title='bbox 1529 1550 1668 1633; x_wconf 84' lang='lat' dir='ltr'><strong>superbe</strong></span> <span class='ocrx_word' id='word_1_172' title='bbox 1700 1561 1734 1618; x_wconf 92' lang='lat' dir='ltr'><strong>et</strong></span> <span class='ocrx_word' id='word_1_173' title='bbox 1766 1553 1997 1620; x_wconf 89' lang='lat' dir='ltr'><strong>contumeliose</strong></span> <span class='ocrx_word' id='word_1_174' title='bbox 2029 1556 2149 1623; x_wconf 88' lang='lat' dir='ltr'><strong>calcari</strong></span> 
     </span>
     <span class='ocr_line' id='line_1_14' title="bbox 164 1632 2149 1733; baseline -0.001 -29"><span class='ocrx_word' id='word_1_175' title='bbox 164 1646 253 1704; x_wconf 88' lang='lat' dir='ltr'><strong>certe</strong></span> <span class='ocrx_word' id='word_1_176' title='bbox 274 1635 348 1702; x_wconf 92' lang='lat' dir='ltr'><strong>ideo</strong></span> <span class='ocrx_word' id='word_1_177' title='bbox 369 1635 533 1702; x_wconf 87' lang='lat' dir='ltr'><strong>Dominus</strong></span> <span class='ocrx_word' id='word_1_178' title='bbox 561 1637 728 1704; x_wconf 85' lang='lat' dir='ltr'><strong>hilaritate</strong></span> <span class='ocrx_word' id='word_1_179' title='bbox 749 1640 847 1707; x_wconf 86' lang='lat' dir='ltr'><strong>corda</strong></span> <span class='ocrx_word' id='word_1_180' title='bbox 867 1645 979 1706; x_wconf 89' lang='lat' dir='ltr'><strong>nostra</strong></span> <span class='ocrx_word' id='word_1_181' title='bbox 1000 1637 1133 1722; x_wconf 83' lang='lat' dir='ltr'><strong>pertun·</strong></span> <span class='ocrx_word' id='word_1_182' title='bbox 1184 1632 1353 1733; x_wconf 68' lang='lat' dir='ltr'><strong>h⁰m.³¹¹!²¹.¹¹</strong></span> <span class='ocrx_word' id='word_1_183' title='bbox 1374 1655 1487 1718; x_wconf 82' lang='lat' dir='ltr'><strong>genus,</strong></span> <span class='ocrx_word' id='word_1_184' title='bbox 1520 1634 1607 1718; x_wconf 93' lang='lat' dir='ltr'><strong>quod</strong></span> <span class='ocrx_word' id='word_1_185' title='bbox 1636 1657 1756 1721; x_wconf 90' lang='lat' dir='ltr'><strong>magna</strong></span> <span class='ocrx_word' id='word_1_186' title='bbox 1784 1660 1826 1704; x_wconf 88' lang='lat' dir='ltr'><strong>ex</strong></span> <span class='ocrx_word' id='word_1_187' title='bbox 1854 1648 1946 1723; x_wconf 85' lang='lat' dir='ltr'><strong>parte</strong></span> <span class='ocrx_word' id='word_1_188' title='bbox 1973 1639 2149 1707; x_wconf 82' lang='lat' dir='ltr'><strong>aierendo</strong></span> 
     </span>
     <span class='ocr_line' id='line_1_15' title="bbox 164 1718 2149 1805; baseline 0.003 -16"><span class='ocrx_word' id='word_1_189' title='bbox 164 1723 221 1801; x_wconf 90' lang='lat' dir='ltr'><strong>dit,</strong></span> <span class='ocrx_word' id='word_1_190' title='bbox 250 1730 287 1787; x_wconf 89' lang='lat' dir='ltr'><strong>ut</strong></span> <span class='ocrx_word' id='word_1_191' title='bbox 313 1743 371 1787; x_wconf 92' lang='lat' dir='ltr'><strong>ora</strong></span> <span class='ocrx_word' id='word_1_192' title='bbox 392 1720 487 1787; x_wconf 90' lang='lat' dir='ltr'><strong>nobis</strong></span> <span class='ocrx_word' id='word_1_193' title='bbox 514 1721 555 1786; x_wconf 92' lang='lat' dir='ltr'><strong>ad</strong></span> <span class='ocrx_word' id='word_1_194' title='bbox 578 1724 743 1790; x_wconf 90' lang='lat' dir='ltr'><strong>canendas</strong></span> <span class='ocrx_word' id='word_1_195' title='bbox 763 1747 839 1792; x_wconf 89' lang='lat' dir='ltr'><strong>suas</strong></span> <span class='ocrx_word' id='word_1_196' title='bbox 861 1723 975 1792; x_wconf 88' lang='lat' dir='ltr'><strong>landes</strong></span> <span class='ocrx_word' id='word_1_197' title='bbox 997 1723 1130 1805; x_wconf 90' lang='lat' dir='ltr'><strong>aperiat.</strong></span> <span class='ocrx_word' id='word_1_198' title='bbox 1183 1718 1308 1784; x_wconf 76' lang='lat' dir='ltr'><strong>Christi</strong></span> <span class='ocrx_word' id='word_1_199' title='bbox 1327 1720 1576 1802; x_wconf 81' lang='lat' dir='ltr'><strong>rugoabhorret.</strong></span> <span class='ocrx_word' id='word_1_200' title='bbox 1599 1722 1669 1787; x_wconf 89' lang='lat' dir='ltr'><strong>Nos</strong></span> <span class='ocrx_word' id='word_1_201' title='bbox 1690 1744 1770 1789; x_wconf 90' lang='lat' dir='ltr'><strong>vero</strong></span> <span class='ocrx_word' id='word_1_202' title='bbox 1791 1724 2035 1791; x_wconf 87' lang='lat' dir='ltr'><strong>meminerimus</strong></span> <span class='ocrx_word' id='word_1_203' title='bbox 2048 1727 2149 1794; x_wconf 92' lang='lat' dir='ltr'><strong>Davi·</strong></span> 
     </span>
     <span class='ocr_line' id='line_1_16' title="bbox 249 1803 2148 1896; baseline 0.002 -22"><span class='ocrx_word' id='word_1_204' title='bbox 249 1808 279 1874; x_wconf 89' lang='lat'><strong>8.</strong></span> <span class='ocrx_word' id='word_1_205' title='bbox 309 1806 442 1893; x_wconf 75' lang='lat' dir='ltr'><strong>(lebona</strong></span> <span class='ocrx_word' id='word_1_206' title='bbox 469 1808 618 1889; x_wconf 76' lang='lat' dir='ltr'><strong>fortitudo</strong></span> <span class='ocrx_word' id='word_1_207' title='bbox 648 1809 738 1896; x_wconf 77' lang='lat' dir='ltr'><strong>r‘lls‘e)</strong></span> <span class='ocrx_word' id='word_1_208' title='bbox 800 1809 979 1896; x_wconf 86' lang='lat' dir='ltr'><strong>Exegetice</strong></span> <span class='ocrx_word' id='word_1_209' title='bbox 1013 1808 1133 1891; x_wconf 89' lang='lat' dir='ltr'><strong>repetit</strong></span> <span class='ocrx_word' id='word_1_210' title='bbox 1183 1803 1257 1868; x_wconf 90' lang='lat' dir='ltr'><strong>dem</strong></span> <span class='ocrx_word' id='word_1_211' title='bbox 1275 1805 1381 1870; x_wconf 88' lang='lat' dir='ltr'><strong>instar</strong></span> <span class='ocrx_word' id='word_1_212' title='bbox 1397 1806 1521 1888; x_wconf 89' lang='lat' dir='ltr'><strong>speculi</strong></span> <span class='ocrx_word' id='word_1_213' title='bbox 1539 1827 1619 1886; x_wconf 90' lang='lat' dir='ltr'><strong>esse,</strong></span> <span class='ocrx_word' id='word_1_214' title='bbox 1637 1808 1672 1872; x_wconf 90' lang='lat' dir='ltr'><strong>in</strong></span> <span class='ocrx_word' id='word_1_215' title='bbox 1690 1829 1753 1892; x_wconf 86' lang='lat' dir='ltr'><strong>quo</strong></span> <span class='ocrx_word' id='word_1_216' title='bbox 1767 1812 1957 1877; x_wconf 88' lang='lat' dir='ltr'><strong>continuum</strong></span> <span class='ocrx_word' id='word_1_217' title='bbox 1968 1812 2148 1893; x_wconf 76' lang='lat' dir='ltr'><strong>gratiarum</strong></span> 
     </span>
     <span class='ocr_line' id='line_1_17' title="bbox 163 1891 2148 1980; baseline 0.002 -21"><span class='ocrx_word' id='word_1_218' title='bbox 163 1892 248 1977; x_wconf 90' lang='lat' dir='ltr'><strong>quod</strong></span> <span class='ocrx_word' id='word_1_219' title='bbox 271 1892 410 1970; x_wconf 85' lang='lat' dir='ltr'><strong>dixerat,</strong></span> <span class='ocrx_word' id='word_1_220' title='bbox 431 1891 542 1959; x_wconf 87' lang='lat' dir='ltr'><strong>Deum</strong></span> <span class='ocrx_word' id='word_1_221' title='bbox 565 1894 626 1962; x_wconf 90' lang='lat' dir='ltr'><strong>sibi</strong></span> <span class='ocrx_word' id='word_1_222' title='bbox 648 1897 747 1962; x_wconf 83' lang='lat' dir='ltr'><strong>fuisse</strong></span> <span class='ocrx_word' id='word_1_223' title='bbox 769 1897 887 1963; x_wconf 83' lang='lat' dir='ltr'><strong>robur:</strong></span> <span class='ocrx_word' id='word_1_224' title='bbox 915 1915 1034 1977; x_wconf 89' lang='lat' dir='ltr'><strong>nempe</strong></span> <span class='ocrx_word' id='word_1_225' title='bbox 1056 1894 1132 1976; x_wconf 87' lang='lat' dir='ltr'><strong>quia</strong></span> <span class='ocrx_word' id='word_1_226' title='bbox 1183 1910 1314 1955; x_wconf 74' lang='lat' dir='ltr'><strong>sumum</strong></span> <span class='ocrx_word' id='word_1_227' title='bbox 1354 1897 1501 1957; x_wconf 88' lang='lat' dir='ltr'><strong>tenorem</strong></span> <span class='ocrx_word' id='word_1_228' title='bbox 1541 1892 1635 1960; x_wconf 88' lang='lat' dir='ltr'><strong>nobis</strong></span> <span class='ocrx_word' id='word_1_229' title='bbox 1672 1892 1764 1961; x_wconf 91' lang='lat' dir='ltr'><strong>Deus</strong></span> <span class='ocrx_word' id='word_1_230' title='bbox 1801 1897 1946 1980; x_wconf 90' lang='lat' dir='ltr'><strong>poponit.</strong></span> <span class='ocrx_word' id='word_1_231' title='bbox 2001 1898 2148 1963; x_wconf 70' lang='lat' dir='ltr'><strong>mandem</strong></span> 
     </span>
     <span class='ocr_line' id='line_1_18' title="bbox 161 1973 2149 2066; baseline 0.002 -21"><span class='ocrx_word' id='word_1_232' title='bbox 161 1978 228 2046; x_wconf 89' lang='lat' dir='ltr'><strong>suis</strong></span> <span class='ocrx_word' id='word_1_233' title='bbox 245 1979 347 2062; x_wconf 86' lang='lat' dir='ltr'><strong>copiis</strong></span> <span class='ocrx_word' id='word_1_234' title='bbox 365 1978 588 2046; x_wconf 88' lang='lat' dir='ltr'><strong>benedixerat.</strong></span> <span class='ocrx_word' id='word_1_235' title='bbox 626 1981 715 2047; x_wconf 88' lang='lat' dir='ltr'><strong>Usus</strong></span> <span class='ocrx_word' id='word_1_236' title='bbox 732 1983 819 2047; x_wconf 91' lang='lat' dir='ltr'><strong>enim</strong></span> <span class='ocrx_word' id='word_1_237' title='bbox 837 1984 944 2047; x_wconf 84' lang='lat' dir='ltr'><strong>fuerat</strong></span> <span class='ocrx_word' id='word_1_238' title='bbox 961 1979 1130 2045; x_wconf 93' lang='lat' dir='ltr'><strong>hominum</strong></span> <span class='ocrx_word' id='word_1_239' title='bbox 1182 1973 1361 2041; x_wconf 90' lang='lat' dir='ltr'><strong>videndum</strong></span> <span class='ocrx_word' id='word_1_240' title='bbox 1395 1985 1443 2043; x_wconf 88' lang='lat' dir='ltr'><strong>est</strong></span> <span class='ocrx_word' id='word_1_241' title='bbox 1478 1983 1515 2042; x_wconf 89' lang='lat' dir='ltr'><strong>ut</strong></span> <span class='ocrx_word' id='word_1_242' title='bbox 1547 1985 1683 2062; x_wconf 90' lang='lat' dir='ltr'><strong>paterno</strong></span> <span class='ocrx_word' id='word_1_243' title='bbox 1718 1981 1788 2046; x_wconf 87' lang='lat' dir='ltr'><strong>eius</strong></span> <span class='ocrx_word' id='word_1_244' title='bbox 1818 1983 1922 2047; x_wconf 84' lang='lat' dir='ltr'><strong>amori</strong></span> <span class='ocrx_word' id='word_1_245' title='bbox 1953 1983 2149 2066; x_wconf 87' lang='lat' dir='ltr'><strong>respondeat</strong></span> 
     </span>
     <span class='ocr_line' id='line_1_19' title="bbox 161 2059 2150 2151; baseline 0.002 -21"><span class='ocrx_word' id='word_1_246' title='bbox 161 2086 261 2130; x_wconf 87' lang='lat' dir='ltr'><strong>mann</strong></span> <span class='ocrx_word' id='word_1_247' title='bbox 282 2075 317 2130; x_wconf 90' lang='lat' dir='ltr'><strong>et</strong></span> <span class='ocrx_word' id='word_1_248' title='bbox 344 2084 444 2130; x_wconf 89' lang='lat' dir='ltr'><strong>oera</strong></span> <span class='ocrx_word' id='word_1_249' title='bbox 471 2063 596 2130; x_wconf 92' lang='lat' dir='ltr'><strong>David:</strong></span> <span class='ocrx_word' id='word_1_250' title='bbox 630 2067 688 2132; x_wconf 93' lang='lat' dir='ltr'><strong>uni</strong></span> <span class='ocrx_word' id='word_1_251' title='bbox 717 2076 827 2133; x_wconf 91' lang='lat' dir='ltr'><strong>tamen</strong></span> <span class='ocrx_word' id='word_1_252' title='bbox 856 2067 929 2134; x_wconf 91' lang='lat' dir='ltr'><strong>Deo</strong></span> <span class='ocrx_word' id='word_1_253' title='bbox 958 2065 1129 2130; x_wconf 89' lang='lat' dir='ltr'><strong>victoriam</strong></span> <span class='ocrx_word' id='word_1_254' title='bbox 1180 2059 1258 2126; x_wconf 88' lang='lat' dir='ltr'><strong>fidei</strong></span> <span class='ocrx_word' id='word_1_255' title='bbox 1288 2071 1419 2127; x_wconf 88' lang='lat' dir='ltr'><strong>nostrae</strong></span> <span class='ocrx_word' id='word_1_256' title='bbox 1447 2062 1641 2142; x_wconf 86' lang='lat' dir='ltr'><strong>obedientia,</strong></span> <span class='ocrx_word' id='word_1_257' title='bbox 1671 2073 1707 2131; x_wconf 94' lang='lat' dir='ltr'><strong>ut</strong></span> <span class='ocrx_word' id='word_1_258' title='bbox 1736 2087 1796 2133; x_wconf 90' lang='lat' dir='ltr'><strong>nos</strong></span> <span class='ocrx_word' id='word_1_259' title='bbox 1817 2068 1975 2151; x_wconf 90' lang='lat' dir='ltr'><strong>populum</strong></span> <span class='ocrx_word' id='word_1_260' title='bbox 1998 2089 2093 2134; x_wconf 88' lang='lat' dir='ltr'><strong>snum</strong></span> <span class='ocrx_word' id='word_1_261' title='bbox 2115 2079 2150 2134; x_wconf 92' lang='lat' dir='ltr'><strong>et</strong></span> 
     </span>
     <span class='ocr_line' id='line_1_20' title="bbox 161 2145 2149 2237; baseline 0.003 -21"><span class='ocrx_word' id='word_1_262' title='bbox 161 2149 326 2217; x_wconf 84' lang='lat' dir='ltr'><strong>adscribit.</strong></span> <span class='ocrx_word' id='word_1_263' title='bbox 401 2169 454 2214; x_wconf 92' lang='lat' dir='ltr'><strong>am</strong></span> <span class='ocrx_word' id='word_1_264' title='bbox 477 2170 576 2232; x_wconf 91' lang='lat' dir='ltr'><strong>quum</strong></span> <span class='ocrx_word' id='word_1_265' title='bbox 600 2151 709 2216; x_wconf 93' lang='lat' dir='ltr'><strong>aDeo</strong></span> <span class='ocrx_word' id='word_1_266' title='bbox 727 2152 906 2235; x_wconf 84' lang='lat' dir='ltr'><strong>profectum</strong></span> <span class='ocrx_word' id='word_1_267' title='bbox 925 2152 1024 2218; x_wconf 90' lang='lat' dir='ltr'><strong>sciret</strong></span> <span class='ocrx_word' id='word_1_268' title='bbox 1040 2150 1131 2233; x_wconf 87' lang='lat' dir='ltr'><strong>quid·</strong></span> <span class='ocrx_word' id='word_1_269' title='bbox 1182 2145 1416 2212; x_wconf 89' lang='lat' dir='ltr'><strong>haereditatem</strong></span> <span class='ocrx_word' id='word_1_270' title='bbox 1446 2158 1611 2232; x_wconf 89' lang='lat' dir='ltr'><strong>agnoscat.</strong></span> <span class='ocrx_word' id='word_1_271' title='bbox 1656 2149 1854 2235; x_wconf 78' lang='lat' dir='ltr'><strong>Quanquam</strong></span> <span class='ocrx_word' id='word_1_272' title='bbox 1876 2162 1985 2219; x_wconf 87' lang='lat' dir='ltr'><strong>autem</strong></span> <span class='ocrx_word' id='word_1_273' title='bbox 2008 2154 2149 2237; x_wconf 88' lang='lat' dir='ltr'><strong>pastoria</strong></span> 
     </span>
     <span class='ocr_line' id='line_1_21' title="bbox 162 2232 2148 2323; baseline 0.003 -22"><span class='ocrx_word' id='word_1_274' title='bbox 162 2233 239 2319; x_wconf 86' lang='lat' dir='ltr'><strong>qnid</strong></span> <span class='ocrx_word' id='word_1_275' title='bbox 266 2234 458 2301; x_wconf 87' lang='lat' dir='ltr'><strong>humanitus</strong></span> <span class='ocrx_word' id='word_1_276' title='bbox 487 2236 600 2302; x_wconf 87' lang='lat' dir='ltr'><strong>auxilii</strong></span> <span class='ocrx_word' id='word_1_277' title='bbox 620 2237 790 2322; x_wconf 80' lang='lat' dir='ltr'><strong>obtigerat,</strong></span> <span class='ocrx_word' id='word_1_278' title='bbox 817 2258 1009 2322; x_wconf 88' lang='lat' dir='ltr'><strong>prosperum</strong></span> <span class='ocrx_word' id='word_1_279' title='bbox 1031 2237 1130 2301; x_wconf 87' lang='lat' dir='ltr'><strong>etiam</strong></span> <span class='ocrx_word' id='word_1_280' title='bbox 1181 2232 1311 2297; x_wconf 89' lang='lat' dir='ltr'><strong>nomine</strong></span> <span class='ocrx_word' id='word_1_281' title='bbox 1329 2233 1490 2315; x_wconf 89' lang='lat' dir='ltr'><strong>scriptura</strong></span> <span class='ocrx_word' id='word_1_282' title='bbox 1507 2232 1669 2300; x_wconf 79' lang='lat' dir='ltr'><strong>Davidem</strong></span> <span class='ocrx_word' id='word_1_283' title='bbox 1687 2256 1783 2320; x_wconf 90' lang='lat' dir='ltr'><strong>saepe</strong></span> <span class='ocrx_word' id='word_1_284' title='bbox 1793 2238 1945 2323; x_wconf 88' lang='lat' dir='ltr'><strong>insignit:</strong></span> <span class='ocrx_word' id='word_1_285' title='bbox 1967 2238 2028 2307; x_wconf 91' lang='lat' dir='ltr'><strong>hoc</strong></span> <span class='ocrx_word' id='word_1_286' title='bbox 2040 2250 2148 2306; x_wconf 91' lang='lat' dir='ltr'><strong>tamen</strong></span> 
     </span>
     <span class='ocr_line' id='line_1_22' title="bbox 162 2317 2149 2406; baseline 0.003 -19"><span class='ocrx_word' id='word_1_287' title='bbox 162 2341 346 2388; x_wconf 77' lang='lat' dir='ltr'><strong>mocessum</strong></span> <span class='ocrx_word' id='word_1_288' title='bbox 367 2342 388 2386; x_wconf 90' lang='lat' dir='ltr'><strong>a</strong></span> <span class='ocrx_word' id='word_1_289' title='bbox 409 2320 554 2406; x_wconf 89' lang='lat' dir='ltr'><strong>gratuito</strong></span> <span class='ocrx_word' id='word_1_290' title='bbox 576 2322 648 2388; x_wconf 85' lang='lat' dir='ltr'><strong>eins</strong></span> <span class='ocrx_word' id='word_1_291' title='bbox 669 2324 779 2389; x_wconf 81' lang='lat' dir='ltr'><strong>lavore</strong></span> <span class='ocrx_word' id='word_1_292' title='bbox 803 2342 970 2389; x_wconf 88' lang='lat' dir='ltr'><strong>manasse:</strong></span> <span class='ocrx_word' id='word_1_293' title='bbox 1000 2323 1035 2386; x_wconf 94' lang='lat' dir='ltr'><strong>in</strong></span> <span class='ocrx_word' id='word_1_294' title='bbox 1064 2319 1130 2385; x_wconf 91' lang='lat' dir='ltr'><strong>illis</strong></span> <span class='ocrx_word' id='word_1_295' title='bbox 1181 2337 1303 2383; x_wconf 87' lang='lat' dir='ltr'><strong>munus</strong></span> <span class='ocrx_word' id='word_1_296' title='bbox 1334 2317 1405 2401; x_wconf 90' lang='lat' dir='ltr'><strong>ipse</strong></span> <span class='ocrx_word' id='word_1_297' title='bbox 1438 2318 1510 2384; x_wconf 93' lang='lat' dir='ltr'><strong>Deo</strong></span> <span class='ocrx_word' id='word_1_298' title='bbox 1544 2320 1727 2406; x_wconf 88' lang='lat' dir='ltr'><strong>assignans,</strong></span> <span class='ocrx_word' id='word_1_299' title='bbox 1759 2323 1895 2390; x_wconf 90' lang='lat' dir='ltr'><strong>minime</strong></span> <span class='ocrx_word' id='word_1_300' title='bbox 1927 2325 2081 2391; x_wconf 91' lang='lat' dir='ltr'><strong>idoneum</strong></span> <span class='ocrx_word' id='word_1_301' title='bbox 2113 2346 2149 2392; x_wconf 90' lang='lat' dir='ltr'><strong>se</strong></span> 
     </span>
     <span class='ocr_line' id='line_1_23' title="bbox 161 2402 1903 2489; baseline 0.002 -17"><span class='ocrx_word' id='word_1_302' title='bbox 161 2407 258 2473; x_wconf 88' lang='lat' dir='ltr'><strong>etiam</strong></span> <span class='ocrx_word' id='word_1_303' title='bbox 281 2405 398 2473; x_wconf 89' lang='lat' dir='ltr'><strong>mediis</strong></span> <span class='ocrx_word' id='word_1_304' title='bbox 418 2407 559 2472; x_wconf 90' lang='lat' dir='ltr'><strong>intuitus</strong></span> <span class='ocrx_word' id='word_1_305' title='bbox 581 2417 631 2474; x_wconf 89' lang='lat' dir='ltr'><strong>est</strong></span> <span class='ocrx_word' id='word_1_306' title='bbox 651 2408 722 2474; x_wconf 88' lang='lat' dir='ltr'><strong>eius</strong></span> <span class='ocrx_word' id='word_1_307' title='bbox 744 2431 888 2486; x_wconf 85' lang='lat' dir='ltr'><strong>manum,</strong></span> <span class='ocrx_word' id='word_1_308' title='bbox 911 2429 949 2474; x_wconf 92' lang='lat' dir='ltr'><strong>ac</strong></span> <span class='ocrx_word' id='word_1_309' title='bbox 970 2409 998 2474; x_wconf 92' lang='lat' dir='ltr'><strong>si</strong></span> <span class='ocrx_word' id='word_1_310' title='bbox 1019 2413 1141 2489; x_wconf 87' lang='lat' dir='ltr'><strong>aperte·</strong></span> <span class='ocrx_word' id='word_1_311' title='bbox 1180 2402 1301 2468; x_wconf 83' lang='lat' dir='ltr'><strong>fatetur</strong></span> <span class='ocrx_word' id='word_1_312' title='bbox 1323 2403 1387 2467; x_wconf 90' lang='lat' dir='ltr'><strong>nisi</strong></span> <span class='ocrx_word' id='word_1_313' title='bbox 1408 2412 1567 2486; x_wconf 89' lang='lat' dir='ltr'><strong>quatenus</strong></span> <span class='ocrx_word' id='word_1_314' title='bbox 1588 2405 1653 2471; x_wconf 91' lang='lat' dir='ltr'><strong>Dei</strong></span> <span class='ocrx_word' id='word_1_315' title='bbox 1673 2408 1824 2475; x_wconf 86' lang='lat' dir='ltr'><strong>minister</strong></span> <span class='ocrx_word' id='word_1_316' title='bbox 1844 2419 1903 2475; x_wconf 90' lang='lat' dir='ltr'><strong>est.</strong></span> 
     </span>
     <span class='ocr_line' id='line_1_24' title="bbox 162 2491 1130 2576; baseline -0.003 -18"><span class='ocrx_word' id='word_1_317' title='bbox 162 2513 195 2558; x_wconf 90' lang='lat' dir='ltr'><strong>se</strong></span> <span class='ocrx_word' id='word_1_318' title='bbox 216 2514 235 2559; x_wconf 90' lang='lat' dir='ltr'><strong>e</strong></span> <span class='ocrx_word' id='word_1_319' title='bbox 256 2491 346 2559; x_wconf 92' lang='lat' dir='ltr'><strong>coelo</strong></span> <span class='ocrx_word' id='word_1_320' title='bbox 368 2501 542 2559; x_wconf 89' lang='lat' dir='ltr'><strong>exsereret.</strong></span> <span class='ocrx_word' id='word_1_321' title='bbox 587 2494 633 2559; x_wconf 86' lang='lat' dir='ltr'><strong>Et</strong></span> <span class='ocrx_word' id='word_1_322' title='bbox 654 2503 741 2560; x_wconf 88' lang='lat' dir='ltr'><strong>certe</strong></span> <span class='ocrx_word' id='word_1_323' title='bbox 762 2495 859 2560; x_wconf 90' lang='lat' dir='ltr'><strong>nimis</strong></span> <span class='ocrx_word' id='word_1_324' title='bbox 882 2494 1054 2576; x_wconf 91' lang='lat' dir='ltr'><strong>indignum</strong></span> <span class='ocrx_word' id='word_1_325' title='bbox 1079 2498 1130 2556; x_wconf 92' lang='lat' dir='ltr'><strong>est</strong></span> 
     </span>
     <span class='ocr_line' id='line_1_25' title="bbox 162 2577 1129 2663; baseline -0.003 -20"><span class='ocrx_word' id='word_1_326' title='bbox 162 2586 198 2643; x_wconf 92' lang='lat' dir='ltr'><strong>nt</strong></span> <span class='ocrx_word' id='word_1_327' title='bbox 227 2578 338 2644; x_wconf 88' lang='lat' dir='ltr'><strong>media</strong></span> <span class='ocrx_word' id='word_1_328' title='bbox 368 2578 524 2654; x_wconf 85' lang='lat' dir='ltr'><strong>humana,</strong></span> <span class='ocrx_word' id='word_1_329' title='bbox 557 2577 654 2663; x_wconf 87' lang='lat' dir='ltr'><strong>(quae</strong></span> <span class='ocrx_word' id='word_1_330' title='bbox 685 2579 767 2645; x_wconf 91' lang='lat' dir='ltr'><strong>nihil</strong></span> <span class='ocrx_word' id='word_1_331' title='bbox 801 2578 888 2645; x_wconf 91' lang='lat' dir='ltr'><strong>aliud</strong></span> <span class='ocrx_word' id='word_1_332' title='bbox 921 2587 1000 2646; x_wconf 89' lang='lat' dir='ltr'><strong>sunt</strong></span> <span class='ocrx_word' id='word_1_333' title='bbox 1031 2596 1129 2660; x_wconf 88' lang='lat' dir='ltr'><strong>quam</strong></span> 
     </span>
     <span class='ocr_line' id='line_1_26' title="bbox 160 2663 1128 2751; baseline -0.008 -21"><span class='ocrx_word' id='word_1_334' title='bbox 160 2664 378 2730; x_wconf 75' lang='lat' dir='ltr'><strong>innumera</strong></span> <span class='ocrx_word' id='word_1_335' title='bbox 399 2664 565 2748; x_wconf 91' lang='lat' dir='ltr'><strong>potentiae</strong></span> <span class='ocrx_word' id='word_1_336' title='bbox 585 2663 663 2751; x_wconf 87' lang='lat' dir='ltr'><strong>Dei)</strong></span> <span class='ocrx_word' id='word_1_337' title='bbox 685 2665 755 2731; x_wconf 91' lang='lat' dir='ltr'><strong>eius</strong></span> <span class='ocrx_word' id='word_1_338' title='bbox 776 2666 915 2749; x_wconf 89' lang='lat' dir='ltr'><strong>gloriam</strong></span> <span class='ocrx_word' id='word_1_339' title='bbox 938 2663 1128 2730; x_wconf 88' lang='lat' dir='ltr'><strong>obscurent:</strong></span> 
     </span>
     <span class='ocr_line' id='line_1_27' title="bbox 164 2709 1847 2835; baseline -0.003 -20"><span class='ocrx_word' id='word_1_340' title='bbox 164 2769 227 2833; x_wconf 90' lang='lat' dir='ltr'><strong>quo</strong></span> <span class='ocrx_word' id='word_1_341' title='bbox 249 2760 360 2815; x_wconf 90' lang='lat' dir='ltr'><strong>tamen</strong></span> <span class='ocrx_word' id='word_1_342' title='bbox 388 2748 469 2815; x_wconf 90' lang='lat' dir='ltr'><strong>vitio</strong></span> <span class='ocrx_word' id='word_1_343' title='bbox 499 2749 582 2814; x_wconf 91' lang='lat' dir='ltr'><strong>nihil</strong></span> <span class='ocrx_word' id='word_1_344' title='bbox 612 2759 662 2816; x_wconf 92' lang='lat' dir='ltr'><strong>est</strong></span> <span class='ocrx_word' id='word_1_345' title='bbox 689 2753 795 2835; x_wconf 83' lang='lat' dir='ltr'><strong>magis</strong></span> <span class='ocrx_word' id='word_1_346' title='bbox 823 2771 1005 2818; x_wconf 87' lang='lat' dir='ltr'><strong>commune.</strong></span> <span class='ocrx_word' id='word_1_347' title='bbox 1048 2748 1130 2812; x_wconf 84' lang='lat' dir='ltr'><strong>Em·</strong></span> <span class='ocrx_word' id='word_1_348' title='bbox 1482 2709 1690 2783; x_wconf 62' lang='lat' dir='ltr'><strong>Pfflfflls</strong></span> <span class='ocrx_word' id='word_1_349' title='bbox 1710 2712 1847 2783; x_wconf 69' lang='lat' dir='ltr'><strong>xm·</strong></span> 
     </span>
    </p>
   </div>
   <div class='ocr_carea' id='block_1_3' title="bbox 162 2834 2150 3023">
    <p class='ocr_par' dir='ltr' id='par_1_3' title="bbox 162 2834 2150 3023">
     <span class='ocr_line' id='line_1_28' title="bbox 162 2834 2149 2940; baseline 0.005 -9"><span class='ocrx_word' id='word_1_350' title='bbox 162 2835 329 2933; x_wconf 62' lang='lat' dir='ltr'><strong>phatiwln</strong></span> <span class='ocrx_word' id='word_1_351' title='bbox 358 2854 438 2900; x_wconf 61' lang='lat' dir='ltr'><strong>vm</strong></span> <span class='ocrx_word' id='word_1_352' title='bbox 460 2843 518 2913; x_wconf 40' lang='grc' dir='ltr'><strong>θῆκ’</strong></span> <span class='ocrx_word' id='word_1_353' title='bbox 547 2834 1130 2938; x_wconf 38' lang='grc' dir='ltr'><strong>(11].οᾱἀθωὶιὲῶιῖββώῃοῳθῃῆ</strong></span> <span class='ocrx_word' id='word_1_354' title='bbox 1182 2878 1264 2934; x_wconf 80' lang='lat' dir='ltr'><strong>ABG.</strong></span> <span class='ocrx_word' id='word_1_355' title='bbox 1283 2877 1321 2933; x_wconf 89' lang='lat' dir='ltr'><strong>Ut</strong></span> <span class='ocrx_word' id='word_1_356' title='bbox 1338 2894 1428 2934; x_wconf 88' lang='lat' dir='ltr'><strong>coram</strong></span> <span class='ocrx_word' id='word_1_357' title='bbox 1452 2881 1510 2936; x_wconf 91' lang='lat' dir='ltr'><strong>Deo</strong></span> <span class='ocrx_word' id='word_1_358' title='bbox 1527 2881 1652 2937; x_wconf 89' lang='lat' dir='ltr'><strong>humiliet</strong></span> <span class='ocrx_word' id='word_1_359' title='bbox 1669 2891 1780 2939; x_wconf 89' lang='lat' dir='ltr'><strong>cunctos</strong></span> <span class='ocrx_word' id='word_1_360' title='bbox 1796 2886 1926 2940; x_wconf 83' lang='lat' dir='ltr'><strong>mortales</strong></span> <span class='ocrx_word' id='word_1_361' title='bbox 1943 2903 1959 2938; x_wconf 90' lang='lat' dir='ltr'><strong>a</strong></span> <span class='ocrx_word' id='word_1_362' title='bbox 1976 2887 2088 2940; x_wconf 85' lang='lat' dir='ltr'><strong>summis</strong></span> <span class='ocrx_word' id='word_1_363' title='bbox 2105 2904 2149 2940; x_wconf 89' lang='lat' dir='ltr'><strong>ns·</strong></span> 
     </span>
     <span class='ocr_line' id='line_1_29' title="bbox 162 2922 2150 3023; baseline 0.012 -36"><span class='ocrx_word' id='word_1_364' title='bbox 162 2939 354 3006; x_wconf 71' lang='lat' dir='ltr'><strong>pronomlnd</strong></span> <span class='ocrx_word' id='word_1_365' title='bbox 384 2927 513 2985; x_wconf 62' lang='lat' dir='ltr'><strong>lantum</strong></span> <span class='ocrx_word' id='word_1_366' title='bbox 546 2929 659 2999; x_wconf 65' lang='lat' dir='ltr'><strong>untur,</strong></span> <span class='ocrx_word' id='word_1_367' title='bbox 692 2943 730 2988; x_wconf 75' lang='lat'><strong>80</strong></span> <span class='ocrx_word' id='word_1_368' title='bbox 762 2944 791 2989; x_wconf 81' lang='lat' dir='ltr'><strong>sl</strong></span> <span class='ocrx_word' id='word_1_369' title='bbox 824 2922 925 3007; x_wconf 73' lang='lat' dir='ltr'><strong>digito</strong></span> <span class='ocrx_word' id='word_1_370' title='bbox 954 2941 1008 2986; x_wconf 79' lang='lat'><strong>00⁸</strong></span> <span class='ocrx_word' id='word_1_371' title='bbox 1036 2939 1129 2984; x_wconf 63' lang='grc' dir='ltr'><strong>ΜΠ·</strong></span> <span class='ocrx_word' id='word_1_372' title='bbox 1285 2949 1390 3017; x_wconf 86' lang='lat' dir='ltr'><strong>quoad</strong></span> <span class='ocrx_word' id='word_1_373' title='bbox 1407 2949 1522 3015; x_wconf 87' lang='lat' dir='ltr'><strong>intimos,</strong></span> <span class='ocrx_word' id='word_1_374' title='bbox 1540 2952 1661 3005; x_wconf 88' lang='lat' dir='ltr'><strong>celebrat</strong></span> <span class='ocrx_word' id='word_1_375' title='bbox 1676 2952 1876 3007; x_wconf 81' lang='lat' dir='ltr'><strong>formidabilem</strong></span> <span class='ocrx_word' id='word_1_376' title='bbox 1893 2956 1951 3009; x_wconf 89' lang='lat' dir='ltr'><strong>eins</strong></span> <span class='ocrx_word' id='word_1_377' title='bbox 1968 2957 2150 3023; x_wconf 81' lang='lat' dir='ltr'><strong>potentiana</strong></span> 
     </span>
    </p>
   </div>
   <div class='ocr_carea' id='block_1_4' title="bbox 163 3001 2151 3172">
    <p class='ocr_par' dir='ltr' id='par_1_4' title="bbox 163 3001 2151 3172">
     <span class='ocr_line' id='line_1_30' title="bbox 163 3001 2150 3078; baseline 0.003 -5"><span class='ocrx_word' id='word_1_378' title='bbox 163 3016 293 3073; x_wconf 74' lang='lat' dir='ltr'><strong>enaret.</strong></span> <span class='ocrx_word' id='word_1_379' title='bbox 335 3004 507 3070; x_wconf 75' lang='lat' dir='ltr'><strong>Posterius</strong></span> <span class='ocrx_word' id='word_1_380' title='bbox 536 3008 722 3073; x_wconf 82' lang='lat' dir='ltr'><strong>membrum</strong></span> <span class='ocrx_word' id='word_1_381' title='bbox 754 3014 805 3076; x_wconf 75' lang='lat' dir='ltr'><strong>etl</strong></span> <span class='ocrx_word' id='word_1_382' title='bbox 836 3027 953 3075; x_wconf 76' lang='lat' dir='ltr'><strong>causae</strong></span> <span class='ocrx_word' id='word_1_383' title='bbox 980 3001 1130 3071; x_wconf 77' lang='lat' dir='ltr'><strong>redditio.</strong></span> <span class='ocrx_word' id='word_1_384' title='bbox 1286 3017 1368 3069; x_wconf 86' lang='lat' dir='ltr'><strong>variis</strong></span> <span class='ocrx_word' id='word_1_385' title='bbox 1385 3024 1499 3072; x_wconf 86' lang='lat' dir='ltr'><strong>naturae</strong></span> <span class='ocrx_word' id='word_1_386' title='bbox 1516 3019 1666 3074; x_wconf 80' lang='lat' dir='ltr'><strong>miraculis.-</strong></span> <span class='ocrx_word' id='word_1_387' title='bbox 1708 3022 1787 3074; x_wconf 86' lang='lat' dir='ltr'><strong>uibus</strong></span> <span class='ocrx_word' id='word_1_388' title='bbox 1809 3038 1863 3077; x_wconf 92' lang='lat' dir='ltr'><strong>non</strong></span> <span class='ocrx_word' id='word_1_389' title='bbox 1885 3039 1962 3077; x_wconf 83' lang='lat' dir='ltr'><strong>seona</strong></span> <span class='ocrx_word' id='word_1_390' title='bbox 1980 3024 2150 3078; x_wconf 81' lang='lat' dir='ltr'><strong>addendam</strong></span> 
     </span>
     <span class='ocr_line' id='line_1_31' title="bbox 165 3038 2151 3172; baseline 0 -12"><span class='ocrx_word' id='word_1_391' title='bbox 165 3092 207 3160; x_wconf 83' lang='lat' dir='ltr'><strong>Se</strong></span> <span class='ocrx_word' id='word_1_392' title='bbox 228 3092 317 3156; x_wconf 91' lang='lat' dir='ltr'><strong>enim</strong></span> <span class='ocrx_word' id='word_1_393' title='bbox 339 3110 414 3156; x_wconf 88' lang='lat' dir='ltr'><strong>cum</strong></span> <span class='ocrx_word' id='word_1_394' title='bbox 438 3098 506 3156; x_wconf 92' lang='lat' dir='ltr'><strong>toto</strong></span> <span class='ocrx_word' id='word_1_395' title='bbox 535 3092 693 3172; x_wconf 89' lang='lat' dir='ltr'><strong>exercitu,</strong></span> <span class='ocrx_word' id='word_1_396' title='bbox 722 3093 847 3160; x_wconf 88' lang='lat' dir='ltr'><strong>victrici</strong></span> <span class='ocrx_word' id='word_1_397' title='bbox 869 3091 1061 3159; x_wconf 84' lang='lat' dir='ltr'><strong>fortitudine</strong></span> <span class='ocrx_word' id='word_1_398' title='bbox 1083 3088 1130 3153; x_wconf 90' lang='lat' dir='ltr'><strong>di·</strong></span> <span class='ocrx_word' id='word_1_399' title='bbox 1285 3085 1336 3154; x_wconf 68' lang='lat'><strong>19⁸¹</strong></span> <span class='ocrx_word' id='word_1_400' title='bbox 1354 3084 1413 3139; x_wconf 71' lang='lat'><strong>1³⁰0</strong></span> <span class='ocrx_word' id='word_1_401' title='bbox 1435 3087 1549 3167; x_wconf 55' lang='lat' dir='ltr'><strong>timim</strong></span> <span class='ocrx_word' id='word_1_402' title='bbox 1572 3038 1749 3158; x_wconf 72' lang='lat' dir='ltr'><strong>expergeleri</strong></span> <span class='ocrx_word' id='word_1_403' title='bbox 1767 3106 1817 3144; x_wconf 78' lang='lat'><strong>¹¹0⁸</strong></span> <span class='ocrx_word' id='word_1_404' title='bbox 1834 3090 1908 3157; x_wconf 64' lang='lat' dir='ltr'><strong>aeis</strong></span> <span class='ocrx_word' id='word_1_405' title='bbox 1935 3107 1967 3145; x_wconf 62' lang='grc' dir='ltr'><strong>ω</strong></span> <span class='ocrx_word' id='word_1_406' title='bbox 1983 3093 2006 3143; x_wconf 81' lang='lat' dir='ltr'><strong>ri</strong></span> <span class='ocrx_word' id='word_1_407' title='bbox 2024 3092 2083 3160; x_wconf 77' lang='lat' dir='ltr'><strong>ipse</strong></span> <span class='ocrx_word' id='word_1_408' title='bbox 2100 3109 2151 3146; x_wconf 72' lang='lat'><strong>⁸¹¹⁸</strong></span> 
     </span>
    </p>
   </div>
   <div class='ocr_carea' id='block_1_5' title="bbox 163 3155 2148 3348">
    <p class='ocr_par' dir='ltr' id='par_1_5' title="bbox 163 3155 2148 3348">
     <span class='ocr_line' id='line_1_32' title="bbox 163 3155 2148 3348; baseline -0.01 -105"><span class='ocrx_word' id='word_1_409' title='bbox 163 3176 285 3244; x_wconf 82' lang='lat' dir='ltr'><strong>vinitas</strong></span> <span class='ocrx_word' id='word_1_410' title='bbox 313 3182 476 3243; x_wconf 85' lang='lat' dir='ltr'><strong>armatum</strong></span> <span class='ocrx_word' id='word_1_411' title='bbox 505 3175 606 3242; x_wconf 89' lang='lat' dir='ltr'><strong>fuisse</strong></span> <span class='ocrx_word' id='word_1_412' title='bbox 638 3179 763 3259; x_wconf 68' lang='lat' dir='ltr'><strong>assent,</strong></span> <span class='ocrx_word' id='word_1_413' title='bbox 795 3179 872 3262; x_wconf 82' lang='lat' dir='ltr'><strong>quia</strong></span> <span class='ocrx_word' id='word_1_414' title='bbox 892 3177 953 3244; x_wconf 88' lang='lat' dir='ltr'><strong>sub</strong></span> <span class='ocrx_word' id='word_1_415' title='bbox 974 3175 1039 3241; x_wconf 92' lang='lat' dir='ltr'><strong>Dei</strong></span> <span class='ocrx_word' id='word_1_416' title='bbox 1071 3194 1130 3240; x_wconf 80' lang='lat' dir='ltr'><strong>an·</strong></span> <span class='ocrx_word' id='word_1_417' title='bbox 1285 3155 2148 3348; x_wconf 36' lang='lat' dir='ltr'><strong>{3192ffirfflwzibgeffiersstffffbfflffitpiiferbg&amp;</strong></span> 
     </span>
    </p>
   </div>
   <div class='ocr_carea' id='block_1_6' title="bbox 161 3260 2149 4714">
    <p class='ocr_par' dir='ltr' id='par_1_6' title="bbox 161 3260 1775 3517">
     <span class='ocr_line' id='line_1_33' title="bbox 161 3260 1775 3364; baseline -0.004 -36"><span class='ocrx_word' id='word_1_418' title='bbox 161 3262 270 3347; x_wconf 86' lang='lat' dir='ltr'><strong>apiciis</strong></span> <span class='ocrx_word' id='word_1_419' title='bbox 290 3260 463 3327; x_wconf 87' lang='lat' dir='ltr'><strong>militabat.</strong></span> <span class='ocrx_word' id='word_1_420' title='bbox 492 3260 565 3328; x_wconf 90' lang='lat' dir='ltr'><strong>Hoo</strong></span> <span class='ocrx_word' id='word_1_421' title='bbox 582 3262 670 3327; x_wconf 91' lang='lat' dir='ltr'><strong>enim</strong></span> <span class='ocrx_word' id='word_1_422' title='bbox 688 3264 749 3329; x_wconf 92' lang='lat' dir='ltr'><strong>sibi</strong></span> <span class='ocrx_word' id='word_1_423' title='bbox 767 3264 840 3330; x_wconf 92' lang='lat' dir='ltr'><strong>vult</strong></span> <span class='ocrx_word' id='word_1_424' title='bbox 859 3262 978 3330; x_wconf 67' lang='lat' dir='ltr'><strong>Obriai</strong></span> <span class='ocrx_word' id='word_1_425' title='bbox 994 3278 1130 3327; x_wconf 87' lang='lat' dir='ltr'><strong>nomen:</strong></span> <span class='ocrx_word' id='word_1_426' title='bbox 1283 3290 1441 3359; x_wconf 70' lang='lat' dir='ltr'><strong>irrigationis</strong></span> <span class='ocrx_word' id='word_1_427' title='bbox 1463 3292 1553 3360; x_wconf 82' lang='lat' dir='ltr'><strong>speeie</strong></span> <span class='ocrx_word' id='word_1_428' title='bbox 1576 3292 1701 3348; x_wconf 73' lang='lat' dir='ltr'><strong>heraeus</strong></span> <span class='ocrx_word' id='word_1_429' title='bbox 1724 3301 1775 3364; x_wconf 52' lang='lat' dir='ltr'><strong>m,</strong></span> 
     </span>
     <span class='ocr_line' id='line_1_34' title="bbox 163 3346 1742 3434; baseline 0.003 -20"><span class='ocrx_word' id='word_1_430' title='bbox 163 3349 237 3434; x_wconf 88' lang='lat' dir='ltr'><strong>quia</strong></span> <span class='ocrx_word' id='word_1_431' title='bbox 258 3346 323 3412; x_wconf 90' lang='lat' dir='ltr'><strong>nisi</strong></span> <span class='ocrx_word' id='word_1_432' title='bbox 349 3347 443 3413; x_wconf 88' lang='lat' dir='ltr'><strong>Dens</strong></span> <span class='ocrx_word' id='word_1_433' title='bbox 470 3347 577 3432; x_wconf 90' lang='lat' dir='ltr'><strong>ipsum</strong></span> <span class='ocrx_word' id='word_1_434' title='bbox 608 3358 750 3415; x_wconf 89' lang='lat' dir='ltr'><strong>creasset</strong></span> <span class='ocrx_word' id='word_1_435' title='bbox 778 3369 900 3434; x_wconf 85' lang='lat' dir='ltr'><strong>regem,</strong></span> <span class='ocrx_word' id='word_1_436' title='bbox 928 3356 961 3414; x_wconf 92' lang='lat' dir='ltr'><strong>et</strong></span> <span class='ocrx_word' id='word_1_437' title='bbox 987 3346 1132 3431; x_wconf 88' lang='lat' dir='ltr'><strong>gratuita</strong></span> <span class='ocrx_word' id='word_1_438' title='bbox 1284 3359 1430 3414; x_wconf 64' lang='lat' dir='ltr'><strong>lunanum</strong></span> <span class='ocrx_word' id='word_1_439' title='bbox 1447 3359 1499 3414; x_wconf 84' lang='lat' dir='ltr'><strong>Dei</strong></span> <span class='ocrx_word' id='word_1_440' title='bbox 1516 3362 1617 3416; x_wconf 82' lang='lat' dir='ltr'><strong>cultum</strong></span> <span class='ocrx_word' id='word_1_441' title='bbox 1635 3364 1742 3418; x_wconf 64' lang='lat' dir='ltr'><strong>indat</strong></span> 
     </span>
     <span class='ocr_line' id='line_1_35' title="bbox 163 3432 1130 3517; baseline -0.007 -16"><span class='ocrx_word' id='word_1_442' title='bbox 163 3433 335 3517; x_wconf 90' lang='lat' dir='ltr'><strong>adoptione</strong></span> <span class='ocrx_word' id='word_1_443' title='bbox 356 3432 528 3516; x_wconf 88' lang='lat' dir='ltr'><strong>amplexus</strong></span> <span class='ocrx_word' id='word_1_444' title='bbox 549 3433 642 3512; x_wconf 87' lang='lat' dir='ltr'><strong>foret,</strong></span> <span class='ocrx_word' id='word_1_445' title='bbox 664 3454 730 3499; x_wconf 91' lang='lat' dir='ltr'><strong>non</strong></span> <span class='ocrx_word' id='word_1_446' title='bbox 751 3434 866 3501; x_wconf 88' lang='lat' dir='ltr'><strong>fuisset</strong></span> <span class='ocrx_word' id='word_1_447' title='bbox 887 3436 921 3499; x_wconf 93' lang='lat' dir='ltr'><strong>in</strong></span> <span class='ocrx_word' id='word_1_448' title='bbox 951 3453 1025 3497; x_wconf 88' lang='lat' dir='ltr'><strong>cum</strong></span> <span class='ocrx_word' id='word_1_449' title='bbox 1054 3449 1130 3514; x_wconf 90' lang='lat' dir='ltr'><strong>pro·</strong></span> 
     </span>
    </p>

    <p class='ocr_par' dir='ltr' id='par_1_7' title="bbox 161 3512 2149 4714">
     <span class='ocr_line' id='line_1_36' title="bbox 203 3512 2147 3603; baseline 0.001 -18"><span class='ocrx_word' id='word_1_450' title='bbox 203 3520 294 3585; x_wconf 89' lang='lat' dir='ltr'><strong>nsior</strong></span> <span class='ocrx_word' id='word_1_451' title='bbox 314 3537 411 3601; x_wconf 88' lang='lat' dir='ltr'><strong>quam</strong></span> <span class='ocrx_word' id='word_1_452' title='bbox 433 3518 468 3584; x_wconf 92' lang='lat' dir='ltr'><strong>in</strong></span> <span class='ocrx_word' id='word_1_453' title='bbox 498 3516 642 3585; x_wconf 83' lang='lat' dir='ltr'><strong>Saulem.</strong></span> <span class='ocrx_word' id='word_1_454' title='bbox 687 3520 795 3603; x_wconf 85' lang='lat' dir='ltr'><strong>Atque</strong></span> <span class='ocrx_word' id='word_1_455' title='bbox 827 3520 888 3585; x_wconf 91' lang='lat' dir='ltr'><strong>hoc</strong></span> <span class='ocrx_word' id='word_1_456' title='bbox 909 3517 1006 3584; x_wconf 92' lang='lat' dir='ltr'><strong>modo</strong></span> <span class='ocrx_word' id='word_1_457' title='bbox 1027 3515 1130 3584; x_wconf 91' lang='lat' dir='ltr'><strong>solam</strong></span> <span class='ocrx_word' id='word_1_458' title='bbox 1267 3512 1429 3582; x_wconf 59' lang='lat' dir='ltr'><strong>Castam</strong></span> <span class='ocrx_word' id='word_1_459' title='bbox 1451 3516 1600 3584; x_wconf 78' lang='lat' dir='ltr'><strong>Decidio.</strong></span> <span class='ocrx_word' id='word_1_460' title='bbox 1643 3519 1672 3582; x_wconf 89' lang='lat'><strong>1.</strong></span> <span class='ocrx_word' id='word_1_461' title='bbox 1695 3517 1814 3600; x_wconf 80' lang='lat' dir='ltr'><strong>Afferte</strong></span> <span class='ocrx_word' id='word_1_462' title='bbox 1835 3517 1979 3599; x_wconf 83' lang='lat' dir='ltr'><strong>chouae,</strong></span> <span class='ocrx_word' id='word_1_463' title='bbox 1998 3519 2062 3601; x_wconf 72' lang='lat' dir='ltr'><strong>fitis·</strong></span> <span class='ocrx_word' id='word_1_464' title='bbox 2081 3519 2147 3602; x_wconf 80' lang='lat' dir='ltr'><strong>for·</strong></span> 
     </span>
     <span class='ocr_line' id='line_1_37' title="bbox 162 3540 2148 3689; baseline -0.001 -17"><span class='ocrx_word' id='word_1_465' title='bbox 162 3540 229 3672; x_wconf 49' lang='lat' dir='ltr'><strong>Dei</strong></span> <span class='ocrx_word' id='word_1_466' title='bbox 249 3602 406 3671; x_wconf 83' lang='lat' dir='ltr'><strong>virtutem</strong></span> <span class='ocrx_word' id='word_1_467' title='bbox 429 3624 494 3687; x_wconf 91' lang='lat' dir='ltr'><strong>qua</strong></span> <span class='ocrx_word' id='word_1_468' title='bbox 515 3605 549 3668; x_wconf 93' lang='lat' dir='ltr'><strong>in</strong></span> <span class='ocrx_word' id='word_1_469' title='bbox 571 3625 711 3689; x_wconf 87' lang='lat' dir='ltr'><strong>regnum</strong></span> <span class='ocrx_word' id='word_1_470' title='bbox 734 3612 869 3672; x_wconf 89' lang='lat' dir='ltr'><strong>evectus</strong></span> <span class='ocrx_word' id='word_1_471' title='bbox 891 3606 1004 3684; x_wconf 87' lang='lat' dir='ltr'><strong>luerat,</strong></span> <span class='ocrx_word' id='word_1_472' title='bbox 1026 3601 1131 3668; x_wconf 86' lang='lat' dir='ltr'><strong>extol·</strong></span> <span class='ocrx_word' id='word_1_473' title='bbox 1180 3599 1268 3680; x_wconf 73' lang='lat' dir='ltr'><strong>tiam,</strong></span> <span class='ocrx_word' id='word_1_474' title='bbox 1297 3599 1402 3681; x_wconf 77' lang='lat' dir='ltr'><strong>afferte</strong></span> <span class='ocrx_word' id='word_1_475' title='bbox 1438 3601 1569 3669; x_wconf 81' lang='lat' dir='ltr'><strong>Iebocoe</strong></span> <span class='ocrx_word' id='word_1_476' title='bbox 1601 3603 1737 3687; x_wconf 74' lang='lat' dir='ltr'><strong>gloriam</strong></span> <span class='ocrx_word' id='word_1_477' title='bbox 1767 3609 1795 3669; x_wconf 85' lang='lat' dir='ltr'><strong>et</strong></span> <span class='ocrx_word' id='word_1_478' title='bbox 1821 3605 1926 3671; x_wconf 77' lang='lat' dir='ltr'><strong>rotor.</strong></span> <span class='ocrx_word' id='word_1_479' title='bbox 1970 3605 2001 3669; x_wconf 82' lang='lat'><strong>2.</strong></span> <span class='ocrx_word' id='word_1_480' title='bbox 2029 3605 2148 3687; x_wconf 79' lang='lat' dir='ltr'><strong>Afferte</strong></span> 
     </span>
     <span class='ocr_line' id='line_1_38' title="bbox 161 3685 2146 3774; baseline -0.001 -17"><span class='ocrx_word' id='word_1_481' title='bbox 161 3692 242 3769; x_wconf 91' lang='lat' dir='ltr'><strong>lens,</strong></span> <span class='ocrx_word' id='word_1_482' title='bbox 282 3708 362 3754; x_wconf 90' lang='lat' dir='ltr'><strong>suae</strong></span> <span class='ocrx_word' id='word_1_483' title='bbox 394 3688 577 3755; x_wconf 88' lang='lat' dir='ltr'><strong>industriae</strong></span> <span class='ocrx_word' id='word_1_484' title='bbox 610 3700 668 3755; x_wconf 92' lang='lat' dir='ltr'><strong>aut</strong></span> <span class='ocrx_word' id='word_1_485' title='bbox 698 3690 817 3757; x_wconf 87' lang='lat' dir='ltr'><strong>virtuti</strong></span> <span class='ocrx_word' id='word_1_486' title='bbox 850 3691 932 3756; x_wconf 93' lang='lat' dir='ltr'><strong>nihil</strong></span> <span class='ocrx_word' id='word_1_487' title='bbox 966 3688 1130 3771; x_wconf 87' lang='lat' dir='ltr'><strong>reliquum</strong></span> <span class='ocrx_word' id='word_1_488' title='bbox 1182 3685 1314 3753; x_wconf 77' lang='lat' dir='ltr'><strong>Iedocac</strong></span> <span class='ocrx_word' id='word_1_489' title='bbox 1332 3685 1467 3770; x_wconf 66' lang='lat' dir='ltr'><strong>plattam</strong></span> <span class='ocrx_word' id='word_1_490' title='bbox 1494 3690 1634 3756; x_wconf 78' lang='lat' dir='ltr'><strong>comicis</strong></span> <span class='ocrx_word' id='word_1_491' title='bbox 1660 3688 1782 3774; x_wconf 54' lang='lat' dir='ltr'><strong>ausa)</strong></span> <span class='ocrx_word' id='word_1_492' title='bbox 1813 3690 1939 3756; x_wconf 72' lang='lat' dir='ltr'><strong>admota</strong></span> <span class='ocrx_word' id='word_1_493' title='bbox 1967 3709 2072 3756; x_wconf 84' lang='lat' dir='ltr'><strong>coram</strong></span> <span class='ocrx_word' id='word_1_494' title='bbox 2094 3689 2146 3756; x_wconf 84' lang='lat' dir='ltr'><strong>Ie·</strong></span> 
     </span>
     <span class='ocr_line' id='line_1_39' title="bbox 161 3771 2148 3861; baseline -0.001 -19"><span class='ocrx_word' id='word_1_495' title='bbox 161 3778 248 3844; x_wconf 86' lang='lat' dir='ltr'><strong>facit.</strong></span> <span class='ocrx_word' id='word_1_496' title='bbox 292 3772 426 3839; x_wconf 90' lang='lat' dir='ltr'><strong>Interea</strong></span> <span class='ocrx_word' id='word_1_497' title='bbox 448 3774 619 3855; x_wconf 88' lang='lat' dir='ltr'><strong>diseamus,</strong></span> <span class='ocrx_word' id='word_1_498' title='bbox 641 3783 679 3841; x_wconf 89' lang='lat' dir='ltr'><strong>ut</strong></span> <span class='ocrx_word' id='word_1_499' title='bbox 701 3777 838 3860; x_wconf 88' lang='lat' dir='ltr'><strong>quisque</strong></span> <span class='ocrx_word' id='word_1_500' title='bbox 856 3776 1020 3861; x_wconf 88' lang='lat' dir='ltr'><strong>legitimae</strong></span> <span class='ocrx_word' id='word_1_501' title='bbox 1038 3793 1132 3841; x_wconf 87' lang='lat' dir='ltr'><strong>voca·</strong></span> <span class='ocrx_word' id='word_1_502' title='bbox 1180 3771 1258 3839; x_wconf 79' lang='lat' dir='ltr'><strong>boos</strong></span> <span class='ocrx_word' id='word_1_503' title='bbox 1279 3772 1315 3836; x_wconf 83' lang='lat' dir='ltr'><strong>ia</strong></span> <span class='ocrx_word' id='word_1_504' title='bbox 1343 3773 1507 3853; x_wconf 74' lang='lat' dir='ltr'><strong>splendore</strong></span> <span class='ocrx_word' id='word_1_505' title='bbox 1535 3775 1710 3841; x_wconf 66' lang='lat' dir='ltr'><strong>samaeas·</strong></span> <span class='ocrx_word' id='word_1_506' title='bbox 1735 3775 1813 3841; x_wconf 81' lang='lat' dir='ltr'><strong>cias.</strong></span> <span class='ocrx_word' id='word_1_507' title='bbox 1857 3775 1887 3840; x_wconf 90' lang='lat'><strong>3.</strong></span> <span class='ocrx_word' id='word_1_508' title='bbox 1917 3771 1985 3841; x_wconf 80' lang='lat' dir='ltr'><strong>Vox</strong></span> <span class='ocrx_word' id='word_1_509' title='bbox 2014 3774 2148 3840; x_wconf 82' lang='lat' dir='ltr'><strong>Ieboooe</strong></span> 
     </span>
     <span class='ocr_line' id='line_1_40' title="bbox 161 3857 2149 3947; baseline -0.001 -20"><span class='ocrx_word' id='word_1_510' title='bbox 161 3862 260 3927; x_wconf 89' lang='lat' dir='ltr'><strong>tionis</strong></span> <span class='ocrx_word' id='word_1_511' title='bbox 282 3859 343 3925; x_wconf 90' lang='lat' dir='ltr'><strong>sibi</strong></span> <span class='ocrx_word' id='word_1_512' title='bbox 366 3861 514 3926; x_wconf 89' lang='lat' dir='ltr'><strong>conscius</strong></span> <span class='ocrx_word' id='word_1_513' title='bbox 536 3870 595 3940; x_wconf 90' lang='lat' dir='ltr'><strong>est,</strong></span> <span class='ocrx_word' id='word_1_514' title='bbox 616 3862 663 3925; x_wconf 90' lang='lat' dir='ltr'><strong>ita</strong></span> <span class='ocrx_word' id='word_1_515' title='bbox 684 3859 726 3926; x_wconf 89' lang='lat' dir='ltr'><strong>ad</strong></span> <span class='ocrx_word' id='word_1_516' title='bbox 748 3863 830 3928; x_wconf 93' lang='lat' dir='ltr'><strong>bene</strong></span> <span class='ocrx_word' id='word_1_517' title='bbox 852 3859 1051 3947; x_wconf 89' lang='lat' dir='ltr'><strong>sperandum</strong></span> <span class='ocrx_word' id='word_1_518' title='bbox 1069 3859 1131 3926; x_wconf 91' lang='lat' dir='ltr'><strong>hac</strong></span> <span class='ocrx_word' id='word_1_519' title='bbox 1180 3877 1275 3940; x_wconf 70' lang='lat' dir='ltr'><strong>arceor</strong></span> <span class='ocrx_word' id='word_1_520' title='bbox 1296 3877 1405 3939; x_wconf 69' lang='lat' dir='ltr'><strong>aquea</strong></span> <span class='ocrx_word' id='word_1_521' title='bbox 1427 3857 1517 3924; x_wconf 77' lang='lat' dir='ltr'><strong>Deae</strong></span> <span class='ocrx_word' id='word_1_522' title='bbox 1536 3860 1657 3941; x_wconf 77' lang='lat' dir='ltr'><strong>plorica</strong></span> <span class='ocrx_word' id='word_1_523' title='bbox 1678 3865 1772 3935; x_wconf 79' lang='lat' dir='ltr'><strong>tonat,</strong></span> <span class='ocrx_word' id='word_1_524' title='bbox 1795 3858 1912 3926; x_wconf 71' lang='lat' dir='ltr'><strong>loteva</strong></span> <span class='ocrx_word' id='word_1_525' title='bbox 2047 3881 2149 3943; x_wconf 77' lang='lat' dir='ltr'><strong>aquas</strong></span> 
     </span>
     <span class='ocr_line' id='line_1_41' title="bbox 162 3880 2148 4031; baseline 0.001 -20"><span class='ocrx_word' id='word_1_526' title='bbox 162 3947 311 4014; x_wconf 91' lang='lat' dir='ltr'><strong>doctrina</strong></span> <span class='ocrx_word' id='word_1_527' title='bbox 339 3945 489 4010; x_wconf 88' lang='lat' dir='ltr'><strong>animari.</strong></span> <span class='ocrx_word' id='word_1_528' title='bbox 534 3943 728 4030; x_wconf 80' lang='lat' dir='ltr'><strong>Quanquam</strong></span> <span class='ocrx_word' id='word_1_529' title='bbox 758 3949 930 4031; x_wconf 90' lang='lat' dir='ltr'><strong>praecipue</strong></span> <span class='ocrx_word' id='word_1_530' title='bbox 951 3944 1130 4011; x_wconf 90' lang='lat' dir='ltr'><strong>tenendum</strong></span> <span class='ocrx_word' id='word_1_531' title='bbox 1180 3962 1324 4026; x_wconf 79' lang='lat' dir='ltr'><strong>mopaca.</strong></span> <span class='ocrx_word' id='word_1_532' title='bbox 1367 3943 1398 4007; x_wconf 89' lang='lat'><strong>4.</strong></span> <span class='ocrx_word' id='word_1_533' title='bbox 1429 3943 1495 4008; x_wconf 74' lang='lat' dir='ltr'><strong>Vox</strong></span> <span class='ocrx_word' id='word_1_534' title='bbox 1516 3944 1649 4011; x_wconf 82' lang='lat' dir='ltr'><strong>Iebocoe</strong></span> <span class='ocrx_word' id='word_1_535' title='bbox 1669 3947 1704 4011; x_wconf 83' lang='lat' dir='ltr'><strong>ia</strong></span> <span class='ocrx_word' id='word_1_536' title='bbox 1725 3947 1845 4025; x_wconf 64' lang='lat' dir='ltr'><strong>oreae,</strong></span> <span class='ocrx_word' id='word_1_537' title='bbox 1877 3880 2091 4012; x_wconf 37' lang='lat' dir='ltr'><strong>omnllclc&#39;oooe</strong></span> <span class='ocrx_word' id='word_1_538' title='bbox 2112 3947 2148 4012; x_wconf 81' lang='lat' dir='ltr'><strong>ic</strong></span> 
     </span>
     <span class='ocr_line' id='line_1_42' title="bbox 162 4029 1293 4115; baseline -0.005 -15"><span class='ocrx_word' id='word_1_539' title='bbox 162 4031 318 4115; x_wconf 88' lang='lat' dir='ltr'><strong>estquod</strong></span> <span class='ocrx_word' id='word_1_540' title='bbox 341 4029 419 4095; x_wconf 90' lang='lat' dir='ltr'><strong>alibi</strong></span> <span class='ocrx_word' id='word_1_541' title='bbox 442 4030 619 4114; x_wconf 87' lang='lat' dir='ltr'><strong>attigimus,</strong></span> <span class='ocrx_word' id='word_1_542' title='bbox 649 4052 690 4096; x_wconf 92' lang='lat' dir='ltr'><strong>ex</strong></span> <span class='ocrx_word' id='word_1_543' title='bbox 719 4032 779 4098; x_wconf 91' lang='lat' dir='ltr'><strong>hoo</strong></span> <span class='ocrx_word' id='word_1_544' title='bbox 801 4034 890 4099; x_wconf 83' lang='lat' dir='ltr'><strong>fonte</strong></span> <span class='ocrx_word' id='word_1_545' title='bbox 911 4034 1012 4098; x_wconf 87' lang='lat' dir='ltr'><strong>fluere</strong></span> <span class='ocrx_word' id='word_1_546' title='bbox 1033 4051 1130 4114; x_wconf 90' lang='lat' dir='ltr'><strong>quae·</strong></span> <span class='ocrx_word' id='word_1_547' title='bbox 1180 4029 1293 4095; x_wconf 64' lang='lat' dir='ltr'><strong>deone.</strong></span> 
     </span>
     <span class='ocr_line' id='line_1_43' title="bbox 163 4114 1130 4202; baseline -0.004 -17"><span class='ocrx_word' id='word_1_548' title='bbox 163 4138 292 4202; x_wconf 88' lang='lat' dir='ltr'><strong>cunque</strong></span> <span class='ocrx_word' id='word_1_549' title='bbox 319 4116 354 4181; x_wconf 91' lang='lat' dir='ltr'><strong>in</strong></span> <span class='ocrx_word' id='word_1_550' title='bbox 377 4137 435 4182; x_wconf 91' lang='lat' dir='ltr'><strong>nos</strong></span> <span class='ocrx_word' id='word_1_551' title='bbox 456 4114 550 4181; x_wconf 92' lang='lat' dir='ltr'><strong>Deus</strong></span> <span class='ocrx_word' id='word_1_552' title='bbox 578 4117 703 4182; x_wconf 87' lang='lat' dir='ltr'><strong>confert</strong></span> <span class='ocrx_word' id='word_1_553' title='bbox 723 4117 890 4197; x_wconf 90' lang='lat' dir='ltr'><strong>beneficia,</strong></span> <span class='ocrx_word' id='word_1_554' title='bbox 923 4117 999 4200; x_wconf 91' lang='lat' dir='ltr'><strong>quia</strong></span> <span class='ocrx_word' id='word_1_555' title='bbox 1028 4116 1130 4200; x_wconf 85' lang='lat' dir='ltr'><strong>gratis</strong></span> 
     </span>
     <span class='ocr_line' id='line_1_44' title="bbox 164 4197 2148 4287; baseline 0.001 -19"><span class='ocrx_word' id='word_1_556' title='bbox 164 4207 199 4269; x_wconf 92' lang='lat' dir='ltr'><strong>in</strong></span> <span class='ocrx_word' id='word_1_557' title='bbox 227 4202 362 4270; x_wconf 82' lang='lat' dir='ltr'><strong>Ohristo</strong></span> <span class='ocrx_word' id='word_1_558' title='bbox 390 4221 449 4266; x_wconf 92' lang='lat' dir='ltr'><strong>nos</strong></span> <span class='ocrx_word' id='word_1_559' title='bbox 479 4202 586 4285; x_wconf 89' lang='lat' dir='ltr'><strong>elegit.</strong></span> <span class='ocrx_word' id='word_1_560' title='bbox 629 4202 676 4267; x_wconf 81' lang='lat' dir='ltr'><strong>Et</strong></span> <span class='ocrx_word' id='word_1_561' title='bbox 704 4203 820 4270; x_wconf 72' lang='lat' dir='ltr'><strong>satas</strong></span> <span class='ocrx_word' id='word_1_562' title='bbox 847 4203 965 4287; x_wconf 88' lang='lat' dir='ltr'><strong>plurali</strong></span> <span class='ocrx_word' id='word_1_563' title='bbox 994 4222 1131 4268; x_wconf 87' lang='lat' dir='ltr'><strong>numero</strong></span> <span class='ocrx_word' id='word_1_564' title='bbox 1269 4199 1297 4266; x_wconf 90' lang='lat'><strong>1.</strong></span> <span class='ocrx_word' id='word_1_565' title='bbox 1320 4197 1450 4283; x_wconf 79' lang='lat' dir='ltr'><strong>(Afferte</strong></span> <span class='ocrx_word' id='word_1_566' title='bbox 1468 4199 1625 4286; x_wconf 81' lang='lat' dir='ltr'><strong>chocce.)</strong></span> <span class='ocrx_word' id='word_1_567' title='bbox 1658 4201 1801 4267; x_wconf 71' lang='lat' dir='ltr'><strong>Tametsi</strong></span> <span class='ocrx_word' id='word_1_568' title='bbox 1818 4202 1991 4268; x_wconf 90' lang='lat' dir='ltr'><strong>consilium</strong></span> <span class='ocrx_word' id='word_1_569' title='bbox 2009 4202 2148 4270; x_wconf 90' lang='lat' dir='ltr'><strong>Davidis</strong></span> 
     </span>
     <span class='ocr_line' id='line_1_45' title="bbox 164 4284 2147 4373; baseline 0 -19"><span class='ocrx_word' id='word_1_570' title='bbox 164 4290 266 4373; x_wconf 91' lang='lat' dir='ltr'><strong>ponit,</strong></span> <span class='ocrx_word' id='word_1_571' title='bbox 299 4288 376 4369; x_wconf 89' lang='lat' dir='ltr'><strong>quia</strong></span> <span class='ocrx_word' id='word_1_572' title='bbox 408 4306 474 4351; x_wconf 94' lang='lat' dir='ltr'><strong>non</strong></span> <span class='ocrx_word' id='word_1_573' title='bbox 508 4286 621 4366; x_wconf 85' lang='lat' dir='ltr'><strong>semel,</strong></span> <span class='ocrx_word' id='word_1_574' title='bbox 660 4308 720 4354; x_wconf 92' lang='lat' dir='ltr'><strong>nec</strong></span> <span class='ocrx_word' id='word_1_575' title='bbox 751 4309 819 4354; x_wconf 90' lang='lat' dir='ltr'><strong>uno</strong></span> <span class='ocrx_word' id='word_1_576' title='bbox 852 4289 949 4355; x_wconf 87' lang='lat' dir='ltr'><strong>modo</strong></span> <span class='ocrx_word' id='word_1_577' title='bbox 981 4298 1132 4354; x_wconf 85' lang='lat' dir='ltr'><strong>servatus</strong></span> <span class='ocrx_word' id='word_1_578' title='bbox 1181 4285 1252 4363; x_wconf 86' lang='lat' dir='ltr'><strong>luit,</strong></span> <span class='ocrx_word' id='word_1_579' title='bbox 1284 4284 1326 4351; x_wconf 89' lang='lat' dir='ltr'><strong>ad</strong></span> <span class='ocrx_word' id='word_1_580' title='bbox 1348 4285 1412 4350; x_wconf 88' lang='lat' dir='ltr'><strong>Dei</strong></span> <span class='ocrx_word' id='word_1_581' title='bbox 1438 4286 1562 4352; x_wconf 90' lang='lat' dir='ltr'><strong>cultum</strong></span> <span class='ocrx_word' id='word_1_582' title='bbox 1584 4298 1619 4351; x_wconf 91' lang='lat' dir='ltr'><strong>et</strong></span> <span class='ocrx_word' id='word_1_583' title='bbox 1646 4287 1795 4352; x_wconf 91' lang='lat' dir='ltr'><strong>timorem</strong></span> <span class='ocrx_word' id='word_1_584' title='bbox 1825 4286 1985 4353; x_wconf 88' lang='lat' dir='ltr'><strong>adducere</strong></span> <span class='ocrx_word' id='word_1_585' title='bbox 2014 4299 2147 4355; x_wconf 89' lang='lat' dir='ltr'><strong>cunctos</strong></span> 
     </span>
     <span class='ocr_line' id='line_1_46' title="bbox 163 4370 2146 4458; baseline -0.002 -18"><span class='ocrx_word' id='word_1_586' title='bbox 163 4377 281 4441; x_wconf 86' lang='lat' dir='ltr'><strong>fuerat.</strong></span> <span class='ocrx_word' id='word_1_587' title='bbox 318 4370 442 4440; x_wconf 77' lang='lat' dir='ltr'><strong>Sensus</strong></span> <span class='ocrx_word' id='word_1_588' title='bbox 461 4380 509 4437; x_wconf 90' lang='lat' dir='ltr'><strong>est</strong></span> <span class='ocrx_word' id='word_1_589' title='bbox 526 4372 646 4457; x_wconf 80' lang='lat' dir='ltr'><strong>igitur:</strong></span> <span class='ocrx_word' id='word_1_590' title='bbox 664 4373 717 4437; x_wconf 78' lang='lat' dir='ltr'><strong>Ex</strong></span> <span class='ocrx_word' id='word_1_591' title='bbox 734 4395 798 4457; x_wconf 90' lang='lat' dir='ltr'><strong>quo</strong></span> <span class='ocrx_word' id='word_1_592' title='bbox 815 4374 906 4441; x_wconf 89' lang='lat' dir='ltr'><strong>Deus</strong></span> <span class='ocrx_word' id='word_1_593' title='bbox 923 4395 982 4458; x_wconf 92' lang='lat' dir='ltr'><strong>per</strong></span> <span class='ocrx_word' id='word_1_594' title='bbox 999 4394 1132 4440; x_wconf 91' lang='lat' dir='ltr'><strong>manum</strong></span> <span class='ocrx_word' id='word_1_595' title='bbox 1175 4371 1352 4437; x_wconf 86' lang='lat' dir='ltr'><strong>mortales:</strong></span> <span class='ocrx_word' id='word_1_596' title='bbox 1374 4373 1451 4453; x_wconf 86' lang='lat' dir='ltr'><strong>quia</strong></span> <span class='ocrx_word' id='word_1_597' title='bbox 1472 4382 1582 4437; x_wconf 90' lang='lat' dir='ltr'><strong>tamen</strong></span> <span class='ocrx_word' id='word_1_598' title='bbox 1600 4392 1758 4455; x_wconf 88' lang='lat' dir='ltr'><strong>proceres,</strong></span> <span class='ocrx_word' id='word_1_599' title='bbox 1779 4374 1835 4456; x_wconf 91' lang='lat' dir='ltr'><strong>qui</strong></span> <span class='ocrx_word' id='word_1_600' title='bbox 1857 4374 2017 4457; x_wconf 90' lang='lat' dir='ltr'><strong>dignitate</strong></span> <span class='ocrx_word' id='word_1_601' title='bbox 2039 4373 2146 4439; x_wconf 84' lang='lat' dir='ltr'><strong>excel-</strong></span> 
     </span>
     <span class='ocr_line' id='line_1_47' title="bbox 165 4455 2148 4544; baseline -0.002 -17"><span class='ocrx_word' id='word_1_602' title='bbox 165 4457 328 4527; x_wconf 83' lang='lat' dir='ltr'><strong>Samuelis</strong></span> <span class='ocrx_word' id='word_1_603' title='bbox 345 4455 508 4523; x_wconf 84' lang='lat' dir='ltr'><strong>Davidem</strong></span> <span class='ocrx_word' id='word_1_604' title='bbox 529 4466 680 4537; x_wconf 89' lang='lat' dir='ltr'><strong>unxerat,</strong></span> <span class='ocrx_word' id='word_1_605' title='bbox 698 4480 867 4544; x_wconf 89' lang='lat' dir='ltr'><strong>nunquam</strong></span> <span class='ocrx_word' id='word_1_606' title='bbox 884 4459 925 4525; x_wconf 87' lang='lat' dir='ltr'><strong>ab</strong></span> <span class='ocrx_word' id='word_1_607' title='bbox 943 4480 981 4525; x_wconf 91' lang='lat' dir='ltr'><strong>eo</strong></span> <span class='ocrx_word' id='word_1_608' title='bbox 992 4459 1134 4527; x_wconf 91' lang='lat' dir='ltr'><strong>iuvando</strong></span> <span class='ocrx_word' id='word_1_609' title='bbox 1182 4456 1264 4541; x_wconf 92' lang='lat' dir='ltr'><strong>lunt,</strong></span> <span class='ocrx_word' id='word_1_610' title='bbox 1294 4455 1458 4523; x_wconf 87' lang='lat' dir='ltr'><strong>difficilius</strong></span> <span class='ocrx_word' id='word_1_611' title='bbox 1487 4467 1537 4523; x_wconf 91' lang='lat' dir='ltr'><strong>est</strong></span> <span class='ocrx_word' id='word_1_612' title='bbox 1564 4459 1600 4522; x_wconf 95' lang='lat' dir='ltr'><strong>in</strong></span> <span class='ocrx_word' id='word_1_613' title='bbox 1628 4456 1777 4523; x_wconf 92' lang='lat' dir='ltr'><strong>ordinem</strong></span> <span class='ocrx_word' id='word_1_614' title='bbox 1797 4479 1920 4543; x_wconf 85' lang='lat' dir='ltr'><strong>cogere,</strong></span> <span class='ocrx_word' id='word_1_615' title='bbox 1950 4478 2006 4524; x_wconf 94' lang='lat' dir='ltr'><strong>eos</strong></span> <span class='ocrx_word' id='word_1_616' title='bbox 2028 4458 2148 4525; x_wconf 87' lang='lat' dir='ltr'><strong>diserte</strong></span> 
     </span>
     <span class='ocr_line' id='line_1_48' title="bbox 165 4542 2148 4626; baseline -0.001 -14"><span class='ocrx_word' id='word_1_617' title='bbox 165 4565 319 4622; x_wconf 83' lang='lat' dir='ltr'><strong>cessasse,</strong></span> <span class='ocrx_word' id='word_1_618' title='bbox 349 4543 405 4608; x_wconf 93' lang='lat' dir='ltr'><strong>sed</strong></span> <span class='ocrx_word' id='word_1_619' title='bbox 438 4543 620 4607; x_wconf 90' lang='lat' dir='ltr'><strong>innumeris</strong></span> <span class='ocrx_word' id='word_1_620' title='bbox 641 4543 747 4609; x_wconf 90' lang='lat' dir='ltr'><strong>modis</strong></span> <span class='ocrx_word' id='word_1_621' title='bbox 769 4546 868 4612; x_wconf 86' lang='lat' dir='ltr'><strong>luisse</strong></span> <span class='ocrx_word' id='word_1_622' title='bbox 890 4546 960 4611; x_wconf 90' lang='lat' dir='ltr'><strong>eius</strong></span> <span class='ocrx_word' id='word_1_623' title='bbox 982 4545 1132 4611; x_wconf 90' lang='lat' dir='ltr'><strong>liberato·</strong></span> <span class='ocrx_word' id='word_1_624' title='bbox 1183 4542 1364 4626; x_wconf 90' lang='lat' dir='ltr'><strong>compellat.</strong></span> <span class='ocrx_word' id='word_1_625' title='bbox 1423 4543 1586 4610; x_wconf 85' lang='lat' dir='ltr'><strong>Graecum</strong></span> <span class='ocrx_word' id='word_1_626' title='bbox 1622 4543 1835 4626; x_wconf 85' lang='lat' dir='ltr'><strong>interpretem</strong></span> <span class='ocrx_word' id='word_1_627' title='bbox 1868 4544 1959 4610; x_wconf 89' lang='lat' dir='ltr'><strong>vocis</strong></span> <span class='ocrx_word' id='word_1_628' title='bbox 1988 4543 2148 4611; x_wconf 81' lang='lat' dir='ltr'><strong>affinitate</strong></span> 
     </span>
     <span class='ocr_line' id='line_1_49' title="bbox 166 4626 2148 4714; baseline 0 -20"><span class='ocrx_word' id='word_1_629' title='bbox 166 4651 236 4697; x_wconf 91' lang='lat' dir='ltr'><strong>rem</strong></span> <span class='ocrx_word' id='word_1_630' title='bbox 259 4629 362 4694; x_wconf 92' lang='lat' dir='ltr'><strong>donec</strong></span> <span class='ocrx_word' id='word_1_631' title='bbox 385 4648 467 4711; x_wconf 88' lang='lat' dir='ltr'><strong>opus</strong></span> <span class='ocrx_word' id='word_1_632' title='bbox 490 4629 614 4711; x_wconf 86' lang='lat' dir='ltr'><strong>gratiae</strong></span> <span class='ocrx_word' id='word_1_633' title='bbox 635 4649 714 4693; x_wconf 89' lang='lat' dir='ltr'><strong>suae</strong></span> <span class='ocrx_word' id='word_1_634' title='bbox 735 4630 770 4694; x_wconf 92' lang='lat' dir='ltr'><strong>in</strong></span> <span class='ocrx_word' id='word_1_635' title='bbox 791 4651 830 4695; x_wconf 95' lang='lat' dir='ltr'><strong>eo</strong></span> <span class='ocrx_word' id='word_1_636' title='bbox 851 4630 1037 4714; x_wconf 86' lang='lat' dir='ltr'><strong>compleret.</strong></span> <span class='ocrx_word' id='word_1_637' title='bbox 1184 4626 1354 4712; x_wconf 88' lang='lat' dir='ltr'><strong>deceptum</strong></span> <span class='ocrx_word' id='word_1_638' title='bbox 1376 4629 1486 4704; x_wconf 86' lang='lat' dir='ltr'><strong>fuisse,</strong></span> <span class='ocrx_word' id='word_1_639' title='bbox 1515 4641 1639 4695; x_wconf 88' lang='lat' dir='ltr'><strong>certum</strong></span> <span class='ocrx_word' id='word_1_640' title='bbox 1662 4638 1721 4707; x_wconf 84' lang='lat' dir='ltr'><strong>cst,</strong></span> <span class='ocrx_word' id='word_1_641' title='bbox 1751 4640 1787 4695; x_wconf 91' lang='lat' dir='ltr'><strong>ut</strong></span> <span class='ocrx_word' id='word_1_642' title='bbox 1808 4630 1891 4695; x_wconf 90' lang='lat' dir='ltr'><strong>filios</strong></span> <span class='ocrx_word' id='word_1_643' title='bbox 1913 4630 2052 4695; x_wconf 85' lang='lat' dir='ltr'><strong>arietum</strong></span> <span class='ocrx_word' id='word_1_644' title='bbox 2074 4650 2148 4696; x_wconf 88' lang='lat' dir='ltr'><strong>ver·</strong></span> 
     </span>
    </p>
   </div>
   <div class='ocr_carea' id='block_1_7' title="bbox 250 4714 2147 4840">
    <p class='ocr_par' dir='ltr' id='par_1_8' title="bbox 250 4714 2147 4840">
     <span class='ocr_line' id='line_1_50' title="bbox 250 4714 2147 4840; baseline -0.011 -37"><span class='ocrx_word' id='word_1_645' title='bbox 250 4757 282 4824; x_wconf 58' lang='lat'><strong>9,</strong></span> <span class='ocrx_word' id='word_1_646' title='bbox 310 4754 409 4822; x_wconf 61' lang='lat' dir='ltr'><strong>&amp;wa</strong></span> <span class='ocrx_word' id='word_1_647' title='bbox 433 4758 588 4840; x_wconf 55' lang='lat' dir='ltr'><strong>popum</strong></span> <span class='ocrx_word' id='word_1_648' title='bbox 615 4761 713 4836; x_wconf 53' lang='lat' dir='ltr'><em>guum,</em></span> <span class='ocrx_word' id='word_1_649' title='bbox 740 4762 769 4821; x_wconf 52' lang='lat' dir='ltr'><strong>ep</strong></span> <span class='ocrx_word' id='word_1_650' title='bbox 795 4757 918 4824; x_wconf 46' lang='lat' dir='ltr'><strong>benedic</strong></span> <span class='ocrx_word' id='word_1_651' title='bbox 946 4757 1134 4823; x_wconf 72' lang='lat' dir='ltr'><strong>teostitae·</strong></span> <span class='ocrx_word' id='word_1_652' title='bbox 1183 4720 1276 4779; x_wconf 88' lang='lat' dir='ltr'><strong>teret.</strong></span> <span class='ocrx_word' id='word_1_653' title='bbox 1321 4716 1370 4779; x_wconf 84' lang='lat' dir='ltr'><strong>Ac</strong></span> <span class='ocrx_word' id='word_1_654' title='bbox 1400 4714 1440 4779; x_wconf 93' lang='lat' dir='ltr'><strong>de</strong></span> <span class='ocrx_word' id='word_1_655' title='bbox 1467 4715 1556 4780; x_wconf 90' lang='lat' dir='ltr'><strong>vocis</strong></span> <span class='ocrx_word' id='word_1_656' title='bbox 1585 4714 1715 4797; x_wconf 90' lang='lat' dir='ltr'><strong>quidem</strong></span> <span class='ocrx_word' id='word_1_657' title='bbox 1744 4715 1981 4799; x_wconf 90' lang='lat' dir='ltr'><strong>significatione</strong></span> <span class='ocrx_word' id='word_1_658' title='bbox 2003 4714 2090 4779; x_wconf 89' lang='lat' dir='ltr'><strong>inter</strong></span> <span class='ocrx_word' id='word_1_659' title='bbox 2111 4738 2147 4782; x_wconf 87' lang='lat' dir='ltr'><strong>ss</strong></span> 
     </span>
    </p>
   </div>
   <div class='ocr_carea' id='block_1_8' title="bbox 164 4798 2148 4969">
    <p class='ocr_par' dir='ltr' id='par_1_9' title="bbox 164 4798 2148 4969">
     <span class='ocr_line' id='line_1_51' title="bbox 164 4798 2148 4969; baseline 0.009 -36"><span class='ocrx_word' id='word_1_660' title='bbox 164 4849 251 4909; x_wconf 71' lang='lat' dir='ltr'><strong>a...-</strong></span> <span class='ocrx_word' id='word_1_661' title='bbox 269 4862 362 4925; x_wconf 66' lang='lat' dir='ltr'><strong>...e</strong></span> <span class='ocrx_word' id='word_1_662' title='bbox 386 4861 448 4922; x_wconf 68' lang='lat' dir='ltr'><strong>eoa</strong></span> <span class='ocrx_word' id='word_1_663' title='bbox 469 4849 497 4908; x_wconf 68' lang='lat' dir='ltr'><strong>c</strong></span> <span class='ocrx_word' id='word_1_664' title='bbox 517 4841 628 4908; x_wconf 71' lang='lat' dir='ltr'><strong>..eze</strong></span> <span class='ocrx_word' id='word_1_665' title='bbox 648 4861 698 4907; x_wconf 71' lang='lat'><strong>⁶0⁸</strong></span> <span class='ocrx_word' id='word_1_666' title='bbox 719 4862 816 4925; x_wconf 65' lang='lat' dir='ltr'><strong>aaa</strong></span> <span class='ocrx_word' id='word_1_667' title='bbox 837 4844 872 4908; x_wconf 69' lang='lat' dir='ltr'><strong>o.</strong></span> <span class='ocrx_word' id='word_1_668' title='bbox 887 4848 1082 4928; x_wconf 59' lang='lat' dir='ltr'><strong>aaran</strong></span> <span class='ocrx_word' id='word_1_669' title='bbox 1183 4798 2148 4969; x_wconf 49' lang='lat' dir='ltr'><strong>tt}Vtttlt.⁰ttt⁸.lttttttl.tl.atttttttt</strong></span> 
     </span>
    </p>
   </div>
   <div class='ocr_carea' id='block_1_9' title="bbox 1819 3295 2148 3351">
    <p class='ocr_par' dir='ltr' id='par_1_10' title="bbox 1819 3295 2148 3351">
     <span class='ocr_line' id='line_1_52' title="bbox 1819 3295 2148 3351; baseline 0.006 -2"><span class='ocrx_word' id='word_1_670' title='bbox 1819 3295 1894 3350; x_wconf 87' lang='lat' dir='ltr'><strong>dalea</strong></span> <span class='ocrx_word' id='word_1_671' title='bbox 1910 3297 2032 3350; x_wconf 82' lang='lat' dir='ltr'><strong>suaviter</strong></span> <span class='ocrx_word' id='word_1_672' title='bbox 2048 3297 2084 3350; x_wconf 88' lang='lat' dir='ltr'><strong>ad</strong></span> <span class='ocrx_word' id='word_1_673' title='bbox 2101 3313 2148 3351; x_wconf 92' lang='lat' dir='ltr'><strong>vo·</strong></span> 
     </span>
    </p>
   </div>
   <div class='ocr_carea' id='block_1_10' title="bbox 165 4968 2208 5313">
    <p class='ocr_par' dir='ltr' id='par_1_11' title="bbox 165 4968 2208 5313">
     <span class='ocr_line' id='line_1_53' title="bbox 251 4968 2208 5055; baseline 0 -19"><span class='ocrx_word' id='word_1_674' title='bbox 251 4969 326 5036; x_wconf 91' lang='lat' dir='ltr'><strong>Hac</strong></span> <span class='ocrx_word' id='word_1_675' title='bbox 347 4970 494 5037; x_wconf 88' lang='lat' dir='ltr'><strong>clausula</strong></span> <span class='ocrx_word' id='word_1_676' title='bbox 519 4993 584 5037; x_wconf 93' lang='lat' dir='ltr'><strong>non</strong></span> <span class='ocrx_word' id='word_1_677' title='bbox 617 4980 682 5035; x_wconf 91' lang='lat' dir='ltr'><strong>tam</strong></span> <span class='ocrx_word' id='word_1_678' title='bbox 706 4970 879 5055; x_wconf 90' lang='lat' dir='ltr'><strong>propriam,</strong></span> <span class='ocrx_word' id='word_1_679' title='bbox 914 4991 1013 5052; x_wconf 91' lang='lat' dir='ltr'><strong>quam</strong></span> <span class='ocrx_word' id='word_1_680' title='bbox 1036 4972 1134 5036; x_wconf 91' lang='lat' dir='ltr'><strong>totius</strong></span> <span class='ocrx_word' id='word_1_681' title='bbox 1184 4970 1363 5053; x_wconf 84' lang='lat' dir='ltr'><strong>genuinum</strong></span> <span class='ocrx_word' id='word_1_682' title='bbox 1393 4989 1536 5036; x_wconf 89' lang='lat' dir='ltr'><strong>sensum.</strong></span> <span class='ocrx_word' id='word_1_683' title='bbox 1581 4968 1723 5050; x_wconf 77' lang='lat' dir='ltr'><strong>Quidam</strong></span> <span class='ocrx_word' id='word_1_684' title='bbox 1752 4969 1839 5033; x_wconf 92' lang='lat' dir='ltr'><strong>enim</strong></span> <span class='ocrx_word' id='word_1_685' title='bbox 1868 4969 1907 5033; x_wconf 92' lang='lat' dir='ltr'><strong>de</strong></span> <span class='ocrx_word' id='word_1_686' title='bbox 1929 4970 2063 5052; x_wconf 88' lang='lat' dir='ltr'><strong>angelis,</strong></span> <span class='ocrx_word' id='word_1_687' title='bbox 2092 4972 2148 5036; x_wconf 91' lang='lat' dir='ltr'><strong>alii</strong></span> <span class='ocrx_word' id='word_1_688' title='bbox 2207 5005 2208 5008; x_wconf 35' lang='lat'>¹</span> 
     </span>
     <span class='ocr_line' id='line_1_54' title="bbox 166 5054 2148 5139; baseline 0.001 -19"><span class='ocrx_word' id='word_1_689' title='bbox 166 5055 323 5122; x_wconf 84' lang='lat' dir='ltr'><strong>ecclesiae</strong></span> <span class='ocrx_word' id='word_1_690' title='bbox 355 5056 493 5122; x_wconf 89' lang='lat' dir='ltr'><strong>salutem</strong></span> <span class='ocrx_word' id='word_1_691' title='bbox 527 5056 588 5122; x_wconf 86' lang='lat' dir='ltr'><strong>sibi</strong></span> <span class='ocrx_word' id='word_1_692' title='bbox 619 5055 719 5122; x_wconf 89' lang='lat' dir='ltr'><strong>fuisse</strong></span> <span class='ocrx_word' id='word_1_693' title='bbox 752 5076 848 5121; x_wconf 90' lang='lat' dir='ltr'><strong>curae</strong></span> <span class='ocrx_word' id='word_1_694' title='bbox 881 5056 1032 5134; x_wconf 88' lang='lat' dir='ltr'><strong>ostendit,</strong></span> <span class='ocrx_word' id='word_1_695' title='bbox 1069 5059 1134 5122; x_wconf 91' lang='lat' dir='ltr'><strong>imo</strong></span> <span class='ocrx_word' id='word_1_696' title='bbox 1184 5055 1224 5120; x_wconf 94' lang='lat' dir='ltr'><strong>de</strong></span> <span class='ocrx_word' id='word_1_697' title='bbox 1245 5054 1349 5120; x_wconf 91' lang='lat' dir='ltr'><strong>stellis</strong></span> <span class='ocrx_word' id='word_1_698' title='bbox 1371 5065 1552 5139; x_wconf 89' lang='lat' dir='ltr'><strong>exponunt:</strong></span> <span class='ocrx_word' id='word_1_699' title='bbox 1576 5055 1632 5119; x_wconf 92' lang='lat' dir='ltr'><strong>alii</strong></span> <span class='ocrx_word' id='word_1_700' title='bbox 1650 5074 1728 5120; x_wconf 91' lang='lat' dir='ltr'><strong>vero</strong></span> <span class='ocrx_word' id='word_1_701' title='bbox 1744 5074 1894 5138; x_wconf 87' lang='lat' dir='ltr'><strong>proceres</strong></span> <span class='ocrx_word' id='word_1_702' title='bbox 1912 5056 1991 5120; x_wconf 90' lang='lat' dir='ltr'><strong>istos</strong></span> <span class='ocrx_word' id='word_1_703' title='bbox 2010 5075 2148 5139; x_wconf 89' lang='lat' dir='ltr'><strong>qnorum</strong></span> 
     </span>
     <span class='ocr_line' id='line_1_55' title="bbox 165 5141 1133 5225; baseline 0 -19"><span class='ocrx_word' id='word_1_704' title='bbox 165 5141 321 5223; x_wconf 83' lang='lat' dir='ltr'><strong>privatim</strong></span> <span class='ocrx_word' id='word_1_705' title='bbox 343 5141 405 5206; x_wconf 91' lang='lat' dir='ltr'><strong>sibi</strong></span> <span class='ocrx_word' id='word_1_706' title='bbox 427 5163 488 5208; x_wconf 93' lang='lat' dir='ltr'><strong>nec</strong></span> <span class='ocrx_word' id='word_1_707' title='bbox 510 5142 632 5207; x_wconf 86' lang='lat' dir='ltr'><strong>vixisse</strong></span> <span class='ocrx_word' id='word_1_708' title='bbox 653 5163 714 5208; x_wconf 93' lang='lat' dir='ltr'><strong>neo</strong></span> <span class='ocrx_word' id='word_1_709' title='bbox 736 5161 900 5225; x_wconf 84' lang='lat' dir='ltr'><strong>regnasse,</strong></span> <span class='ocrx_word' id='word_1_710' title='bbox 921 5143 977 5208; x_wconf 92' lang='lat' dir='ltr'><strong>sed</strong></span> <span class='ocrx_word' id='word_1_711' title='bbox 996 5143 1031 5207; x_wconf 90' lang='lat' dir='ltr'><strong>in</strong></span> <span class='ocrx_word' id='word_1_712' title='bbox 1049 5163 1133 5209; x_wconf 91' lang='lat' dir='ltr'><strong>com-</strong></span> 
     </span>
     <span class='ocr_line' id='line_1_56' title="bbox 165 5226 2147 5313; baseline 0.003 -22"><span class='ocrx_word' id='word_1_713' title='bbox 165 5247 267 5292; x_wconf 84' lang='lat' dir='ltr'><strong>mune</strong></span> <span class='ocrx_word' id='word_1_714' title='bbox 283 5226 395 5311; x_wconf 83' lang='lat' dir='ltr'><strong>populi</strong></span> <span class='ocrx_word' id='word_1_715' title='bbox 412 5226 629 5294; x_wconf 79' lang='lat' dir='ltr'><strong>commodum.</strong></span> <span class='ocrx_word' id='word_1_716' title='bbox 672 5227 781 5294; x_wconf 84' lang='lat' dir='ltr'><strong>Probe</strong></span> <span class='ocrx_word' id='word_1_717' title='bbox 799 5228 885 5292; x_wconf 83' lang='lat' dir='ltr'><strong>enim</strong></span> <span class='ocrx_word' id='word_1_718' title='bbox 903 5229 1043 5308; x_wconf 76' lang='lat' dir='ltr'><strong>tenebat,</strong></span> <span class='ocrx_word' id='word_1_719' title='bbox 1066 5249 1132 5294; x_wconf 88' lang='lat' dir='ltr'><strong>non</strong></span> <span class='ocrx_word' id='word_1_720' title='bbox 1253 5243 1281 5311; x_wconf 74' lang='grc'><strong>1’)</strong></span> <span class='ocrx_word' id='word_1_721' title='bbox 1297 5243 1325 5296; x_wconf 94' lang='lat' dir='ltr'><strong>la</strong></span> <span class='ocrx_word' id='word_1_722' title='bbox 1343 5243 1428 5312; x_wconf 87' lang='lat' dir='ltr'><strong>gloire</strong></span> <span class='ocrx_word' id='word_1_723' title='bbox 1446 5244 1480 5297; x_wconf 93' lang='lat' dir='ltr'><strong>de</strong></span> <span class='ocrx_word' id='word_1_724' title='bbox 1497 5260 1545 5298; x_wconf 89' lang='lat' dir='ltr'><strong>son</strong></span> <span class='ocrx_word' id='word_1_725' title='bbox 1563 5260 1635 5310; x_wconf 85' lang='lat' dir='ltr'><strong>nom,</strong></span> <span class='ocrx_word' id='word_1_726' title='bbox 1653 5258 1687 5297; x_wconf 78' lang='lat' dir='ltr'><strong>aa</strong></span> <span class='ocrx_word' id='word_1_727' title='bbox 1701 5256 1805 5312; x_wconf 72' lang='lat' dir='ltr'><strong>merge:</strong></span> <span class='ocrx_word' id='word_1_728' title='bbox 1824 5257 1867 5313; x_wconf 80' lang='lat' dir='ltr'><strong>on,</strong></span> <span class='ocrx_word' id='word_1_729' title='bbox 1883 5242 2147 5312; x_wconf 87' lang='lat' dir='ltr'><strong>dignedesonnom.</strong></span> 
     </span>
    </p>
   </div>
   <div class='ocr_carea' id='block_1_11' title="bbox 0 0 2339 5856">
    <p class='ocr_par' dir='ltr' id='par_1_12' title="bbox 0 0 2339 5856">
     <span class='ocr_line' id='line_1_57' title="bbox 0 0 2339 5856; baseline 0 0"><span class='ocrx_word' id='word_1_730' title='bbox 0 0 2339 5856; x_wconf 95' lang='lat' dir='ltr'><strong> </strong></span> 
     </span>
    </p>
   </div>
  </div>
 </body>
</html>
