4672 5864
95 359 160 425 445
904 359 1125 429 PSALMUS
1147 360 1276 427 XLIV.
2030 364 2096 430 446

97 549 258 615 malorum
290 549 412 615 tuerint
440 549 590 627 demersi,
623 549 751 615 stetisse
774 559 883 616 tamen
911 559 1017 615 rectos
1037 549 1071 615 in
1126 550 1247 634 lugere,
1269 560 1307 616 ut
1328 550 1394 618 illis
1415 552 1561 635 patronis
1582 551 1721 636 gratiam
1743 570 1851 618 coram
1874 550 1945 618 Deo
1967 553 2093 619 inveni·

98 657 156 702 suo
187 634 304 719 gradu
348 635 453 703 Porro
482 637 510 702 si
536 634 753 718 expendimus
782 636 818 699 in
840 655 921 718 quas
950 633 1073 701 redacti
1125 642 1192 715 ant,
1215 647 1344 704 constat
1365 647 1476 703 tamen
1498 637 1656 703 informa
1677 636 2001 704 invocandinullum
2023 662 2095 706 esse

97 721 220 788 tuerint
240 721 419 805 angustias,
438 742 504 786 non
522 719 683 786 videbitur
702 720 795 786 uobis
813 721 1072 804 hyperbolicum,
1125 719 1310 787 discrimen.
1353 722 1484 787 Deinde
1512 723 1639 788 etiamsi
1668 723 1842 806 recipimus
1864 723 1948 806 quod
1972 723 2094 806 dicunt,

97 807 184 891 quod
208 807 379 872 sedicunt
406 807 566 890 usquein
590 806 743 890 abyssum
773 807 874 872 luisse
902 807 1071 872 contritos.
1124 806 1241 872 frivola
1263 816 1373 873 tamen
1395 809 1562 875 excusatio
1584 819 1643 886 est,
1665 816 1820 891 patronos
1843 809 1904 874 sibi
1922 830 2095 893 quaerere:

97 893 184 959 Nam
216 912 274 975 per
304 892 401 958 baem
422 893 595 958 draconum
625 910 690 956 uon
712 892 860 976 intelligo
890 890 1019 957 deserta
1040 899 1074 956 et
1124 892 1288 974 quianon
1310 893 1452 960 sufficiat
1473 892 1637 973 Christus,
1665 894 1731 958 imo
1753 895 1917 977 sepultum
1943 895 1986 960 sit
2007 898 2094 980 apud

97 976 298 1056 solitudines,
321 978 377 1045 sed
396 977 666 1061 profundissimos
687 979 835 1062 gurgites
857 976 966 1053 maris,
987 973 1073 1042 ideo·
1124 997 1179 1043 eos
1207 979 1278 1043 elus
1307 979 1460 1045 officium.
1511 979 1698 1064 Diligenter
1730 990 1837 1045 autem
1872 981 2016 1047 notanda
2044 991 2094 1048 est

98 1086 161 1148 que
187 1077 278 1148 nrm
312 1064 418 1147 potius
439 1062 479 1130 de
500 1063 646 1128 balaenis
672 1062 880 1148 interpretor,
916 1062 1013 1128 sicuti
1039 1073 1073 1125 et
1124 1062 1369 1130 circumstantia
1390 1064 1488 1132 huius
1508 1065 1578 1146 loci,
1600 1085 1678 1130 nam
1701 1062 1812 1130 fideles
1833 1088 1868 1132 se
1886 1078 2008 1151 negant
2024 1090 2094 1135 ma-

98 1150 248 1235 pluribus
269 1149 343 1216 aliis
361 1149 448 1230 locis,
470 1162 567 1232 atque
584 1148 669 1214 hauc
686 1149 880 1215 seutentiam
899 1149 1073 1213 confirmat
1125 1168 1189 1213 nus
1211 1150 1405 1233 expandisse
1428 1151 1469 1215 ad
1487 1150 1568 1216 alios
1590 1149 1679 1216 deos:
1703 1150 1777 1233 quia
1795 1152 1911 1217 vitium
1930 1165 1978 1219 est
1997 1154 2094 1221 nimis

98 1235 259 1320 posterius
277 1233 469 1314 membrum,
492 1235 547 1300 ubi
565 1245 749 1317 queruntur
771 1256 806 1300 se
824 1234 924 1298 luisse
942 1241 1073 1317 opertos
1124 1233 1272 1318 vulgare,
1303 1237 1329 1300 si
1353 1237 1507 1302 continua
1529 1237 1615 1302 mala
1644 1256 1684 1301 ur
1707 1244 1783 1301 eant
1805 1236 1876 1303 Deo
1898 1238 2093 1320 posthabito,
2201 1264 2203 1269 ’

98 1319 211 1387 amba
239 1323 366 1388 mortis:
394 1321 478 1404 quod
508 1318 702 1385 tantundem
726 1319 815 1385 valet
837 1318 997 1385 adfuisse
1019 1319 1074 1385 ab·
1124 1339 1281 1402 quaerere
1303 1322 1367 1387 alia
1388 1321 1541 1387 remedia.
1570 1257 1736 1403 Quamdiu
1758 1343 1816 1388 nos
1833 1322 1952 1389 blande
1969 1334 2002 1390 et
2019 1347 2093 1392 sua·

99 1414 228 1492 sorptos
249 1420 391 1473 amorte
412 1408 492 1490 ipsa.
531 1404 682 1474 Sciamus
705 1414 815 1471 autem
837 1405 872 1470 in
895 1404 948 1470 his
966 1404 1073 1470 verbis
1125 1404 1212 1471 viter
1232 1406 1321 1472 fovet
1342 1406 1444 1486 Deus,
1474 1407 1515 1472 ad
1537 1428 1613 1473 eum
1635 1428 1695 1473 uos
1717 1408 1929 1474 conserimus:
1959 1410 2015 1475 sed
2038 1411 2094 1478 ubi

99 1491 215 1559 dictari
249 1492 340 1559 nobis
373 1515 393 1558 a
425 1494 541 1576 spiritu
575 1503 688 1558 sancto
724 1489 879 1574 precandi
916 1490 1073 1555 formam:
1125 1490 1202 1573 quid
1224 1491 1546 1577 adversicontiugit,
1569 1514 1645 1558 mox
1663 1493 1834 1575 incipimus
1852 1495 2025 1579 ambigere.
2055 1495 2095 1564 Si

98 1579 234 1660 ideoque
261 1578 416 1646 invictam
444 1577 670 1644 forutudinsm
693 1578 787 1643 nobis
808 1576 960 1660 praecipi,
989 1595 1073 1658 quae
1125 1596 1202 1640 vero
1224 1577 1361 1643 ulterius
1383 1580 1570 1660 premimur,
1594 1579 1659 1644 imo
1681 1579 1708 1645 si
1731 1579 1841 1645 nullus
1863 1590 1912 1645 eet
1934 1582 2093 1648 malorum

98 1685 158 1730 nos
176 1665 236 1729 sub
251 1664 411 1730 malorum
426 1665 572 1732 omnium
587 1664 738 1747 congerie
755 1671 925 1735 sustentet,
944 1669 981 1726 ut
996 1681 1073 1725 rere
1124 1661 1210 1741 finis,
1231 1663 1302 1745 ipsa
1319 1663 1494 1729 assiduitas
1516 1664 1669 1730 sollicitat
1690 1682 1750 1728 uos
1768 1663 1808 1730 ad
1827 1663 2094 1751 desperationem,

98 1749 214 1816 testari
242 1751 353 1829 liceat,
388 1750 486 1816 etiam
517 1751 551 1814 in
581 1768 709 1815 summa
739 1747 979 1830 desperatione,
1014 1766 1072 1811 nos
1125 1746 1307 1831 desperatio
1328 1761 1465 1834 generat
1488 1771 1656 1832 perversas
1673 1750 1817 1828 fiduciae,
1840 1751 1918 1817 hine
1935 1772 2095 1820 novorum

98 1854 248 1919 sperasse
265 1835 301 1901 in
318 1836 400 1912 Deo,
421 1835 520 1901 nullis
537 1834 770 1900 tentationibus
788 1853 963 1900 excussum
979 1832 1073 1896 nobis
1124 1829 1258 1916 deorum
1287 1833 1417 1901 fabrica.
1460 1834 1513 1901 De
1535 1835 1715 1902 elevatione
1742 1858 1899 1903 manuum
1929 1837 2006 1905 alibi
2029 1839 2095 1906 dic·

98 1923 216 1988 luisses
231 1921 301 1987 eius
316 1921 480 2000 timorem,
498 1919 591 1986 nulla
606 1920 744 2003 denique
758 1918 844 1984 mole
859 1917 1072 1983 afflictionum
1123 1926 1193 1983 tum
1217 1929 1276 1984 est.

98 2006 199 2073 fuisse
228 2007 355 2085 fractos,
383 2008 462 2090 quin
492 2027 621 2091 semper
650 2006 684 2070 in
713 2025 789 2071 eum
819 2002 1071 2088 respexerimus.
1209 2003 1261 2070 22.
1283 2003 1350 2089 (An
1369 2026 1431 2072 nan
1447 2005 1539 2071 Deae
1556 2004 1716 2092 requiret.)
1753 2006 1874 2074 Gravis
1891 2018 1941 2074 est
1958 2017 1992 2074 et
2009 2012 2095 2077 seria

98 2091 166 2159 Sed
182 2093 386 2177 loquutiones
402 2093 518 2176 quibus
532 2101 671 2157 utuntur
682 2091 817 2174 propius
828 2098 942 2154 notare
954 2106 1072 2170 operae
1123 2087 1304 2168 obtestatio,
1328 2091 1406 2156 dum
1425 2090 1546 2157 audent
1564 2092 1672 2157 Deum
1693 2113 1770 2158 suae
1791 2094 1991 2178 integritatis
2012 2095 2096 2162 arbi·

123 2178 241 2244 retium
261 2189 319 2244 est.
352 2177 437 2243 Nam
457 2183 494 2242 ut
510 2176 685 2244 ostendant
705 2198 739 2243 se
757 2194 876 2258 purum
898 2173 1071 2239 retinuisse
1122 2185 1210 2238 trum
1233 2190 1392 2242 statuere:
1415 2175 1501 2242 unde
1523 2186 1651 2243 constat
1673 2199 1729 2243 eos
1751 2200 1818 2244 non
1840 2180 1945 2263 egisse
1963 2200 2093 2247 causam

98 2200 164 2330 iret
186 2263 321 2343 cultum,
351 2264 469 2330 animis
491 2272 523 2329 et
545 2262 696 2327 manibus
726 2281 792 2327 uon
818 2260 883 2325 nisi
905 2258 946 2324 ad
968 2279 1071 2323 unum
1123 2280 1217 2324 suum
1240 2258 1348 2327 c'oram
1379 2261 1508 2341 mundo,
1538 2261 1594 2328 sed
1621 2283 1731 2328 secum
1761 2265 1911 2346 loquutus
1939 2268 2031 2349 quasi
2053 2268 2094 2332 ad

100 2350 209 2415 Deum
238 2347 342 2414 Israel
376 2369 412 2414 se
440 2349 585 2414 intentos
613 2347 713 2412 luisse
743 2355 906 2412 asserunt.
958 2343 1072 2426 Neque
1122 2342 1187 2410 Dei
1210 2346 1363 2426 tribunal,
1390 2347 1606 2413 confidentius
1634 2348 1731 2413 etiam
1762 2348 1889 2417 addunt
1917 2352 2000 2417 nihil
2022 2351 2094 2419 Deo

100 2437 187 2499 enim
210 2435 290 2499 satis
307 2435 421 2500 luisset
442 2433 609 2500 confusam
632 2431 773 2517 aliquam
796 2431 983 2514 opinionem
1003 2428 1071 2493 dei·
1123 2451 1193 2497 esse
1222 2432 1457 2499 absconditum.
1501 2432 1598 2500 Unde
1625 2435 1712 2499 euim
1740 2435 1778 2499 fit
1801 2444 1838 2500 ut
1866 2457 1962 2520 saepe
1984 2437 2092 2504 Deum

100 2522 178 2584 tatis
207 2520 293 2602 apud
322 2539 358 2585 se
386 2520 512 2598 fovere,
545 2520 608 2585 nisi
637 2538 718 2584 vera
749 2517 864 2602 religio
897 2516 983 2600 apud
1016 2534 1072 2581 ees
1124 2525 1242 2582 testem
1270 2518 1372 2584 citent
1394 2518 1593 2603 hypocritae,
1617 2519 1680 2584 nisi
1702 2520 1786 2604 quia,
1810 2521 1887 2586 dum
1910 2523 1982 2589 luco
2004 2523 2093 2588 obte-

99 2605 271 2689 viguisset.
304 2604 389 2670 Nam
411 2613 443 2670 et
466 2606 521 2688 qui
543 2604 615 2670 Deo
637 2605 897 2678 obmurmurant,
920 2600 1072 2686 quamvis
1123 2615 1206 2687 gunt
1234 2624 1328 2668 suam
1356 2606 1563 2688 pravitatem,
1593 2624 1629 2670 se
1656 2618 1697 2671 ex
1727 2605 1791 2671 Dei
1820 2607 1939 2673 iudicio
1967 2607 2094 2692 elapsos

100 2697 262 2774 coguntur
280 2711 400 2756 numen
418 2689 548 2774 aliquod
571 2709 758 2774 agnoscere,
780 2689 941 2756 fabricant
961 2694 1071 2751 tamen
1124 2708 1195 2753 esee
1248 2698 1360 2754 utaut:
1390 2698 1488 2773 atque
1516 2692 1564 2756 ita
1592 2692 1830 2775 transfigurant
1850 2691 1970 2772 Deum,
2000 2696 2094 2778 quasi

101 2775 162 2841 sibi
193 2773 289 2840 deum
326 2797 384 2859 pro
413 2776 557 2842 arbitrio.
614 2775 725 2859 Atque
754 2775 816 2840 hoe
844 2773 963 2840 diaboli
993 2773 1071 2836 arti·
1123 2775 1191 2840 suis
1223 2710 1360 2842 bellariis
1391 2775 1502 2842 oculos
1534 2777 1605 2842 eius
1637 2778 1906 2862 perstringerent.
1957 2779 2095 2861 Quoties

99 2862 209 2927 ficium
233 2870 292 2939 est,
322 2862 487 2944 quianon
509 2862 619 2928 statim
642 2867 750 2947 potest
772 2881 790 2924 e
812 2859 962 2926 cordibus
983 2856 1071 2924 evel·
1124 2880 1202 2944 ergo
1224 2861 1391 2943 prodimus
1416 2863 1450 2926 iu
1473 2872 1681 2945 conspectum
1705 2862 1778 2944 Dei,
1807 2864 1917 2930 veniat
1939 2865 2037 2931 simul
2059 2866 2095 2932 in

100 2945 168 3012 lere
190 2967 322 3012 omnem
343 2947 510 3032 religionis
530 2969 673 3032 sensum,
694 2954 822 3013 mentes
844 2954 973 3010 nostras
994 2963 1071 3010 cen·
1123 2957 1268 3011 mentem
1290 2948 1359 3012 eius
1382 2949 1546 3024 memoria,
1570 2947 1724 3030 quoniam
1746 2956 1796 3015 est
1817 2949 1964 3015 cordium
1986 2952 2095 3036 cogni·

101 3043 213 3098 cutere
235 3032 286 3097 his
308 3032 478 3111 machinis,
507 3034 730 3116 quaerendum
756 3052 828 3098 esse
845 3031 945 3096 alium
965 3029 1071 3105 deum,
1122 3040 1185 3108 tor,
1209 3033 1303 3098 ranis
1324 3031 1485 3098 coloribus
1508 3031 1590 3097 nihil
1612 3031 1700 3115 apud
1718 3055 1792 3099 eum
1815 3036 1935 3118 profici.

100 3119 164 3199 vel,
186 3139 282 3201 quem
307 3118 464 3185 hacteuus
485 3119 655 3201 coluimus,
676 3118 852 3184 ullomodo
876 3114 1071 3198 placandum

101 3225 181 3284 esee,
205 3204 266 3287 vel,
289 3203 420 3270 aliunde
442 3223 540 3287 quam
563 3205 694 3288 exlege
715 3213 749 3268 st
768 3220 850 3266 evan
875 3202 937 3266 elio
959 3210 1071 3284 peteu·
1208 3201 1260 3266 23.
1285 3200 1372 3269 Certe
1387 3207 1515 3285 propter
1536 3202 1749 3269 teocddinrnr
1769 3204 1913 3286 qnotidie,
1936 3206 2094 3272 aestimati

101 3290 176 3354 dam
206 3310 276 3355 esse
306 3291 431 3375 gratiae
460 3289 531 3355 eius
558 3289 796 3353 certitudinem.
848 3223 959 3367 &uum
994 3304 1071 3367 ergo
1122 3307 1231 3352 sumtu
1249 3292 1397 3370 tanquam
1415 3308 1484 3354 over
1500 3290 1707 3356 mactationis
1745 3288 1795 3354 24.
1818 3289 1974 3375 Erumpo,
1997 3312 2095 3375 qnare

101 3376 187 3440 inter
205 3375 365 3440 malorum
385 3376 582 3460 agitationes·
596 3382 630 3439 et
647 3374 774 3450 fluctus,
797 3373 969 3456 plusquam
988 3372 1071 3439 ditfi·
1123 3372 1278 3438 obdormis
1299 3372 1461 3439 Domine?
1493 3375 1617 3459 evigiler,
1646 3395 1685 3440 ne
1706 3374 1899 3442 obliuiscaris
1926 3378 1962 3442 in
1988 3377 2093 3459 finem.

101 3461 162 3527 cile
185 3463 333 3528 sitrecte
352 3464 544 3544 compositos
562 3461 597 3524 in
615 3479 697 3542 pura
713 3459 778 3522 fide
796 3477 936 3530 manere,
960 3458 1071 3525 sedulo
1122 3459 1173 3524 25.
1203 3458 1306 3540 Quare
1327 3461 1440 3541 faeiem
1460 3465 1548 3526 taam
1570 3460 1757 3527 nimandin?
1785 3461 1977 3529 obtivieaeris
2003 3465 2095 3530 rahe-

101 3546 243 3612 teuenda
271 3558 322 3612 est
348 3548 411 3613 ista
432 3547 612 3622 obtestatio,
643 3543 729 3629 quod
753 3542 857 3608 sanati
880 3555 989 3626 patres
1012 3546 1071 3611 mi·
1121 3546 1192 3609 riae
1223 3550 1345 3612 nostrae
1375 3552 1403 3612 ct
1434 3546 1617 3628 afflictionis
1648 3548 1799 3614 nostrae?
1852 3548 1904 3614 26.
1941 3548 2094 3631 Quoniam

101 3631 196 3699 aeriis
226 3653 322 3698 omne
350 3652 456 3717 genus
477 3632 624 3709 confecti,
654 3651 719 3696 non
749 3626 934 3695 destiterint
960 3642 1071 3698 umen
1122 3630 1241 3713 afflicta
1263 3637 1306 3696 eet
1327 3632 1369 3697 ad
1380 3632 1543 3716 patremne
1564 3632 1672 3698 anima
1691 3638 1809 3714 nostra,
1832 3634 1974 3700 adhaesit
1993 3641 2093 3700 terrae

100 3719 290 3785 recumbere
323 3719 357 3783 iu
387 3739 503 3784 verum
536 3716 663 3796 Deum,
700 3715 784 3800 quod
818 3714 917 3780 etiam
950 3717 1071 3784 clarius
1121 3722 1225 3782 venun
1255 3722 1364 3784 nasim
1416 3718 1469 3783 27.
1497 3718 1647 3802 Eacarqe
1676 3719 1712 3783 in
1739 3720 1898 3785 caedium
1926 3719 2031 3801 nobie,
2065 3725 2093 3785 et

101 3803 220 3869 deinde
256 3805 291 3869 iu
328 3814 484 3870 contextu
522 3804 728 3886 exprimunt,
767 3821 829 3868 non
864 3803 1072 3882 expandimus
1121 3804 1238 3868 redime
1258 3822 1315 3867 aaa
1329 3808 1459 3886 propter
1479 3803 1642 3869 bondatem
1663 3808 1758 3869 taam.

98 3909 216 3956 manue
236 3895 360 3955 norbae
380 3894 433 3958 ete.
467 3888 596 3970 Quibus
615 3889 723 3955 verbis
744 3887 931 3972 significant
953 3909 988 3953 se
1006 3910 1071 3955 uno

100 3975 174 4040 Duo
196 3986 375 4052 contentos,
405 3996 472 4040 uon
501 3975 653 4041 habuisse
684 3994 757 4059 spes
785 3974 849 4039 huo
871 3984 903 4038 et
924 3973 1002 4039 illuc
1025 3974 1071 4039 di·
1209 3971 1261 4038 23.
1289 3971 1390 4058 (Certe
1405 3973 1607 4060 propterte.)
1650 3973 1726 4039 Alia
1754 3974 1882 4039 ratione
1904 3975 1967 4041 Dei
1995 3975 2093 4042 mise·

98 4062 197 4140 visas,
228 4080 330 4143 neque
357 4060 629 4143 circumspexisse
656 4072 692 4124 ut
714 4059 779 4124 alia
800 4057 944 4124 subsidia
973 4082 1069 4144 quae·
1122 4060 1294 4125 ricordiam
1325 4057 1384 4124 sibi
1410 4059 1585 4125 conciliant
1611 4058 1732 4138 fideles,
1763 4061 1838 4142 quia
1866 4081 1934 4125 non
1962 4061 2002 4125 ob
2032 4083 2094 4129 sua

98 4156 221 4213 rereut.
264 4144 362 4213 Unde
390 4146 583 4230 colligimus,
617 4146 800 4229 quicunque
832 4145 961 4210 animos
994 4167 1070 4213 suos
1123 4144 1280 4212 maleficia
1297 4144 1494 4229 plectantur,
1517 4145 1574 4211 sed
1593 4156 1721 4211 tantum
1740 4156 1872 4228 propter
1890 4145 1954 4211 Dei
1972 4167 2093 4214 nomen

99 4230 289 4298 distrahunt
318 4234 352 4297 iu
382 4252 455 4316 spes
485 4231 603 4311 varias,
633 4231 779 4307 oblivisci
809 4231 877 4296 veri
906 4229 987 4296 Dei:
1018 4234 1070 4297 cui
1122 4231 1258 4297 infestos
1287 4231 1348 4297 sibi
1378 4230 1520 4297 habeant
1547 4230 1741 4297 incredulos.
1793 4230 1933 4297 Videtur
1962 4233 2092 4317 quidem

97 4339 166 4384 uon
194 4317 366 4384 tribuimus
395 4338 490 4385 suum
521 4316 688 4396 honorem,
717 4317 781 4383 nisi
804 4317 836 4380 iu
861 4336 899 4381 eo
921 4316 989 4382 solo
1018 4339 1070 4383 ae·
1122 4318 1229 4401 primo
1257 4315 1381 4382 intuitu
1398 4316 1500 4383 stulta
1521 4337 1592 4383 esse
1621 4316 1841 4401 querimonia:
1871 4340 1947 4383 nam
1970 4320 2091 4402 specio-

98 4404 304 4488 quiescimus.
338 4404 383 4469 Et
397 4412 486 4470 certe
507 4403 542 4468 in
560 4403 707 4488 legitimo
728 4403 799 4469 eius
816 4402 905 4468 cultu
926 4403 1070 4486 primum
1122 4405 1188 4468 sior
1206 4402 1270 4467 tuit
1287 4403 1345 4468 illa
1362 4404 1531 4486 responsio
1546 4400 1692 4470 Socratis
1709 4406 1744 4467 in
1760 4402 1963 4488 obiurganda
1981 4424 2090 4482 uxore,

97 4489 237 4574 gradum
267 4490 393 4556 obtinet
421 4488 510 4571 fides,
539 4497 572 4555 et
594 4509 676 4573 quae
705 4488 782 4554 iude
810 4488 955 4554 nascitur
976 4490 1069 4554 iuva·
1122 4510 1222 4571 quum
1253 4489 1390 4572 diceret,
1422 4489 1526 4554 satius
1553 4509 1624 4554 esse
1653 4489 1817 4554 insontem
1848 4491 1963 4574 perire,
1993 4509 2090 4571 quam

96 4577 201 4642 catio:
231 4575 307 4660 quia
328 4577 501 4661 praecipua
529 4574 652 4658 gloriae
674 4595 752 4640 suae
774 4590 849 4657 pars
871 4574 901 4638 ei
924 4573 1070 4657 eripitur,
1121 4594 1181 4640 sua
1202 4573 1308 4658 culpa.
1345 4572 1417 4640 Ima
1438 4573 1614 4640 consolatio
1636 4594 1733 4657 quam
1756 4576 1907 4658 proponit
1928 4574 2090 4652 Christus,

96 4660 176 4726 dum
211 4671 306 4728 extra
339 4683 414 4727 eum
446 4661 632 4744 quaerimus
665 4660 719 4725 rel
753 4661 922 4725 minimam
956 4660 1070 4727 salutis
1121 4660 1241 4725 Matth.
1265 4659 1295 4738 b,
1320 4659 1370 4724 10.
1400 4659 1531 4726 ridetur
1559 4660 1656 4745 longe
1683 4660 1724 4726 ab
1747 4659 1798 4726 his
1820 4661 1929 4725 verbis
1951 4658 2089 4738 differre,

96 4760 230 4813 nestrae
263 4756 400 4831 partem.
450 4747 699 4813 Meminerimus
733 4765 827 4830 ergo,
863 4745 924 4810 hoc
952 4766 1069 4811 verum
1121 4746 1834 4831 Beatiquiperaequutionempatiunturpro
1858 4745 2090 4812 teriustitiam.

96 4853 171 4899 esse
194 4834 322 4916 pietatis
344 4853 493 4909 examen,
524 4831 579 4898 ubi
601 4832 635 4896 in
655 4832 790 4915 abyssos
813 4831 930 4898 deiecti
951 4833 1069 4912 oculos,
1121 4832 1206 4897 Item
1221 4832 1355 4897 Petrus:
1381 4829 1417 4897 si
1437 4832 1509 4915 quis
1527 4844 1661 4917 propter
1678 4852 1796 4896 nomen
1814 4767 1938 4896 Christi
1959 4831 2091 4915 pat-itur,

92 4940 181 5003 spes,
203 4930 238 4984 et
256 4928 332 4986 vota
355 4918 526 5002 dirigimus
547 4917 581 4982 iu
604 4916 708 4983 solum
732 4916 852 4982 Deum.
896 4915 971 4997 Quo
994 4939 1069 4983 con·
1121 4918 1202 4984 haec
1232 4916 1341 5001 potius
1370 4918 1509 4982 materia
1537 4928 1587 4985 est
1615 4917 1759 4983 laetitiae
1792 4928 1825 4981 et
1854 4916 2091 5000 gratulationis,

95 5004 245 5071 vincitur
262 5005 412 5088 impietas
429 5011 576 5089 papatus,
595 5002 649 5069 ubi
668 5014 838 5086 postquam
856 5003 956 5068 verbo
974 5012 1069 5070 tenus
1122 5003 1296 5082 1.Pet.4‚
1321 5003 1371 5068 14.
1421 5003 1631 5086 Respondes,
1665 5002 1825 5084 Quamvis
1857 5002 2016 5085 optimum
2049 5004 2092 5067 sit

93 5089 237 5156 confessi
265 5100 343 5157 sunt
372 5113 407 5156 se
435 5088 566 5155 eredere
593 5110 694 5155 unum
717 5088 836 5166 Deum,
867 5090 1070 5171 prostituunt
1122 5090 1241 5156 doloris
1264 5090 1424 5167 solatium,
1444 5109 1573 5154 oausam
1593 5090 1687 5155 nobis
1705 5109 1775 5153 esse
1792 5087 1998 5154 coniunctam
2017 5110 2092 5154 cum

94 5177 169 5241 eius
192 5176 330 5260 gloriam
351 5174 390 5241 ad
414 5185 588 5242 creaturas.
633 5175 705 5240 Etsi
731 5175 816 5240 enim
840 5187 1008 5257 excusent,
1035 5198 1069 5243 se
1122 5175 1273 5241 Christo:
1305 5196 1369 5240 non
1399 5186 1511 5240 tamen
1540 5175 1662 5240 trustra
1691 5194 1753 5240 nea
1782 5194 1950 5256 perperam
1981 5173 2093 5240 fideles

96 5260 137 5325 ad
161 5260 436 5346 christophorum
467 5274 499 5327 et
528 5282 608 5344 quos
637 5262 806 5328 finxerunt
835 5271 965 5329 sanctes
994 5284 1068 5329 aon·
1121 5261 1194 5329 Deo
1217 5262 1366 5342 obiicere,
1396 5260 1529 5345 indigne
1551 5281 1586 5326 se
1608 5262 1678 5326 eius
1700 5280 1798 5326 causa
1820 5260 1940 5345 affligi:
1972 5281 2092 5344 quase
