4658 5856
243 363 285 426 55
1089 358 1307 426 PSALMUS
1331 359 1394 425 ΙΙΙ.
2194 351 2239 416 56

242 547 362 623 David,
391 567 455 629 quo
483 547 600 612 melius
621 547 828 645 exprimeret,
856 556 1025 629 utcunque
1047 545 1214 628 obstrepe·
1266 546 1310 611 Et
1349 553 1438 612 certe
1477 543 1630 628 quamvis
1662 545 1749 610 inter
1782 562 1898 610 saevos
1930 561 2084 610 curarum
2117 541 2239 606 fluctus

241 639 318 698 rent
337 631 441 716 impii,
465 652 500 697 se
522 642 634 696 tamen
655 632 791 697 mmime
811 631 1013 697 obmutuisse
1031 631 1111 714 quin
1128 631 1214 697 clare
1264 631 1471 709 aestuaverit‚
1499 631 1573 696 illos
1599 639 1710 695 tamen
1737 628 1801 694 lide
1829 628 1959 695 sedatos
1987 628 2087 693 luisse
2108 632 2239 691 certum

241 727 375 783 sonaret
395 719 430 782 in
452 736 509 782 ore
531 738 591 783 suo
614 717 678 782 Dei
699 737 838 781 nomen:
863 715 949 799 quod
970 716 1006 781 in
1028 723 1096 781 tam
1121 716 1215 800 gravi
1264 722 1323 796 est,
1351 724 1388 780 ut
1416 716 1486 798 ipse
1514 715 1728 798 quantumvis
1757 714 1877 781 anxius
1897 715 1932 779 ιιι
1952 714 2024 779 Deo
2045 712 2239 795 quiesceret.

243 803 390 886 duraque
412 803 591 867 tentatione
614 801 746 867 difficile
767 801 838 866 fuit.
882 802 973 866 Fieri
992 802 1090 867 etiam
1109 808 1215 885 potest
1236 794 1241 899 ξ
1264 801 1318 865 Ιιι
1345 800 1392 884 pii
1421 820 1551 885 semper
1579 800 1621 865 ab
1649 800 1740 865 omni
1769 808 1860 865 metu
1892 810 2066 883 emergunt
2086 798 2239 876 victores,

241 902 280 953 ut
301 888 389 952 hanc
410 887 606 971 precationis
627 906 740 953 vocem
763 893 904 971 opponet
925 888 1139 953 tumultuosis
1161 907 1215 952 eo·
1263 887 1357 952 sicuti
1385 886 1512 968 impios,
1543 886 1598 968 qui
1621 886 1657 949 in
1678 884 1788 950 Deum
1811 907 1876 950 non
1899 884 2104 957 recumbunt,
2138 884 2240 947 etiam

243 993 318 1038 rum
341 972 536 1038 clamoribus
553 973 607 1054 qui
627 972 678 1037 vel
696 972 864 1037 fortunam
882 982 1047 1050 accusant,
1070 972 1122 1037 vel
1142 971 1214 1038 Deo
1265 972 1300 1035 in
1333 971 1478 1036 minimis
1508 971 1663 1054 periculis
1699 969 1809 1036 obruit
1844 969 1901 1036 des
1924 969 2036 1035 eratio.
2091 967 2240 1048 Quidam

242 1057 452 1133 maledicunt,
477 1058 529 1123 vel
546 1058 617 1122 sine
635 1056 795 1121 modestia
815 1057 955 1122 eiulant:
979 1056 1119 1140 denique
1137 1078 1215 1123 con·
1265 1058 1424 1141 temporis
1445 1057 1619 1139 enallagen
1641 1075 1713 1121 esse
1734 1063 1861 1139 putant,
1884 992 2019 1138 ideoque
2036 1054 2071 1118 in
2089 1063 2240 1137 tempore

241 1143 313 1209 fuso
341 1144 467 1227 impetu
503 1141 708 1225 profundunt
741 1141 861 1208 doloris
891 1143 942 1208 sui
977 1143 1213 1225 intemperiem.
1265 1141 1374 1207 futuro
1392 1140 1544 1221 reddunt,
1561 1139 1678 1207 Iacobo
1696 1149 1730 1204 et
1747 1141 1925 1206 dormiam:
1943 1140 2019 1222 quia
2036 1158 2115 1204 mox
2132 1138 2240 1204 futuri

242 1226 309 1295 Sed
347 1228 430 1293 mihi
467 1228 528 1293 hoc
560 1228 735 1311 praecipue
768 1227 899 1294 videtur
932 1238 1062 1293 notasse
1095 1227 1214 1306 David,
1265 1227 1420 1310 temporie
1454 1228 1592 1294 verbum
1629 1226 1808 1302 subiicitur,
1849 1225 2014 1290 Dominus
2040 1225 2241 1289 sustentabit

241 1315 329 1378 inter
359 1314 501 1378 hostium
524 1311 751 1396 blasphemias,
780 1314 898 1395 quibus
922 1314 1094 1378 tentabant
1115 1313 1213 1377 fidem
1266 1333 1328 1375 me.
1372 1310 1440 1377 Sed
1469 1314 1546 1395 quia
1573 1312 1765 1376 continuum
1796 1319 1905 1377 actum
1935 1310 1988 1376 hic
2012 1308 2173 1393 designat,
2204 1310 2239 1373 in

241 1400 312 1464 eius
341 1397 487 1473 obruere,
518 1418 552 1462 se
574 1418 640 1461 non
664 1396 765 1463 fuisse
787 1399 970 1481 elinguem:
1004 1399 1085 1481 quin
1107 1398 1214 1480 potius
1266 1398 1371 1462 tribus
1393 1397 1506 1480 primis
1525 1397 1635 1463 verbis
1652 1417 1786 1462 necesse
1803 1416 1874 1461 esse
1892 1415 1958 1460 non
1975 1397 2090 1478 putavi
2109 1403 2240 1459 mutare

240 1503 354 1549 vocem
382 1482 423 1547 ad
454 1481 563 1546 Deum
593 1482 759 1558 extulisse,
796 1504 891 1565 quem
920 1483 1013 1566 impii
1043 1482 1216 1565 fingebant
1265 1490 1405 1565 tempus.
1451 1481 1627 1548 Sciendum
1666 1490 1776 1547 tamen
1811 1492 1869 1558 est,
1905 1481 2117 1547 securitatem
2152 1479 2240 1545 hanc

241 1570 282 1634 ab
305 1588 343 1633 eo
364 1587 529 1633 aversum.
572 1566 676 1632 Addit
699 1587 765 1632 non
787 1568 914 1634 frustra
935 1588 970 1632 se
991 1569 1156 1646 clamasse,
1179 1577 1215 1631 ut
1265 1586 1332 1630 non
1350 1567 1465 1631 referri
1483 1568 1613 1651 proprie
1631 1566 1672 1632 ad
1690 1579 1819 1651 tempus
1837 1567 2034 1645 afflictionis,
2052 1565 2106 1632 vel
2122 1564 2239 1631 saltem

240 1653 282 1718 ed
303 1652 441 1718 eandem
463 1653 681 1718 constantiam
700 1652 772 1736 pios
789 1673 903 1718 omnes
921 1652 1080 1718 hortetur.
1116 1651 1214 1733 Quod
1266 1673 1331 1715 non
1361 1654 1528 1735 restringi:
1559 1654 1668 1734 potius
1696 1652 1793 1727 enim,
1822 1651 2045 1726 meoiudicio,
2074 1659 2239 1732 qnantum

240 1737 321 1804 dicit
354 1759 370 1802 e
402 1743 502 1803 neme
533 1739 717 1817 cordialia,
755 1737 808 1802 vel
842 1736 944 1823 (quod
966 1736 1050 1803 idem
1075 1736 1215 1823 valet)e
1265 1735 1386 1802 bonum
1416 1759 1457 1801 ex
1486 1737 1551 1802 fide
1580 1748 1612 1802 et
1641 1738 1791 1819 precibus
1821 1736 1957 1818 adeptus
1985 1735 2094 1815 fuerit,
2127 1733 2240 1799 David

239 1827 339 1888 monte
366 1828 481 1902 cando,
511 1844 577 1887 non
605 1832 694 1888 recte
723 1823 959 1904 aquibusdam
982 1823 1023 1887 de
1044 1823 1134 1889 coelo
1156 1844 1214 1887 ex·
1264 1833 1507 1901 commemorat,
1541 1842 1660 1906 nempe
1689 1842 1802 1906 pacem
1832 1831 1866 1885 et
1892 1819 2109 1903 tranquillum
2137 1818 2241 1884 animi

239 1909 383 1992 ponitur.
426 1908 548 1971 Fateor
575 1907 705 1989 quidem
734 1908 861 1972 coelum
886 1907 963 1973 alibi
985 1928 1081 1990 saepe
1104 1908 1214 1973 vocari
1266 1907 1347 1971 bene
1365 1908 1536 1990 compositi
1558 1916 1689 1972 statum.
1735 1906 1808 1971 Hoc
1825 1905 2046 1988 metaphorice
2063 1905 2241 1989 significat,

239 2002 390 2058 sanctum
420 1991 485 2057 Dei
512 1993 688 2075 palatium:
723 1991 780 2057 sed
814 1993 868 2056 hio
896 2013 961 2057 non
992 1992 1104 2058 dubito
1133 1993 1213 2075 quin
1264 2011 1300 2055 se
1332 1993 1507 2057 ordinariis
1552 1994 1637 2057 vitae
1672 1993 1851 2057 actionibus
1883 2012 1998 2056 secure
2029 1994 2240 2074 perfunctum

240 2078 351 2143 David
381 2078 564 2160 respexerit
591 2076 633 2141 ad
662 2098 771 2143 arcam
802 2077 950 2157 foederis,
980 2099 1063 2160 qnae
1091 2078 1213 2142 iamin
1265 2097 1345 2153 esse,
1369 2077 1498 2144 dicens:
1522 2077 1602 2161 Ego,
1625 2077 1743 2159 inquit,
1762 2077 1798 2140 in
1816 2075 1901 2142 lecto
1919 2096 1986 2140 non
2004 2076 2091 2142 iacui
2101 2073 2242 2158 pervigil

240 2171 351 2228 monte
381 2161 464 2228 Sion
493 2162 600 2227 locata
626 2173 706 2227 erat.
749 2162 883 2228 Diserte
917 2183 993 2226 vero
1014 2163 1158 2228 affirmat
1179 2182 1215 2227 se
1265 2170 1298 2226 et
1326 2163 1501 2244 inquietus,
1530 2162 1586 2226 sed
1618 2162 1743 2245 placide
1772 2161 1920 2238 dormivi,
1950 2181 2052 2244 quum
2074 2160 2187 2226 anxiis
2209 2168 2242 2224 et

239 2248 331 2313 illinc
365 2247 465 2312 fuisse
501 2247 701 2323 exauditum,
736 2247 815 2313 licet
849 2251 882 2311 in
913 2247 1078 2313 desertum
1101 2249 1214 2330 fugere
1265 2246 1400 2328 trepidis
1422 2267 1486 2312 non
1506 2249 1677 2329 contingat
1694 2247 1769 2311 talis
1787 2245 1948 2312 dormitio.
1992 2245 2060 2311 Sed
2079 2256 2240 2327 notemus,

240 2344 370 2400 coactus
392 2341 487 2398 esset.
531 2332 647 2396 Refert
669 2332 758 2396 enim
778 2352 872 2398 sacra
895 2333 1030 2398 historia
1052 2333 1097 2397 II.
1121 2332 1213 2398 Sam.
1266 2332 1429 2397 Davidem
1468 2333 1530 2397 Dei
1566 2331 1737 2414 praesidio,
1775 2353 1839 2396 non
1877 2342 1987 2397 autem
2018 2352 2079 2397 suo
2107 2341 2241 2412 stupore

240 2419 290 2494 15,
317 2418 368 2495 24,
406 2437 507 2499 quum
535 2416 698 2481 Abiathar
726 2417 878 2483 sacerdos
905 2439 1016 2484 arcam
1039 2440 1058 2483 a
1080 2419 1213 2482 Levitis
1267 2416 1368 2482 luisse
1402 2418 1449 2482 ιιι
1483 2439 1644 2483 securum.
1688 2418 1774 2482 Nam
1811 2416 1928 2500 impios
1961 2436 2090 2498 quoque
2119 2415 2241 2498 sopitos

239 2504 361 2587 portari
391 2501 548 2578 iussisset,
580 2502 742 2567 Davidem
773 2503 835 2568 hoc
858 2525 923 2566 non
944 2503 1046 2568 luisse
1068 2524 1212 2584 passum.
1266 2509 1357 2566 tanet
1384 2504 1505 2567 mentis
1535 2502 1686 2581 ebrietas,
1716 2501 1793 2567 dum
1822 2523 1856 2567 se
1885 2501 2001 2566 foedus
2029 2522 2105 2567 cnm
2135 2510 2242 2565 morte

239 2591 348 2670 Atque
377 2587 413 2651 in
443 2608 481 2651 eo
510 2588 595 2651 mira
624 2586 744 2651 enituit
776 2588 882 2652 sancti
906 2588 970 2651 viri
992 2587 1083 2652 tides.
1127 2588 1214 2667 Quia
1266 2586 1429 2670 pepigisse
1458 2588 1633 2652 somniant.
1678 2589 1725 2653 Δι
1752 2608 1846 2653 ιιοιι
1868 2585 1986 2663 David,
2010 2586 2065 2670 qui
2089 2585 2156 2651 uisi
2179 2585 2241 2650 Dei

238 2673 327 2738 enim
356 2672 479 2737 sciebat
508 2670 646 2737 electum
675 2692 694 2734 a
720 2670 865 2735 Domino
894 2672 994 2738 fuisse
1016 2671 1098 2738 illud
1119 2694 1213 2738 arcae
1266 2673 1391 2737 virtute
1430 2672 1585 2738 suffultus
1619 2682 1653 2737 et
1684 2693 1745 2754 ope
1779 2681 1954 2755 protomus,
1995 2672 2140 2754 quietem
2176 2690 2241 2734 non

239 2757 450 2835 domicilium,
485 2755 597 2820 divelli
620 2777 641 2820 ι
662 2775 754 2822 sacro
775 2757 833 2821 illo
855 2756 986 2822 divinae
1009 2758 1213 2840 praesentiae
1266 2756 1389 2823 babuit.
1434 2758 1590 2822 Proximo
1624 2778 1723 2824 versu
1758 2758 2030 2823 inaestimabilem
2067 2758 2137 2822 vim
2174 2757 2242 2820 eius

238 2841 388 2926 symbolo
416 2840 543 2919 maluit,
575 2861 642 2904 non
671 2860 765 2906 secus
794 2862 832 2907 aa
859 2843 1001 2924 propriis
1023 2843 1213 2921 visceribus,
1265 2842 1405 2908 fiduciae
1426 2843 1614 2927 amplificat,
1638 2863 1737 2925 quam
1761 2864 1803 2907 ex
1826 2842 1890 2906 Dei
1912 2842 2113 2925 protectione
2133 2842 2242 2907 conoi-

239 2947 338 3009 quam
380 2936 510 3008 praeter
549 2926 688 2991 coeleste
723 2925 889 2992 decretum
923 2928 1048 3011 aliquid
1082 2949 1212 2994 novare.
1266 2928 1361 3009 piunt
1382 2927 1428 3011 pii
1448 2949 1570 2994 omnes.
1599 2928 1685 2993 Nam
1703 2937 1741 2992 ut
1758 2929 1919 2993 immensa
1936 2935 1987 2992 est
2004 2927 2069 2993 Dei
2087 2927 2242 3008 potentia,

238 3011 338 3076 Nunc
360 3011 528 3094 gloriatur,
551 3010 703 3094 quamvis
732 3012 882 3094 privatus
910 3023 997 3078 esset
1019 3034 1112 3080 arcae
1134 3035 1213 3080 cou-
1266 3016 1314 3078 ita
1334 3020 1485 3079 statuunt
1506 3014 1663 3079 invictam
1683 3014 1752 3077 fore
1772 3020 1887 3079 contra
1908 3011 2071 3095 quoslibet
2089 3012 2242 3094 impetus,

238 3106 361 3179 spectu,
391 3106 596 3161 nontamen
626 3095 690 3162 loci
717 3096 873 3163 distantia
894 3098 1017 3162 iactum
1040 3120 1111 3164 esse
1133 3100 1213 3183 quin
1267 3100 1403 3178 furores,
1425 3109 1610 3182 apparatus,
1634 3106 1668 3162 et
1685 3098 1794 3181 copias
1812 3098 1912 3162 totius
1930 3096 2053 3161 mundi.
2099 3097 2148 3161 Et
2164 3115 2243 3162 sane

238 3183 323 3247 votis
356 3183 423 3247 suis
451 3182 654 3264 propinquus
686 3192 773 3248 esset
802 3184 904 3251 Deus.
949 3182 1079 3264 Quibus
1106 3184 1214 3250 verbis
1267 3183 1330 3248 nisi
1360 3183 1448 3249 huno
1478 3184 1650 3249 tribuimus
1682 3185 1752 3249 Deo
1774 3183 1942 3256 honorem,
1975 3182 2115 3247 subinde
2138 3183 2242 3247 conoi-

238 3268 405 3351 significat
427 3286 462 3330 se
484 3267 626 3331 mediam
649 3266 737 3333 viam
760 3267 912 3346 tenuisse,
943 3290 985 3334 ne
1007 3270 1060 3335 vel
1081 3270 1214 3354 signum
1266 3268 1345 3333 dent
1367 3269 1459 3334 nobis
1482 3269 1594 3334 animi.
1639 3267 1750 3349 Quare
1768 3269 1803 3331 in
1822 3267 1974 3350 periculis
1992 3267 2160 3332 discamus
2178 3287 2241 3331 non

239 3353 368 3417 visibile
395 3359 630 3429 contemneret,
657 3352 744 3433 quod
775 3352 939 3419 Dominus
968 3375 1028 3436 pro
1058 3357 1214 3437 temporis
1267 3354 1375 3418 metiri
1404 3353 1548 3419 humano
1578 3354 1674 3418 modo
1704 3352 1768 3418 Dei
1796 3353 1971 3418 auxilium:
2001 3350 2059 3417 sed
2082 3348 2241 3434 quidquid

239 3439 384 3501 ruditate
412 3437 616 3501 instituerat:
646 3437 699 3500 vel
729 3438 956 3519 superstitiose
985 3440 1055 3505 loco
1084 3441 1213 3517 affixos,
1265 3439 1426 3504 obiectum
1449 3440 1551 3504 fuerit
1572 3439 1717 3514 terroris,
1748 3437 1821 3503 ideo
1845 3437 2020 3520 despicere,
2041 3438 2120 3519 quia
2143 3437 2241 3503 frivo-

239 3523 417 3604 qnidquam
453 3520 493 3585 de
530 3520 637 3603 gloria
673 3521 735 3586 Dei
763 3523 895 3587 carnale
924 3526 1119 3607 conciperet.
1162 3526 1216 3589 Ita
1267 3525 1335 3588 lum
1364 3533 1415 3589 est
1451 3524 1609 3607 quidquid
1639 3524 1798 3589 adversus
1830 3522 1940 3587 Deum
1971 3522 2156 3587 moliuntur
2185 3521 2242 3586 hc·

239 3628 306 3671 non
336 3615 459 3671 temere
493 3625 589 3670 voees
619 3607 654 3668 in
685 3627 794 3671 aerem
826 3607 984 3674 evanidas
1012 3611 1142 3692 sparsit,
1178 3618 1216 3674 nt
1267 3611 1380 3674 mines.

239 3693 345 3757 solent
367 3690 538 3770 increduli,
571 3691 627 3773 qui
673 3702 826 3757 recantur
847 3694 948 3757 etiam
969 3694 1041 3778 ipsi,
1071 3693 1129 3759 sed
1151 3715 1216 3777 quc

240 3777 382 3844 debeant
409 3796 507 3843 voces
533 3797 610 3842 suas
639 3712 790 3860 dirigere,
823 3778 941 3844 incerti
970 3788 1059 3845 sunt.
1105 3779 1216 3846 David
1352 3780 1384 3844 8.
1408 3777 1509 3862 Surge
1530 3778 1674 3856 Domine,
1698 3798 1789 3842 aava
1811 3797 1860 3842 me
1880 3775 1970 3842 Deus
1990 3779 2053 3843 mi:
2075 3776 2156 3858 qaia
2170 3797 2244 3857 per·

241 3874 351 3928 autem
389 3872 480 3928 recta
512 3881 547 3927 se
575 3860 616 3926 ad
646 3860 891 3928 tabernaculum
921 3865 1092 3941 convertit,
1127 3863 1215 3929 unde
1267 3864 1394 3930 masidi
1423 3884 1527 3929 omnes
1555 3863 1704 3929 iuimicus
1724 3883 1807 3928 meos
1828 3864 1864 3928 in
1884 3862 2026 3946 mouille,
2056 3863 2164 3928 deses
2184 3862 2244 3927 im·

243 3950 437 4029 promiserat
475 3947 567 4013 Deus
604 3965 640 4011 se
680 3950 857 4030 propitium
895 3950 963 4014 iore
999 3950 1104 4016 servis
1137 3951 1214 4015 suis.
1262 3950 1393 4032 piorum
1414 3949 1604 4032 confregisti:
1631 3949 1661 4013 9.
1685 3947 1823 4013 Domino
1844 3953 1889 4013 est
1908 3948 2006 4027 culte,
2027 3968 2124 4030 super
2140 3967 2244 4029 popa·

243 4033 332 4098 Hinc
348 4031 463 4097 orandi
480 4030 609 4109 fiducia,
627 4032 681 4098 oui
700 4053 767 4097 non
786 4033 887 4098 defuit
904 4054 1081 4101 successus.
1108 4034 1217 4100 Hodie
1266 4035 1334 4099 lum
1354 4040 1443 4099 taam
1463 4035 1630 4100 besediotto
1651 4038 1715 4098 tuo.
1761 4030 1865 4099 Selob.

243 4138 345 4199 quum
379 4118 415 4182 in
448 4116 582 4182 Christo
612 4119 705 4183 nobis
735 4119 781 4182 sit
808 4119 993 4184 exhibitum
1026 4118 1110 4202 quod
1138 4120 1216 4184 clim

244 4203 484 4268 adumbrabant
515 4202 596 4284 legis
618 4203 752 4287 figurae,
786 4205 890 4268 multo
912 4205 1102 4270 familiarior
1125 4204 1217 4271 nobis
1353 4205 1384 4269 8.
1417 4202 1532 4289 (Sarga
1565 4202 1725 4289 Domine).
1780 4202 1868 4284 Quis
1904 4203 2063 4286 proximis
2093 4202 2246 4269 versibus

243 4287 284 4351 ad
307 4286 418 4352 Deum
440 4307 589 4352 secessus
611 4300 710 4369 patet,
731 4288 828 4354 modo
851 4311 893 4353 ne
914 4309 934 4353 a
953 4291 1006 4355 via
1023 4293 1162 4356 scientes
1180 4311 1217 4355 ae
1268 4291 1427 4374 gloriatus
1457 4297 1508 4355 est
1534 4288 1646 4353 David
1676 4287 1715 4353 de
1745 4299 1858 4370 pacato
1880 4296 1977 4366 statu,
2007 4286 2112 4352 videri
2135 4297 2246 4370 posset

244 4373 393 4438 volentes
414 4392 569 4438 erremus.
1270 4397 1356 4440 nunc
1385 4395 1405 4439 a
1433 4375 1576 4440 Domino
1606 4382 1716 4457 petere
1739 4383 1776 4437 ut
1799 4384 1868 4437 tota
1890 4375 1960 4438 vita
1980 4372 2157 4439 incolumis
2179 4392 2246 4437 rna·

1270 4473 1361 4526 neat:
1384 4479 1422 4524 ac
1434 4460 1463 4525 si
1484 4459 1632 4536 dixisset,
1655 4459 1797 4524 Domine
1808 4458 1939 4541 quando
1962 4457 2019 4523 aba
2038 4467 2072 4523 te
2089 4459 2246 4540 prostrati

331 4543 361 4606 6.
385 4541 455 4626 Epo
481 4543 612 4607 decubui
638 4548 667 4607 et
692 4549 857 4626 soporatae
885 4562 971 4608 sum:
1005 4550 1032 4609 et
1060 4546 1216 4628 evigilavi,
1269 4553 1347 4612 sunt
1369 4546 1480 4611 hostes
1503 4546 1577 4621 mei,
1600 4544 1685 4610 hanc
1708 4544 1848 4627 gratiam
1871 4543 1906 4607 in
1928 4544 2029 4607 finem
2047 4564 2152 4626 usque
2169 4563 2246 4625 pro·

244 4630 321 4711 quia
338 4627 499 4692 Dominus
515 4633 740 4694 attentatme.
789 4629 819 4693 l.
845 4629 918 4695 Non
935 4629 1044 4694 timebo
1061 4651 1082 4695 a
1100 4632 1218 4715 myrio-
1269 4652 1414 4713 sequere,
1444 4639 1477 4694 et
1503 4631 1668 4695 continua.
1713 4628 1780 4694 Sed
1801 4630 1879 4711 quia
1901 4649 2021 4693 novum
2045 4649 2111 4693 non
2134 4638 2247 4695 estut

245 4715 338 4779 dibus
364 4713 480 4796 populi
512 4714 568 4795 qui
603 4715 741 4797 cedmae
773 4715 941 4781 αιιυινιιιιι
972 4735 1019 4780 me
1044 4722 1219 4794 pomerani
1269 4716 1379 4781 David
1402 4718 1437 4779 ιιι
1460 4714 1603 4779 Psalmis
1627 4717 1821 4795 permisceat
1839 4714 1949 4779 varios
1967 4714 2115 4792 affectus,
2137 4715 2245 4797 magis

243 4805 357 4865 taetro.
1270 4801 1437 4882 probabile
1456 4801 1595 4874 videtur,
1614 4811 1785 4881 postquam
1802 4799 1939 4864 fiduciae
1951 4819 2030 4863 suae
2043 4799 2245 4865 mentionem

1270 4887 1418 4965 inscruit,
1447 4885 1487 4950 ad
1517 4885 1645 4949 easdem
1669 4886 1790 4948 iterum
1814 4904 1925 4965 preces
1947 4883 2062 4949 redire.
2108 4882 2245 4951 Servari

331 4967 368 5034 si
402 4970 581 5034 retinemus
612 4969 826 5050 praeteritum
866 4969 901 5032 in
937 4970 1047 5035 verbis
1080 4980 1218 5053 tempus,
1269 4973 1372 5054 igitur
1390 4973 1480 5055 petit,
1504 4971 1579 5053 quia
1601 4981 1672 5034 erat
1691 4971 1725 5034 in
1744 4969 1910 5052 praesenti
1928 4969 2125 5034 discrimine.
2148 4967 2246 5050 Quod

246 5056 362 5118 miram
403 5065 435 5119 et
469 5075 570 5138 prope
603 5053 825 5120 incredibilem
865 5053 965 5118 animi
998 5057 1218 5122 constantiam
1269 5057 1418 5138 sequitur
1458 5056 1498 5119 de
1539 5055 1687 5120 hostibus
1720 5055 1894 5137 percussis,
1932 5053 2080 5118 bifariam
2120 5054 2244 5137 exponi

244 5137 353 5203 David
387 5141 562 5221 praedicat,
599 5139 686 5222 quod
719 5141 806 5204 inter
839 5138 961 5203 multas
993 5153 1115 5208 mortes
1149 5152 1218 5206 tam
1270 5150 1393 5224 potest:
1416 5141 1466 5206 vel
1491 5152 1527 5206 ut
1549 5140 1712 5224 precando
1734 5141 1768 5204 in
1792 5139 1983 5205 memoriam
2001 5147 2134 5204 revocet
2150 5160 2245 5221 supe·

241 5245 377 5293 securus
389 5224 567 5303 dormierit,
586 5225 660 5292 sesi
675 5236 769 5290 extra
785 5244 883 5289 omne
900 5224 1075 5291 discrimen
1091 5226 1216 5295 fuisset.
1270 5229 1371 5292 riores
1403 5227 1564 5301 victorias,
1598 5226 1647 5289 vel
1679 5237 1716 5289 ut
1745 5225 1810 5289 Dei
1833 5224 1993 5290 auxilium
2016 5234 2176 5307 expertus
2213 5236 2244 5289 et
