4658 5856
170 333 231 397 713
958 337 1176 405 PSALMUS
1197 337 1380 403 LXXVII.
2103 341 2166 405 714

168 535 358 607 promptum
381 538 439 601 est,
462 546 563 607 quum
588 529 770 608 superiores
788 528 853 592 Dei
876 529 998 611 gratias
1015 529 1052 592 in
1070 528 1140 590 ani·
1279 527 1309 592 8.
1333 525 1402 611 (An
1420 526 1455 590 in
1475 524 1623 609 saeculo.)
1666 525 1758 592 Haec
1781 526 1844 590 fuit
1862 527 1949 590 baud
1973 528 2068 593 dubie
2091 550 2167 611 pars

169 631 259 673 mum
293 609 462 692 colligeret
492 613 668 695 propheta,
704 634 722 677 a
756 615 886 697 proprio
919 615 1141 696 experimento
1193 613 1440 694 inquisitionum
1466 633 1546 694 quas
1569 611 1712 677 revolvit
1731 614 1764 676 iu
1788 632 1846 676 suo
1869 613 1997 694 spiritu.
2035 613 2167 679 Interea

168 697 322 777 coepisse.
357 696 469 778 Ncque
491 700 577 762 enim
601 699 712 763 dubito
735 700 813 781 quin
833 722 889 781 per
906 719 1032 765 carmen
1049 719 1142 764 suum
1193 700 1357 783 significat
1386 697 1544 762 diuturno
1575 699 1734 761 mulorum
1757 709 1865 762 tractu
1888 720 1923 762 se
1945 721 2045 782 prope
2068 702 2165 767 luisse

169 781 320 864 designet
356 784 534 865 gratiarnm
573 785 718 850 actiones
752 785 871 867 quibus
904 807 939 850 se
976 787 1011 849 in
1045 786 1142 850 rebus
1193 786 1385 849 conlectum.
1435 783 1549 864 Neque
1579 784 1665 847 euim
1698 785 1731 846 in
1760 783 1845 848 hanc
1877 805 1986 849 vocem
2017 788 2165 870 prorupit

169 868 264 931 laetis
294 879 327 930 et
351 869 515 951 prosperis
537 885 738 936 exercuerat.
783 871 858 935 Etsi
882 884 990 935 sutem
1015 872 1141 935 nullum
1194 871 1257 934 uisi
1275 883 1347 951 post
1366 869 1496 951 longam
1516 869 1731 945 tolerantiam,
1751 880 1787 933 ut
1805 871 1862 933 vix
1880 891 2012 952 sperare
2030 872 2165 937 auderet

169 967 218 1017 est
248 954 403 1018 sanandis
433 955 528 1020 malis
551 958 673 1020 nostris
694 959 803 1038 aptius
826 957 1014 1030 remedium,
1046 956 1141 1021 sicuti
1193 954 1300 1019 Deum
1341 954 1515 1036 aliquando
1557 956 1624 1018 fore
1656 954 1846 1037 propitium.
1903 956 2022 1020 Merito
2056 971 2164 1022 autem

170 1060 275 1119 nuper
306 1041 390 1115 dixi,
424 1040 528 1105 Satan
557 1056 665 1106 tumen
697 1056 805 1108 astute
834 1043 927 1107 nobis
955 1063 1050 1125 saepe
1077 1041 1141 1105 Dei
1192 1061 1301 1105 secum
1333 1042 1492 1123 propheta
1526 1040 1708 1122 disputavit
1741 1061 1850 1104 ennon
1886 1041 2062 1107 benevolus
2095 1064 2164 1108 esse

169 1125 326 1189 beneficia
349 1128 505 1208 suggerit,
530 1141 567 1191 ut
588 1149 705 1192 seusus
726 1128 796 1210 ipse
820 1129 1011 1210 privationis
1034 1128 1141 1193 acrius
1192 1141 1343 1210 pergeret
1364 1126 1472 1191 Deus:
1502 1129 1576 1209 quia
1598 1124 1658 1190 hac
1682 1126 1754 1209 lege
1777 1148 1837 1191 nos
1857 1148 1915 1190 sua
1938 1128 2166 1194 benevolentia

169 1212 296 1275 animos
314 1221 441 1276 nostros
460 1213 621 1277 vulneret.
655 1213 733 1278 Ideo
752 1214 930 1279 verisimile
949 1228 998 1278 est
1017 1213 1141 1278 acerbis
1192 1212 1419 1294 complectitur
1448 1213 1553 1288 Deus,
1588 1224 1624 1275 ut
1654 1234 1725 1276 eam
1757 1232 1861 1294 usque
1889 1213 1922 1276 in
1958 1217 2055 1278 finem
2089 1233 2164 1278 con·

170 1298 401 1378 punctionibus
440 1297 640 1362 lancinatum
683 1301 782 1364 luisse
816 1301 1021 1381 prophetam,
1062 1299 1140 1363 dum
1193 1297 1308 1363 tinuet.
1352 1298 1456 1362 Porro
1486 1319 1551 1362 non
1582 1298 1726 1379 praecise
1749 1298 1944 1380 expostulat,
1974 1299 2031 1363 sed
2055 1302 2165 1382 potins

169 1385 311 1447 anteacti
340 1384 496 1464 temporis
527 1385 684 1449 laetitiam
713 1386 901 1451 conferebat
929 1386 1024 1451 malis
1048 1407 1141 1467 prae·
1192 1404 1300 1449 secum
1332 1383 1515 1465 disceptans
1544 1383 1757 1447 ratiocinatur
1786 1406 1806 1446 a
1835 1395 1952 1447 natura
1980 1383 2062 1462 Dei,
2096 1388 2164 1451 lieri

170 1467 327 1534 sentibus.
361 1468 470 1533 Noctis
488 1480 597 1535 autem
616 1469 737 1535 diserte
756 1471 912 1545 meminit,
931 1492 1012 1553 quae
1031 1471 1141 1555 plures
1193 1490 1258 1533 nou
1278 1490 1371 1553 posse
1390 1470 1468 1550 quin
1485 1481 1699 1551 prosequatur
1711 1469 1891 1551 gratuitum
1908 1489 2004 1533 suum
2019 1472 2163 1536 l'avcrem

170 1575 266 1618 curas
287 1567 321 1617 et
342 1555 555 1636 cogitationes
586 1566 731 1640 generat,
760 1556 839 1620 dum
862 1558 1000 1621 solitarii
1018 1578 1141 1636 sumus,
1192 1575 1271 1637 erga
1300 1556 1378 1638 pios,
1410 1555 1526 1636 quibus
1557 1554 1657 1619 semel
1688 1569 1813 1636 patrem
1836 1576 1870 1618 se
1892 1554 2048 1621 exhibuit.
2092 1556 2163 1620 Iam

170 1640 385 1722 subductique
418 1640 459 1703 ab
490 1641 660 1706 hominum
693 1653 877 1724 conspectu.
927 1642 1018 1707 Idem
1054 1644 1142 1707 valet
1192 1642 1286 1705 sicuti
1309 1663 1349 1705 ex
1373 1641 1515 1722 gratuito
1537 1640 1601 1705 Dei
1624 1641 1825 1722 beneplacito
1852 1639 1988 1704 deduxit
2010 1643 2100 1723 quasi
2123 1664 2163 1705 ex

169 1725 255 1808 quod
285 1747 361 1789 mox
389 1726 521 1790 additur
547 1728 692 1791 meditari
724 1747 795 1792 cum
823 1729 929 1793 corde:
962 1729 1023 1793 hoc
1052 1729 1140 1792 enirn
1192 1728 1281 1790 fonte
1303 1748 1514 1808 quaecunque
1536 1748 1578 1790 ex
1597 1728 1666 1791 eius
1689 1747 1788 1790 manu
1808 1726 1964 1791 beneficia
1982 1729 2164 1810 percipiunt

170 1811 266 1875 affert
288 1811 438 1890 solitudo,
469 1825 505 1875 ut
530 1833 565 1876 se
588 1813 743 1896 colligant
766 1814 922 1890 homines,
954 1817 1083 1897 penitus
1105 1835 1140 1877 se
1192 1811 1314 1886 fideles.
1341 1812 1387 1876 ita
1407 1812 1504 1894 paulo
1526 1823 1599 1897 post
1620 1813 1770 1894 adiungit
1792 1812 1982 1891 bonitatem,
2006 1833 2044 1877 ac
2065 1814 2092 1878 si
2115 1815 2162 1875 di·

170 1897 259 1979 ipsos
283 1898 460 1974 excutiant,
487 1920 525 1962 ac
547 1899 631 1962 serio
653 1899 786 1963 remotis
808 1900 938 1964 arbitris
960 1921 1069 1963 seorim
1093 1899 1140 1962 lo·
1193 1909 1287 1975 caret,
1319 1896 1488 1977 Quomodo
1516 1919 1647 1965 cursum
1677 1898 1885 1979 abrumperet
1916 1899 2005 1963 Deus
2035 1900 2161 1980 paterni

171 1998 325 2066 quantur.
370 1985 542 2048 Posterius
569 1985 753 2047 membrum
784 2005 897 2049 versus
926 1985 1057 2066 septimi
1081 1983 1140 2048 du·
1193 1984 1323 2062 favoris,
1347 1984 1401 2066 qui
1425 1999 1574 2048 naturam
1598 2005 1718 2048 exuere
1741 2004 1805 2048 nou
1831 1987 1958 2065 potest?
2001 1984 2161 2048 Videmus

170 2069 287 2151 plicem
310 2090 442 2133 sensum
460 2068 613 2134 admittit.
647 2067 734 2150 Quia
753 2070 888 2134 verbum
907 2084 997 2151 prm
1016 2091 1140 2135 mascu·
1193 2089 1270 2151 ergo
1293 2081 1330 2133 ut
1351 2067 1503 2134 bonitatis
1527 2070 1588 2133 Dei
1609 2070 1747 2143 obiectu,
1781 2071 1999 2133 tentationum
2022 2068 2161 2135 insultus

172 2155 277 2219 linum
301 2168 351 2218 est
373 2154 458 2237 apud
481 2154 660 2232 Hebraeos,
683 2175 802 2218 nomen
825 2176 902 2220 vero
920 2170 989 2236 Γηη
1012 2157 1139 2220 lemini-
1192 2153 1339 2236 repellat.
1377 2155 1465 2220 Dum
1490 2154 1618 2237 quaerit
1640 2176 1682 2220 an
1704 2161 1915 2236 umumptum
1936 2157 1978 2219 sit
1999 2156 2161 2240 eloquium,

171 2262 250 2304 nrrm
273 2239 454 2322 aliquando,
482 2239 612 2321 quidam
635 2240 834 2305 subaudiunt
856 2240 920 2304 Dei
944 2264 1072 2318 nomen,
1103 2262 1140 2306 nc
1192 2241 1244 2303 vel
1264 2240 1441 2318 oraculum,
1460 2241 1623 2325 significat
1640 2241 1729 2305 omni
1744 2240 2008 2305 scconsclatione
2021 2241 2161 2318 destitui,

169 2327 197 2390 si
227 2325 359 2402 diceret,
392 2325 534 2390 Domino
564 2326 646 2390 nihil
676 2339 726 2391 est
752 2338 819 2389 tam
850 2326 1075 2391 absconditum
1105 2328 1139 2390 iu
1192 2327 1267 2406 quia
1295 2326 1335 2389 ad
1358 2325 1455 2391 iidem
1478 2326 1673 2391 fulciendam
1698 2327 1789 2391 nulla
1811 2337 1959 2391 occurrat
1980 2328 2160 2411 promissio.

168 2411 265 2476 eorde
287 2432 370 2494 meo,
393 2433 455 2492 quc
478 2434 543 2476 nou
566 2414 798 2494 penetraveris.
843 2413 887 2476 Et
909 2433 987 2477 sane
1011 2413 1139 2494 proprie
1192 2410 1283 2475 Haec
1321 2423 1431 2476 autem
1461 2426 1510 2477 est
1538 2411 1676 2495 abyssus
1705 2412 1952 2494 desperationis,
1987 2412 2040 2476 ubi
2070 2410 2161 2477 Deus

168 2497 291 2561 dicitur
314 2498 403 2562 Deus
433 2498 571 2562 serutari
602 2498 743 2562 hominis
772 2498 933 2579 spiritum,
962 2519 1057 2580 quem
1081 2519 1138 2561 ex·
1192 2498 1419 2577 promissiones
1452 2519 1538 2577 suas,
1568 2497 1685 2580 quibus
1708 2498 1834 2562 inclusa
1857 2510 1906 2561 est
1929 2497 2017 2561 salus
2041 2510 2161 2574 nostra,

167 2584 347 2665 pergeiacit
376 2606 395 2646 a
425 2596 564 2664 torpore,
592 2584 737 2663 vivisque
760 2586 933 2648 tormentis
956 2585 1136 2648 examinat:
1191 2582 1337 2647 emedio
1361 2584 1454 2649 tollit.
1500 2582 1536 2651 Si
1558 2583 1630 2665 quis
1658 2583 1799 2664 obiiciat,
1834 2604 1896 2646 non
1926 2585 2069 2664 potuisse
2097 2582 2161 2648 Dei

167 2670 244 2750 quia
274 2679 352 2732 tunc
382 2672 593 2734 excutiuntur
624 2668 765 2734 latebrae
794 2689 922 2749 omnes,
953 2684 986 2733 et
1009 2669 1138 2734 obscuri
1190 2667 1317 2749 eloquio
1340 2668 1481 2746 destitui,
1504 2670 1556 2734 cui
1579 2668 1633 2732 lex
1651 2680 1721 2733 erat
1740 2689 1816 2751 prae
1835 2668 2004 2733 manibus:
2027 2690 2160 2751 respou-

168 2774 324 2827 recessus.
355 2765 389 2818 et
414 2756 448 2817 in
476 2753 583 2820 lucem
613 2754 850 2836 protrahuntur
879 2755 1015 2820 affectus
1045 2755 1137 2837 prius
1190 2753 1261 2837 deo,
1283 2774 1341 2836 pro
1364 2755 1520 2836 temporis
1542 2755 1732 2819 infirmitate
1754 2753 1911 2837 speciales
1930 2753 2161 2835 promissiones

167 2841 334 2922 incogniti.
369 2839 552 2917 Caeterum,
573 2842 649 2919 quia
666 2842 748 2904 ratio
766 2841 997 2924 grammaticae
1016 2841 1139 2919 patitur
1191 2850 1267 2904 tunc
1296 2839 1396 2905 luisse
1427 2840 1637 2906 necessarias.
1691 2838 1768 2904 Ideo
1798 2838 1930 2904 Psalmo
1954 2838 2004 2914 74,
2034 2839 2054 2904 9
2082 2860 2160 2904 con·

167 2923 358 3008 ambiguum
381 2947 450 2990 esse
475 2947 577 3007 genus
596 2926 747 3002 nominis,
772 2926 903 2990 liberius
922 2929 977 2990 alii
997 2938 1136 3003 vertunt,
1190 2926 1295 3006 questi
1325 2938 1403 2990 suut
1432 2926 1560 3003 fideles,
1589 2947 1624 2989 se
1653 2925 1770 2988 usitata
1797 2926 1892 3007 signa
1921 2925 2061 3006 amplius
2093 2948 2159 2989 non

166 3009 387 3092 Investigavit
416 3013 554 3093 spiritus
585 3032 686 3075 meus.
731 3011 839 3091 Quam
866 3012 1072 3086 seutentiam,
1102 3023 1138 3075 ut
1190 3009 1308 3089 videre,
1331 3030 1439 3091 neque
1458 3032 1527 3075 csse
1550 3009 1691 3093 amplius
1713 3010 1903 3092 prophetam
1925 3010 2159 3092 quiinterccs

167 3098 272 3180 magis
302 3110 432 3179 recepta
464 3110 515 3160 est
543 3108 576 3161 et
603 3097 700 3180 longe
729 3099 848 3160 melius
877 3098 964 3173 fluit,
998 3097 1138 3163 libenter
1189 3108 1372 3177 cognoscat.
1427 3093 1463 3160 Si
1493 3096 1603 3159 David
1636 3105 1730 3159 autor
1763 3097 1859 3159 luerit
1891 3094 1989 3159 huius
2024 3095 2158 3174 Psalmi,

167 3183 355 3264 amplector.
407 3182 446 3246 In
477 3183 533 3246 illa
561 3183 661 3265 igitur
691 3181 923 3262 disceptatione
949 3184 1042 3248 cuius
1069 3205 1137 3247 me·
1189 3182 1309 3246 scimus
1337 3181 1470 3245 solitum
1500 3181 1601 3245 fuisse
1630 3183 1663 3245 in
1692 3181 1789 3245 rebus
1812 3179 1918 3246 dubiis
1939 3192 1972 3244 et
1994 3182 2159 3263 perplexis

167 3268 273 3344 minit,
303 3278 466 3333 scrutatus
493 3279 544 3333 est
572 3288 728 3350 quasnam
756 3268 795 3332 ob
824 3288 938 3331 causas
969 3281 1136 3350 tantopere
1190 3266 1297 3330 Deum
1326 3266 1511 3347 consulere,
1542 3267 1682 3350 dataque
1712 3267 1742 3330 ei
1771 3266 1873 3330 fuisse
1903 3286 2068 3348 responsa.
2120 3264 2158 3333 Si

167 3354 385 3435 affligeretur:
413 3354 529 3417 deinde
552 3354 625 3434 quis
648 3352 778 3417 tandem
802 3355 884 3417 foret
905 3354 1013 3418 exitus
1035 3354 1135 3418 malc-
1188 3351 1268 3418 haec
1297 3351 1331 3416 in
1354 3351 1450 3417 malis
1473 3352 1580 3417 ablata
1603 3351 1650 3417 illi
1672 3352 1737 3416 fuit
1757 3351 1889 3430 levatio,
1918 3351 1989 3416 iure
2011 3351 2158 3435 deplorat

167 3458 250 3502 rum.
296 3440 340 3503 Et
369 3452 457 3504 certe
481 3438 570 3503 utilis
592 3450 642 3502 est
664 3440 742 3503 haec
764 3438 942 3514 meditatio,
972 3438 1133 3520 adquam
1186 3437 1248 3501 sibi
1278 3459 1341 3502 non
1370 3459 1541 3503 occurrere
1569 3459 1753 3504 sermonum
1776 3459 1839 3520 quo
1861 3436 1959 3502 fidem
1982 3458 2073 3502 suam
2103 3461 2157 3504 su·

167 3544 224 3587 nos
242 3525 341 3588 etiam
357 3524 448 3589 Deus
466 3527 562 3589 rebus
580 3524 726 3588 adversis
743 3524 910 3589 sollicitat:
930 3525 1133 3606 quiaeorum
1187 3522 1314 3587 stineat.
1368 3523 1428 3589 Sin
1456 3546 1533 3589 vcro
1563 3525 1646 3588 elius
1674 3525 1737 3589 fuit
1764 3536 1867 3601 autor,
1897 3524 2047 3606 congruit
2075 3523 2157 3591 haec

166 3608 311 3673 socordia
344 3611 399 3693 qui
434 3610 495 3675 snb
523 3609 585 3673 Dei
619 3609 757 3692 flagellis
786 3609 1019 3692 obdurescunt,
1054 3611 1134 3674 nihil
1187 3611 1390 3691 qucrimonia
1419 3611 1525 3675 medic
1549 3610 1686 3692 tempori
1710 3613 1792 3674 iuter
1815 3608 1954 3673 reditum
1978 3610 2018 3673 ab
2040 3610 2154 3675 exsilio

167 3695 272 3778 magis
300 3716 490 3777 perversum
512 3709 571 3760 est.
618 3692 729 3760 Solum
753 3696 914 3761 tenendus
936 3708 985 3760 cst
1008 3696 1134 3777 modus,
1186 3708 1218 3758 et
1241 3694 1363 3761 Christi
1396 3696 1590 3761 adveutum:
1619 3697 1694 3777 quia
1720 3707 1797 3761 tunc
1819 3694 1976 3776 abruptus
1999 3694 2153 3776 quodam·

166 3801 208 3844 ne
230 3778 321 3844 dolor
344 3802 403 3845 nos
425 3781 609 3845 absorbeat:
633 3781 750 3845 deinde
768 3781 795 3846 si
810 3783 920 3845 omnia
935 3780 999 3846 Dei
1014 3782 1133 3847 iudicia
1186 3780 1281 3845 modo
1311 3781 1500 3863 prophetiae
1528 3802 1645 3846 cursus
1673 3780 1752 3846 fuit:
1782 3793 1814 3845 et
1844 3782 1953 3845 nullus
1975 3780 2036 3843 fuit
2057 3800 2154 3862 pecu·

166 3867 387 3949 pervestigare
413 3879 587 3948 tentemus,
616 3867 750 3948 abyssus
772 3888 829 3932 nos
851 3870 978 3931 obruat.
1024 3865 1133 3948 Signi·
1186 3865 1258 3929 liari
1288 3866 1422 3947 spiritus
1444 3865 1528 3930 dono
1550 3867 1737 3944 instructus,
1769 3868 1823 3946 qui
1846 3865 2003 3946 collapsos
2025 3869 2153 3930 animos

165 3952 241 4014 ficat
267 3966 376 4015 autem
406 3952 582 4035 propheta,
612 3973 711 4035 quum
742 3951 917 4017 hincinde
939 3955 1048 4017 omnia
1069 3952 1132 4018 col·
1185 3951 1334 4034 erigeret,
1358 3951 1411 4015 vel
1434 3952 1571 4017 fulciret.
1614 3952 1708 4016 Adde
1730 3951 1814 4033 quod
1836 3952 2013 4028 interdum,
2039 3971 2153 4033 quam-

165 4035 300 4118 ligeret,
350 4038 431 4101 nibil
475 4038 582 4103 solatii
626 4038 815 4119 apparuisse
859 4037 899 4102 ad
940 4038 1132 4120 placandum
1186 4036 1235 4100 vis
1265 4036 1419 4101 offeratur
1448 4038 1540 4103 nobis
1562 4037 1626 4103 Dei
1653 4058 1768 4113 sermo,
1798 4059 1861 4102 non
1891 4048 1999 4100 tamen
2029 4035 2070 4101 ad
2094 4058 2153 4102 uos

165 4120 318 4186 dolorem.
1186 4143 1287 4203 usquc
1321 4123 1484 4204 pervenit:
1521 4124 1599 4206 quia
1630 4123 1790 4206 angustiis
1822 4123 1989 4189 constricti
2026 4123 2152 4188 nullam

1185 4208 1411 4272 consolationis
1434 4217 1559 4291 guttam
1583 4208 1794 4273 admittimus.
1838 4208 1903 4273 Sed
1926 4231 1985 4291 ego
2009 4209 2151 4290 priorem

250 4311 279 4376 8,
301 4310 355 4374 A„
372 4311 408 4375 4„
418 4311 545 4376 saecula
562 4311 683 4391 repellet
694 4310 915 4391 ueniamus)
939 4332 991 4375 ηερ
1009 4313 1134 4376 anicet
1184 4315 1315 4358 sensum
1338 4294 1523 4376 amplector,
1546 4295 1629 4377 qnod
1652 4294 1775 4359 scilieet
1796 4293 1988 4375 specialibus
2011 4296 2152 4376 propbe-

163 4397 248 4461 παφα
281 4403 314 4459 ut
345 4397 387 4460 δῖε
415 4396 596 4460 benevolus?
647 4396 676 4462 9,
707 4395 762 4460 A„
793 4399 885 4462 dmg
913 4399 947 4462 ιη
975 4402 1133 4461 aeternum
1186 4379 1238 4443 tiis
1267 4380 1407 4444 caruerit
1434 4379 1577 4453 ecclesio,
1606 4401 1688 4461 quae
1718 4378 1825 4443 adhuc
1846 4399 2013 4461 suspensa,
2041 4377 2152 4443 asolo

163 4482 321 4548 clementia
350 4483 443 4547 epus?
476 4486 689 4561 com-„mptum
721 4489 765 4546 επ
793 4484 953 4549 oraculum
980 4484 1016 4547 i„
1042 4502 1132 4566 ΜΘ.
1185 4463 1373 4529 umbrarum
1397 4467 1527 4538 intuitu,
1551 4485 1631 4546 opus
1647 4463 1785 4529 babebat
1800 4464 1994 4547 quotidianis
2011 4463 2150 4530 fulturis.

162 4569 314 4633 rationem
336 4573 364 4631 et
379 4567 627 4650 mmmmm?
663 4569 712 4632 10,
731 4566 785 4632 A„
803 4569 914 4634 oblitus
931 4574 974 4634 est
990 4569 1134 4634 miserm
1185 4549 1379 4633 Quanquam
1403 4552 1479 4615 hinc
1501 4549 1590 4614 utilis
1612 4550 1790 4615 admonitio
1812 4551 1983 4632 colligitur,
2007 4571 2070 4613 non
2094 4548 2150 4613 de·

162 4653 277 4719 Deus?
300 4673 342 4717 a„
365 4654 479 4718 dmin
500 4657 534 4717 m
555 4655 607 4717 ,fra
627 4654 859 4719 misericordias
880 4656 981 4719 guas?
1028 4656 1131 4721 selah,
1186 4638 1259 4701 bere
1283 4657 1341 4700 nos
1362 4636 1449 4700 ultra
1475 4636 1607 4700 modum
1640 4635 1779 4710 turbari,
1809 4638 1836 4701 si
1860 4635 1989 4718 quaudo
2012 4635 2149 4700 verbum

164 4742 215 4805 11·
244 4738 288 4803 Et
316 4739 401 4815 dimi,
440 4737 582 4804 occidere
607 4740 770 4826 meum‚*⁴*)
802 4743 957 4823 annitar)
989 4742 1134 4807 deaceae
1183 4743 1280 4786 suum
1313 4721 1405 4786 Deus
1443 4723 1535 4786 nobis
1568 4720 1744 4797 subducat,
1785 4723 1877 4785 sicuti
1914 4733 2045 4785 exercet
2074 4741 2150 4785 suos

163 4826 303 4891 Excepi,
1184 4809 1274 4871 miris
1307 4807 1425 4885 modis,
1463 4820 1499 4871 ut
1527 4808 1749 4890 imaginentur
1779 4807 1841 4870 alio
1868 4807 2016 4870 converti
2047 4816 2148 4871 totam

1182 4895 1395 4975 scripturam:
1436 4903 1468 4957 et
1500 4894 1649 4975 quamvis
1681 4891 1787 4956 Deum
1819 4889 1930 4956 audire
1963 4892 2148 4976 loquentem

1182 4981 1324 5061 cupiant,
1355 4978 1471 5043 adduci
1500 4993 1609 5045 tamen
1634 4988 1799 5059 nequeunt
1820 4989 1856 5042 ut
1877 4979 1911 5042 iu
1934 4999 2029 5043 usum
2051 4999 2148 5043 suum

250 5046 708 5116 *)1.eSeigueurdetonuere-til
731 5049 748 5101 ὅ
770 5050 884 5103 inmeiat
910 5065 945 5103 θ’*
961 5064 1070 5117 ”W‘'
1096 5067 1130 5103 ⁰⁰
1181 5066 1345 5146 applicent
1367 5065 1436 5128 eius
1459 5066 1566 5130 verba.
1611 5065 1672 5128 Est
1694 5062 1834 5145 quidem,
1863 5074 1900 5128 ut
1922 5063 1999 5142 dixi,
2030 5064 2090 5130 hcc
2113 5064 2146 5128 in

162 5118 550 5251 ⁸⁹¹'⁸'i¹·i⁸iil¹n⁸⁰‹iinnemen‚
569 5200 604 5237 Μ
619 5201 726 5254 margo:
745 5202 779 5239 ou
798 5203 842 5238 mu
859 5187 981 5239 metante.
1183 5152 1296 5232 primis
1319 5151 1411 5214 triste
1433 5163 1465 5214 et
1483 5152 1645 5226 acerbum,
1670 5169 1736 5213 non
1756 5159 1863 5214 tamen
1884 5147 1980 5215 debet
1998 5150 2148 5232 precibus

217 5255 280 5324 m)
296 5255 350 5308 Les
368 5271 476 5322 anness,
494 5269 529 5306 en
550 5270 657 5322 moros:
674 5272 709 5310 os
726 5257 879 5310 mutatione.
1182 5239 1301 5302 nostris
1324 5236 1446 5300 aditum
1467 5237 1642 5300 obstruere.
