4658 5856
196 317 257 382 231
1023 310 1242 380 PSALMUS
1264 311 1382 378 XXII.
2133 308 2198 374 232

197 507 271 572 culo
293 524 462 571 occursum
486 505 585 570 foret:
609 515 733 588 quanto
755 503 877 569 scilicet
899 503 973 587 plus
996 512 1046 570 est
1064 524 1171 571 resur·
1222 502 1321 568 alieni
1361 523 1495 586 prorsus
1536 504 1724 570 reddantur.
1780 501 2066 586 Quemadmodum
2107 499 2197 564 enim

197 613 274 677 gere
304 612 324 655 a
354 600 468 668 morte,
498 612 594 674 quam
626 591 719 675 gravi
751 589 865 655 morbo
892 590 1014 656 sanari.
1059 588 1171 671 Quare
1223 588 1335 655 David
1362 596 1467 656 totum
1490 590 1645 657 Abrahae
1674 611 1781 674 genus
1810 590 1873 657 hac
1896 610 1974 656 voce
1996 585 2198 670 complexus,

198 700 286 743 mors
320 698 384 741 non
419 677 547 743 obstitit
579 697 643 759 quo
677 676 787 740 minus
817 685 937 741 testata
966 677 1010 742 sit
1038 675 1171 741 demum
1223 696 1409 741 sermonem
1450 678 1606 743 continuo
1639 686 1715 762 post
1754 677 1796 743 ad
1830 697 1925 742 veros
1958 675 2023 741 Dei
2054 672 2198 737 criltores

199 763 403 837 resurrectio,
426 762 597 828 Christum
620 761 721 826 fuisse
744 760 946 827 exauditum.
1223 760 1411 845 specialiter
1439 762 1567 847 dirigit:
1598 764 1646 829 itu
1668 762 1822 829 Christus
1845 763 1902 844 qui
1923 761 2033 825 diruta
2054 759 2199 823 maceria

1223 848 1350 913 cunctis
1409 848 1538 915 entibus
1578 849 1785 933 adoptionem
1827 847 2059 931 publicaverat,
2098 865 2198 927 seque

284 934 336 1000 23.
372 933 522 999 Narrabo
562 953 670 999 rumen
710 937 798 997 tuam
834 932 973 1014 fratibus
1010 935 1098 1014 auis,
1137 934 1173 999 ιἰι
1223 932 1287 1000 hoc
1319 954 1415 999 moo
1448 934 1610 1000 obtulerat
1643 936 1678 999 in
1712 935 1857 1013 fratrem,
1891 954 1956 999 non
1986 931 2069 997 alios
2099 950 2198 1013 quam

198 1021 299 1086 medio
320 1027 421 1085 coatras
443 1019 576 1084 laudabo
597 1023 633 1083 ιο.
679 1019 730 1082 24.
757 1020 911 1085 Timentes
933 1019 1081 1086 Ielrovam
1103 1020 1173 1086 loa·
1223 1017 1336 1084 fideles
1357 1021 1391 1083 in
1415 1021 1519 1105 gradu
1540 1023 1679 1086 fratrum
1701 1020 1831 1087 retinet.

196 1107 268 1172 aare
289 1107 406 1189 ipsam,
435 1125 521 1170 omae
543 1124 645 1170 semen
675 1104 769 1170 Iacob
796 1104 967 1189 glorificate
994 1108 1117 1189 ipsam:
1146 1110 1174 1171 et
1310 1104 1361 1170 24
1385 1105 1555 1191 (Timentes
1584 1105 1741 1185 Ielrooam,
1771 1105 1837 1193 etc.)
1881 1104 1947 1169 Hic
1974 1124 2107 1170 rursum
2129 1123 2199 1167 cer-

200 1194 325 1256 metulta
355 1192 394 1257 ab
427 1212 460 1257 eo
490 1210 579 1256 omae
611 1210 714 1256 semea
747 1190 862 1257 Israel.
912 1190 965 1255 25.
996 1194 1080 1274 Quia
1113 1212 1172 1258 nou
1226 1193 1290 1257 tius
1312 1194 1506 1274 exprimitur
1532 1192 1589 1257 ille
1617 1214 1714 1276 quom
1741 1192 1810 1257 dixi
1840 1190 1988 1276 publicae
2017 1190 2198 1270 gratiarum

197 1279 442 1360 emeritaeque
464 1277 647 1343 moecatus
668 1281 712 1341 est
727 1297 912 1360 pauperem,
934 1298 1031 1360 reque
1047 1277 1172 1344 abscon·
1224 1278 1363 1344 actionis
1391 1277 1535 1345 fructus:
1565 1300 1684 1363 nempe
1712 1279 1863 1343 invitatio
1893 1297 1957 1359 qua
1979 1277 2115 1359 quisque
2137 1295 2198 1359 pro

198 1365 246 1430 dit
272 1364 386 1444 sociem
414 1383 506 1428 saara
533 1361 572 1426 ab
594 1384 644 1428 eo:
672 1367 699 1426 et
727 1383 825 1444 quarm
853 1363 1001 1430 clamaret
1029 1366 1071 1430 od
1093 1383 1173 1443 cunt,
1225 1386 1260 1431 sc
1299 1364 1467 1431 ecclesiam
1501 1364 1542 1430 ad
1575 1364 1685 1429 Deum
1718 1362 1920 1429 laudandum
1953 1384 2014 1428 suo
2045 1361 2199 1444 exemplo

197 1450 330 1515 audivit.
1225 1450 1383 1529 stimulat,
1414 1452 1531 1516 recitat
1556 1452 1643 1516 enim
1676 1471 1711 1516 se
1740 1450 1777 1515 in
1807 1450 1896 1516 hunc
1924 1452 2024 1514 finem
2047 1449 2082 1513 in
2106 1458 2200 1513 coetu

1224 1537 1467 1603 celebraturum
1498 1557 1616 1603 nomen
1638 1536 1712 1612 Dei,
1742 1546 1780 1601 ut
1809 1536 1929 1601 iratres
1949 1556 2025 1602 suos
2048 1535 2089 1600 ad
2113 1532 2201 1599 idem

284 1620 334 1685 23.
359 1619 522 1706 (Narrabo
544 1640 655 1685 nomen
671 1624 770 1701 laum,
792 1619 860 1706 etc.)
906 1619 1014 1688 David
1038 1620 1174 1703 promit-
1224 1622 1389 1708 agendum
1419 1623 1577 1688 hortetur.
1630 1620 1698 1689 Sed
1727 1624 1803 1704 quia
1832 1643 1868 1687 se
1896 1622 1933 1687 in
1962 1621 2133 1688 ecclesiam
2163 1628 2201 1684 ut

202 1719 281 1782 tene,
316 1706 371 1771 ubi
402 1707 560 1773 liberatus
590 1706 699 1784 luerit,
733 1728 768 1772 ee
802 1729 867 1772 non
902 1710 971 1774 loro
1003 1709 1173 1792 ingratum
1225 1710 1403 1793 plurimum
1436 1710 1592 1791 ingerunt
1621 1707 1824 1792 hypocritae,
1852 1715 1886 1772 et
1906 1707 1942 1771 in
1963 1727 2040 1772 arca
2061 1704 2201 1771 Domini

201 1794 374 1860 confirmat
403 1792 487 1874 quod
519 1792 611 1873 prius
633 1792 713 1869 dixi,
742 1815 777 1859 se
800 1815 969 1877 nunquam
992 1793 1173 1859 tentatione
1225 1795 1319 1877 palea
1340 1794 1449 1860 tritico
1473 1795 1630 1878 permista
1648 1803 1707 1872 eet,
1732 1794 1926 1859 nominatim
1944 1793 2015 1876 pios
2037 1801 2072 1858 et
2088 1791 2200 1857 Deum

201 1881 247 1946 sio
269 1878 368 1944 fuisse
391 1878 561 1958 deiectum,
583 1880 662 1960 quin
683 1899 719 1942 se
741 1880 781 1943 ad
805 1879 1022 1945 resistendum
1042 1880 1173 1963 collige·
1198 1882 1201 1895 ¹
1226 1881 1378 1948 timentes
1406 1881 1590 1962 compellat.
1635 1880 1681 1945 Et
1707 1888 1794 1946 certe
1824 1879 1975 1961 quamvis
2003 1878 2101 1962 pleno
2124 1888 2201 1962 gut·

201 1979 262 2033 ret.
317 1964 488 2046 Quomodo
516 1964 604 2028 enim
634 1986 669 2031 se
698 1964 739 2029 ad
768 1966 962 2033 sacrificium
993 1967 1173 2046 gratiarum
1225 1975 1299 2033 ture
1331 1967 1395 2032 Dei
1428 1965 1542 2031 laudes
1574 1967 1695 2049 impuri
1730 1965 1881 2031 homines
1914 1965 2081 2045 detonent,
2116 1962 2201 2027 nihii

202 2052 338 2119 actionis
362 2060 501 2133 pararet,
525 2050 648 2116 nisiex
667 2060 876 2135 praesumpta
894 2052 1011 2118 salutis
1029 2050 1172 2119 fiducia?
1226 2052 1316 2119 aliud
1347 2073 1444 2134 quam
1475 2051 1650 2134 profanant
1679 2072 1809 2118 sacrum
1831 2051 1903 2117 eius
1925 2071 2056 2116 nomen.
2101 2050 2202 2114 Esset

202 2140 287 2204 Nam
311 2149 348 2201 ut
375 2134 490 2200 damus
513 2134 681 2201 Psalmum
713 2136 813 2204 luisse
841 2138 1056 2222 compositum
1086 2146 1173 2221 post·
1225 2138 1355 2222 quidem
1385 2137 1548 2222 optandus
1576 2138 1723 2202 omnium
1751 2136 1867 2202 mundi
1885 2136 2040 2202 ordinum
2060 2155 2201 2202 concen-

204 2244 300 2309 qunm
332 2243 367 2286 re
402 2223 473 2305 ipsa
505 2221 646 2287 obtinuit
676 2221 784 2287 David
818 2223 902 2307 quod
938 2224 1074 2303 volebat,
1108 2243 1175 2289 non
1226 2236 1295 2290 tus:
1332 2223 1389 2290 sed
1427 2225 1503 2306 quia
1540 2223 1646 2305 prima
1675 2243 1752 2306 pars
1781 2221 1974 2288 harmoniae
2004 2243 2044 2287 ex
2074 2221 2203 2286 sincero

203 2323 314 2377 tamen
345 2308 480 2372 dubium
510 2318 558 2373 est
588 2308 665 2390 quin
688 2306 920 2375 meditationes
949 2310 1006 2376 illo
1030 2323 1175 2394 tempore
1226 2311 1335 2377 cordis
1368 2310 1488 2375 affectu
1515 2309 1599 2390 fluit,
1641 2330 1738 2374 nemo
1777 2308 1946 2393 legitimus
1980 2307 2045 2374 erit
2078 2306 2202 2391 gloriae

202 2417 277 2463 asc
298 2403 472 2474 conceptas
494 2402 605 2476 postea
627 2395 661 2458 in
689 2415 822 2461 carmen
844 2397 1004 2462 retulerit.
1049 2399 1174 2463 Notan·
1227 2398 1290 2461 Dei
1313 2416 1439 2481 praeco,
1460 2395 1523 2461 nisi
1546 2397 1600 2479 qui
1624 2416 1700 2460 eum
1724 2405 1912 2461 reverenter
1941 2392 2036 2459 colet.
2080 2393 2203 2458 Postea

203 2481 280 2546 dum
304 2499 382 2545 vero
404 2477 491 2561 quod
514 2500 581 2544 non
606 2479 740 2563 vulgare
758 2481 970 2565 gratitudinis
988 2482 1175 2567 symbolum
1228 2483 1360 2566 quidem
1383 2481 1531 2546 nominat
1552 2500 1665 2545 semen
1688 2480 1785 2547 Iacob
1808 2491 1841 2545 et
1861 2479 1977 2561 Israel,
1999 2479 2040 2544 ad
2058 2499 2203 2544 commu·

200 2565 379 2653 promittit:
408 2563 467 2630 sed
497 2565 592 2648 qualo
615 2586 673 2648 pro
696 2569 780 2631 raris
803 2568 969 2633 beneficiis
990 2569 1082 2634 Deus
1104 2568 1174 2632 exi·
1228 2590 1303 2633 nem
1337 2567 1447 2649 populi
1481 2567 1686 2632 vocationem
1720 2566 1912 2649 respiciens:
1955 2574 1989 2631 et
2021 2574 2110 2631 certe
2144 2585 2204 2648 per

202 2656 308 2739 gebat,
344 2672 462 2733 nempe
493 2662 529 2714 ut
559 2651 670 2715 fideles
699 2653 733 2715 in
762 2654 986 2719 sanctuarium
1016 2655 1175 2731 venirent,
1227 2675 1302 2720 eum
1332 2675 1398 2719 non
1428 2653 1572 2717 stetisset
1600 2673 1664 2734 quo
1693 2653 1804 2718 minus
1825 2673 1941 2718 omnes
1963 2651 2024 2716 filii
2045 2650 2205 2716 Abrahae

202 2754 299 2823 atque
339 2737 405 2800 illio
447 2734 574 2800 solenni
616 2738 681 2799 ritu
716 2747 869 2803 testatam
902 2740 1045 2805 lacerent
1077 2759 1174 2824 quam
1228 2742 1335 2806 Deum
1357 2759 1423 2803 uno
1445 2759 1500 2803 ore
1520 2737 1709 2803 laudarent:
1738 2738 1795 2803 sed
1818 2737 1896 2821 quia
1924 2741 2045 2802 multos
2068 2736 2204 2801 videbat

203 2824 330 2908 experti
353 2831 449 2885 erant
472 2822 621 2902 gratiam.
667 2819 743 2887 Huc
772 2824 858 2888 enim
882 2825 1025 2907 pertinet
1046 2826 1176 2910 publica
1228 2826 1405 2910 degeneres
1428 2824 1605 2901 Israelitus,
1635 2824 1675 2889 ab
1702 2822 1769 2889 illis
1792 2845 1888 2889 veros
1910 2832 1945 2888 et
1965 2822 2113 2908 integros
2135 2822 2203 2887 dis·

203 2910 386 2995 gratiarum
419 2906 512 2982 actio,
553 2907 696 2989 primum
738 2917 776 2972 ut
814 2931 850 2975 se
883 2911 989 2978 modis
1022 2913 1175 2978 omnibus
1228 2911 1345 2976 cernit:
1377 2909 1537 2992 simulque
1566 2908 1720 2991 ostendit,
1755 2930 1819 2974 non
1856 2912 1918 2975 rito
1948 2908 2106 2974 celebrari
2139 2907 2203 2972 Dei

202 3004 377 3060 exerceant
402 2991 515 3057 fideles
544 2992 579 3056 in
601 2991 666 3057 Dei
695 2992 795 3071 cultu,
825 2996 934 3062 etalii
957 2997 1039 3063 ulios
1060 3009 1175 3065 mutuo
1229 3017 1359 3075 nomen,
1382 2995 1444 3060 nisi
1466 2995 1522 3060 ubi
1544 2994 1636 3080 riget
1656 2995 1793 3061 interior
1811 2996 1924 3078 pietas.
1947 2994 2090 3077 Ideoque
2107 3012 2203 3058 reve·

203 3082 355 3146 invitent.
407 3074 538 3143 Scimus
568 3086 676 3143 autem
710 3079 933 3148 incredibilem
967 3084 1029 3150 Dei
1062 3093 1174 3167 poten·
1228 3083 1370 3148 rentiam
1412 3083 1532 3146 iterum
1574 3080 1746 3165 coniungit
1778 3081 1842 3146 Dei
1879 3080 2031 3146 laudibus
2072 3081 2108 3145 in
2142 3099 2206 3146 sua

204 3168 291 3241 tiam,
322 3177 356 3229 οι
385 3162 516 3246 quidem
544 3184 611 3229 uon
641 3186 706 3230 uno
729 3186 849 3248 genere
879 3170 1028 3237 miraculi
1050 3173 1084 3236 in
1107 3190 1175 3238 scr·
1229 3168 1476 3234 exhortatione:
1500 3167 1650 3247 Metuite,
1672 3167 1787 3251 inquit,
1810 3167 1851 3232 ab
1873 3187 1919 3243 co,
1944 3168 2020 3249 quia
2041 3166 2203 3232 lusorium

203 3254 309 3319 vando
333 3248 463 3314 Davido
485 3250 662 3316 refulsisse.
700 3250 811 3331 Quare
833 3257 953 3320 mirum
977 3268 1124 3335 nonest,
1148 3258 1174 3322 si
1228 3264 1277 3321 ost
1319 3253 1476 3337 quidquid
1511 3251 1572 3319 hac
1603 3252 1637 3317 iu
1672 3263 1765 3336 purte
1798 3261 1966 3318 ostentant
1999 3253 2205 3338 hypocritae.

202 3341 243 3404 ad
285 3333 502 3420 profitendum
543 3356 636 3401 suam
674 3338 828 3419 pietatem
866 3342 993 3408 solenni
1027 3356 1101 3410 voto
1140 3365 1176 3409 sc
1226 3342 1330 3406 Porro
1353 3353 1477 3404 metum
1499 3338 1715 3418 commendat,
1745 3359 1812 3404 non
1840 3339 1896 3421 qui
1914 3336 2098 3404 absterreat
2120 3337 2204 3403 lide·

202 3426 333 3509 obliget.
379 3422 444 3484 Per
463 3420 580 3500 fratres
602 3422 752 3505 designat
773 3423 951 3504 Israelites,
980 3451 1046 3494 non
1070 3431 1174 3496 solum
1226 3428 1275 3493 les
1308 3448 1328 3490 a
1361 3425 1424 3490 Dei
1458 3446 1600 3501 accessu,
1638 3423 1695 3489 sed
1730 3446 1806 3490 voro
1839 3424 2029 3489 humiliatos
2061 3426 2096 3489 in
2130 3424 2203 3489 eius

204 3512 282 3593 quia
311 3530 353 3573 ex
382 3507 494 3570 eodem
525 3529 643 3590 genere
666 3507 730 3571 orti
752 3520 854 3589 crant,
885 3513 941 3576 scd
972 3517 1077 3596 magis
1100 3517 1177 3598 quia
1226 3510 1450 3579 sanctuarium
1483 3509 1634 3592 adducat,
1667 3508 1764 3575 sicuti
1798 3508 1919 3576 dictum
1953 3509 2017 3574 luit
2049 3510 2139 3577 Psal.
2169 3510 2202 3577 5.

205 3593 390 3663 communis
425 3590 539 3673 religio
575 3613 630 3657 eos
660 3601 818 3674 tanquam
848 3617 977 3662 sacrum
1007 3601 1175 3666 vinculum
1228 3598 1359 3679 Siquis
1390 3598 1528 3661 miretur
1556 3595 1723 3660 Davidem
1756 3595 1881 3660 hortari
1917 3591 1958 3659 ad
1999 3596 2204 3661 laudandum
2250 3664 2259 3683 ‚

203 3680 366 3766 spirituali
406 3680 597 3761 cognatione
636 3679 724 3742 inter
757 3701 792 3744 se
831 3681 1001 3749 devinctos
1035 3685 1174 3750 tenebat.
1201 3686 1345 3760 Deum,
1364 3683 1483 3765 quibus
1500 3701 1606 3763 nuper
1625 3679 1709 3743 hano
1728 3681 1856 3745 laudem
1877 3680 2027 3747 dederat:
2051 3694 2205 3765 prompta

204 3769 304 3834 Hunc
344 3786 475 3830 versum
515 3764 682 3846 apostolus
722 3764 763 3828 ad
797 3765 964 3833 Hebraeos
996 3770 1026 3844 2,
1064 3771 1104 3834 12
1136 3773 1175 3836 ad
1227 3778 1277 3833 est
1296 3768 1473 3850 responsio,
1497 3767 1719 3832 sanctissimos
1738 3768 1834 3829 etiarn
1854 3788 1997 3849 quosque
2016 3777 2083 3831 tam
2103 3768 2205 3852 pleno

205 3855 376 3919 Christum
400 3851 657 3926 accommodans,
689 3850 816 3934 colligit
837 3854 983 3921 eiusdem
1006 3854 1176 3921 nobiscum
1229 3853 1292 3918 Dei
1315 3853 1433 3917 timore
1455 3871 1622 3933 nunquam
1640 3872 1713 3915 esee
1730 3851 1883 3933 imbutos,
1906 3855 1986 3935 quin
2004 3873 2086 3935 opus
2107 3854 2204 3919 habe-

205 3953 343 4004 naturae
385 3938 483 4002 luisse
525 3938 716 4018 participem
758 3939 916 4022 nobisque
957 3962 1036 4007 vera
1069 3943 1177 4008 carnis
1227 3948 1285 4004 ant
1315 3937 1481 4005 continuis
1517 3935 1667 4002 stimulis.
1727 3936 1837 4018 Quare
1875 3940 2011 4003 minime
2043 3961 2204 4024 superva-

205 4026 361 4091 societate
402 4025 502 4087 fuisse
539 4025 759 4098 coniunctum,
805 4046 885 4107 quos
923 4047 983 4109 pro
1020 4028 1177 4093 iratribus
1227 4047 1325 4092 cuum
1345 4035 1395 4088 cst
1413 4021 1499 4105 quod
1519 4023 1671 4087 timentes
1689 4022 1799 4087 Deum
1822 4023 1912 4088 iubet
1930 4024 1971 4089 ab
1989 4046 2027 4090 eo
2045 4038 2203 4100 metuere,

206 4110 363 4195 agnoscit,
388 4117 518 4191 tamque
541 4109 721 4174 honorifico
752 4111 885 4176 nomine
909 4115 1073 4195 dignatur.
1095 4114 1177 4179 Dixi
1228 4121 1266 4176 ut
1287 4109 1450 4193 supplices
1474 4127 1585 4174 coram
1607 4127 1645 4171 οο
1665 4130 1699 4172 se
1722 4118 1938 4191 prosternant.

205 4199 272 4262 iam
296 4194 468 4276 aliquoties
490 4193 589 4278 (qnod
619 4196 706 4259 idem
729 4219 772 4259 ex
794 4198 860 4260 fine
881 4197 1006 4262 Psalmi
1029 4202 1178 4266 evincere
1314 4196 1366 4260 25.
1390 4193 1491 4279 (Quia
1513 4214 1575 4258 noa
1592 4192 1731 4279 sprevit.)
1760 4195 1852 4260 Haec
1876 4210 1990 4261 mutua
2011 4197 2099 4262 inter
2122 4197 2204 4262 fide·

206 4293 392 4366 promptum
428 4279 503 4363 erit)
537 4281 596 4345 sub
632 4279 771 4347 Davidis
805 4291 885 4365 typo
918 4283 1088 4351 Christum
1124 4287 1177 4352 hic
1202 4352 1205 4357 ,
1227 4283 1276 4348 les
1304 4277 1553 4347 communicatio
1576 4279 1687 4362 vigere
1716 4280 1820 4359 debet,
1850 4294 1888 4345 ut
1910 4282 1965 4346 alii
1992 4281 2065 4348 aliis
2088 4296 2205 4367 gratu·

207 4368 298 4434 nobis
328 4364 428 4430 inisse
458 4365 706 4430 adumbratum:
736 4369 815 4432 scite
845 4389 922 4450 ergo
952 4373 1117 4450 apostolus
1144 4378 1177 4436 οι
1228 4369 1342 4447 lantes,
1381 4365 1504 4450 gratias
1546 4385 1603 4445 pro
1644 4367 1798 4449 cuiusque
1839 4367 1945 4432 salute
1985 4371 2205 4434 communiter

207 4453 387 4538 prudenter
432 4450 591 4527 observat,
635 4452 695 4515 sub
737 4453 798 4519 hoo
840 4455 971 4520 nomine
1015 4459 1177 4523 sancitum
1202 4500 1205 4545 Ι
1229 4463 1348 4538 agant:
1382 4453 1467 4518 sicut
1500 4451 1597 4514 etiam
1633 4451 1726 4518 docet
1754 4452 1879 4517 Paulus
1918 4455 1938 4516 2
1972 4456 2012 4517 ad
2049 4456 2203 4521 Corinth.

208 4541 300 4606 nobis
328 4538 427 4603 luisse
452 4558 525 4601 curn
550 4535 682 4601 Christo
713 4539 763 4603 ius
793 4539 958 4606 fraternae
980 4543 1178 4609 coniunctio·
1202 4554 1205 4593 Ι
1229 4560 1299 4622 cap.
1324 4539 1352 4616 1,
1376 4539 1426 4602 11.
1449 4536 1496 4601 Ut
1518 4556 1559 4598 ex
1581 4537 1692 4603 multis
1715 4538 1872 4620 personis,
1896 4540 2011 4622 inquit,
2035 4562 2094 4623 pro
2117 4541 2205 4607 dono

207 4629 270 4691 nis.
294 4625 367 4691 Etsi
391 4632 501 4688 autem
524 4623 680 4703 competit
702 4623 763 4688 hoc
786 4625 992 4706 aliquatenus
1014 4628 1049 4692 in
1073 4638 1177 4693 totum
1203 4622 1206 4711 i
1229 4627 1263 4689 in
1305 4645 1364 4689 nos
1397 4622 1514 4687 collato
1555 4642 1612 4703 per
1646 4625 1766 4688 multos
1808 4626 1932 4707 gratiae
1965 4640 2108 4709 agantur
2141 4649 2204 4712 pro

208 4735 311 4796 genus
341 4710 531 4782 humanum,
564 4728 641 4771 vera
671 4719 779 4773 tamen
810 4712 921 4775 fruitio
944 4734 1043 4793 penes
1065 4714 1179 4781 fideles
1203 4718 1206 4791 ᾖ
1229 4711 1332 4775 nobis.
1361 4708 1536 4774 Caeterum
1559 4705 1639 4772 haec
1657 4709 1798 4773 Davidis
1821 4713 1978 4775 confessio
2004 4714 2036 4775 iu
2061 4713 2204 4778 alterum

208 4800 293 4863 solos
316 4794 445 4862 residet.
490 4794 565 4875 Qua
593 4794 717 4858 ratione
745 4795 843 4859 ctiam
868 4797 1020 4864 Christus
1042 4821 1098 4866 oro
1120 4822 1179 4865 suo
1203 4798 1206 4855 l
1229 4816 1358 4878 quoque
1386 4797 1483 4858 iincm
1514 4796 1681 4874 spectavit,
1722 4806 1758 4858 ut
1793 4795 1929 4860 eandem
1966 4819 2045 4880 erga
2071 4818 2107 4864 se
2137 4799 2204 4865 Dei

209 4885 340 4949 titulum
363 4883 449 4948 hunc
468 4881 639 4963 restringit
662 4879 702 4944 ad
721 4879 912 4961 discipulos:
936 4884 1041 4961 Vade,
1064 4887 1180 4950 nuntia
1203 4892 1205 4969 i
1230 4884 1298 4946 lore
1320 4879 1576 4944 misericordiam
1600 4881 1720 4963 singuli
1743 4892 1922 4963 sperarent.
1952 4884 2084 4947 Interea
2108 4884 2203 4951 doce·

208 4969 362 5048 iratribus
390 4970 470 5035 meis
500 4981 531 5033 et
553 4968 665 5045 Petro,
695 4967 833 5031 ascendo
856 4966 897 5030 od
919 4979 1045 5051 patrem
1069 4993 1178 5036 meum
1203 4982 1206 5025 ι
1231 4989 1305 5031 ιιιιιι
1329 4965 1379 5029 his
1402 4964 1520 5040 verbis,
1551 4967 1712 5048 patienter
1744 4965 1892 5030 ferendas
1916 4989 1985 5033 esse
2008 4969 2204 5038 afflictiones

208 5071 242 5119 et
274 5065 400 5139 patrem
436 5064 596 5118 vestrum:
631 5052 745 5118 Iohan,
774 5053 825 5129 20,
859 5054 907 5119 17.
960 5055 1056 5120 Illum
1090 5058 1179 5122 enim
1203 5108 1205 5167 ,
1230 5052 1384 5134 quamdiu
1408 5051 1514 5114 visum
1534 5052 1632 5116 luerit
1652 5052 1794 5116 Domino
1818 5050 1858 5115 ad
1877 5054 2018 5136 inopiam
2042 5057 2202 5140 redigere,

208 5142 317 5205 carnis
350 5141 589 5220 cognationem,
622 5160 686 5221 qua
721 5160 779 5203 nos
813 5139 875 5204 sibi
908 5142 1053 5218 sociavit,
1086 5144 1179 5227 impii
1203 5179 1205 5201 .
1231 5134 1362 5200 tandem
1386 5136 1504 5201 misere
1526 5139 1689 5219 oppressis
1713 5149 1892 5202 succurrat·

208 5225 341 5290 dissidio
364 5224 600 5292 incredulitatis
618 5246 697 5290 suae
719 5226 929 5309 abrumpunt,
953 5236 989 5291 ut
1005 5250 1064 5294 sua
1082 5228 1180 5311 culpa
1203 5226 1206 5261 ¹
