<?xml version="1.0" encoding="UTF-8"?>
<!DOCTYPE html PUBLIC "-//W3C//DTD XHTML 1.0 Transitional//EN"
    "http://www.w3.org/TR/xhtml1/DTD/xhtml1-transitional.dtd">
<html xmlns="http://www.w3.org/1999/xhtml" xml:lang="en" lang="en">
 <head>
  <title>
</title>
<meta http-equiv="Content-Type" content="text/html;charset=utf-8" />
  <meta name='ocr-system' content='tesseract 3.04.00' />
  <meta name='ocr-capabilities' content='ocr_page ocr_carea ocr_par ocr_line ocrx_word'/>
</head>
<body>
  <div class='ocr_page' id='page_1' title='image "./corpusreformato05melagoog_0054.png"; bbox 0 0 4658 5856; ppageno 0'>
   <div class='ocr_carea' id='block_1_1' title="bbox 1048 322 2207 390">
    <p class='ocr_par' dir='ltr' id='par_1_1' title="bbox 1048 322 2207 390">
     <span class='ocr_line' id='line_1_1' title="bbox 1048 322 2207 390; baseline -0.009 0"><span class='ocrx_word' id='word_1_1' title='bbox 1048 322 1266 390; x_wconf 80' lang='lat' dir='ltr'>PSALMUS</span> <span class='ocrx_word' id='word_1_2' title='bbox 1290 322 1368 387; x_wconf 87' lang='lat' dir='ltr'><strong>VH.</strong></span> <span class='ocrx_word' id='word_1_3' title='bbox 2164 325 2207 390; x_wconf 81' lang='lat'><strong>80</strong></span> 
     </span>
    </p>
   </div>
   <div class='ocr_carea' id='block_1_2' title="bbox 207 331 2207 1704">
    <p class='ocr_par' dir='ltr' id='par_1_2' title="bbox 208 331 251 395">
     <span class='ocr_line' id='line_1_2' title="bbox 208 331 251 395; baseline 0 0"><span class='ocrx_word' id='word_1_4' title='bbox 208 331 251 395; x_wconf 81' lang='lat' dir='ltr'><strong>te</strong></span> 
     </span>
    </p>

    <p class='ocr_par' dir='ltr' id='par_1_3' title="bbox 207 509 2207 1704">
     <span class='ocr_line' id='line_1_3' title="bbox 294 509 2207 597; baseline -0.002 -18"><span class='ocrx_word' id='word_1_5' title='bbox 294 518 345 581; x_wconf 89' lang='lat' dir='ltr'><strong>De</strong></span> <span class='ocrx_word' id='word_1_6' title='bbox 374 534 454 580; x_wconf 73' lang='lat' dir='ltr'><strong>trice</strong></span> <span class='ocrx_word' id='word_1_7' title='bbox 494 513 654 597; x_wconf 77' lang='lat' dir='ltr'><strong>Siggaion</strong></span> <span class='ocrx_word' id='word_1_8' title='bbox 687 535 754 577; x_wconf 94' lang='lat' dir='ltr'><strong>non</strong></span> <span class='ocrx_word' id='word_1_9' title='bbox 783 514 991 578; x_wconf 86' lang='lat' dir='ltr'><strong>consentiunt</strong></span> <span class='ocrx_word' id='word_1_10' title='bbox 1026 513 1113 576; x_wconf 91' lang='lat' dir='ltr'><strong>inter</strong></span> <span class='ocrx_word' id='word_1_11' title='bbox 1144 532 1180 575; x_wconf 90' lang='lat' dir='ltr'><strong>se</strong></span> <span class='ocrx_word' id='word_1_12' title='bbox 1231 510 1362 593; x_wconf 89' lang='lat' dir='ltr'><strong>proprie</strong></span> <span class='ocrx_word' id='word_1_13' title='bbox 1392 509 1585 575; x_wconf 84' lang='lat' dir='ltr'><strong>vertendum</strong></span> <span class='ocrx_word' id='word_1_14' title='bbox 1610 518 1712 576; x_wconf 68' lang='lat' dir='ltr'><strong>sset:</strong></span> <span class='ocrx_word' id='word_1_15' title='bbox 1742 510 1785 574; x_wconf 94' lang='lat' dir='ltr'><strong>In</strong></span> <span class='ocrx_word' id='word_1_16' title='bbox 1807 521 1840 576; x_wconf 88' lang='lat' dir='ltr'><strong>te</strong></span> <span class='ocrx_word' id='word_1_17' title='bbox 1860 512 2002 576; x_wconf 86' lang='lat' dir='ltr'><strong>confisus</strong></span> <span class='ocrx_word' id='word_1_18' title='bbox 2024 530 2114 576; x_wconf 89' lang='lat' dir='ltr'><strong>sum:</strong></span> <span class='ocrx_word' id='word_1_19' title='bbox 2146 510 2207 576; x_wconf 87' lang='lat' dir='ltr'><strong>sed</strong></span> 
     </span>
     <span class='ocr_line' id='line_1_4' title="bbox 208 594 2204 681; baseline -0.004 -13"><span class='ocrx_word' id='word_1_20' title='bbox 208 602 351 669; x_wconf 85' lang='lat' dir='ltr'><strong>Hebraei</strong></span> <span class='ocrx_word' id='word_1_21' title='bbox 389 603 594 681; x_wconf 81' lang='lat' dir='ltr'><strong>interpretes.</strong></span> <span class='ocrx_word' id='word_1_22' title='bbox 640 596 783 678; x_wconf 80' lang='lat' dir='ltr'><strong>Quidam</strong></span> <span class='ocrx_word' id='word_1_23' title='bbox 823 599 911 662; x_wconf 91' lang='lat' dir='ltr'><strong>enim</strong></span> <span class='ocrx_word' id='word_1_24' title='bbox 950 618 1009 681; x_wconf 94' lang='lat' dir='ltr'><strong>pro</strong></span> <span class='ocrx_word' id='word_1_25' title='bbox 1055 596 1179 661; x_wconf 91' lang='lat' dir='ltr'><strong>musieo</strong></span> <span class='ocrx_word' id='word_1_26' title='bbox 1231 594 1308 677; x_wconf 89' lang='lat' dir='ltr'><strong>quia</strong></span> <span class='ocrx_word' id='word_1_27' title='bbox 1340 603 1487 677; x_wconf 87' lang='lat' dir='ltr'><strong>tempera</strong></span> <span class='ocrx_word' id='word_1_28' title='bbox 1526 596 1705 661; x_wconf 85' lang='lat' dir='ltr'><strong>verberum</strong></span> <span class='ocrx_word' id='word_1_29' title='bbox 1737 594 1875 661; x_wconf 76' lang='lat' dir='ltr'><strong>subinde</strong></span> <span class='ocrx_word' id='word_1_30' title='bbox 1907 604 2079 661; x_wconf 86' lang='lat' dir='ltr'><strong>mutantur</strong></span> <span class='ocrx_word' id='word_1_31' title='bbox 2110 594 2204 679; x_wconf 89' lang='lat' dir='ltr'><strong>apud</strong></span> 
     </span>
     <span class='ocr_line' id='line_1_5' title="bbox 209 679 2205 765; baseline -0.005 -11"><span class='ocrx_word' id='word_1_32' title='bbox 209 692 430 754; x_wconf 86' lang='lat' dir='ltr'><strong>instrumento</strong></span> <span class='ocrx_word' id='word_1_33' title='bbox 449 683 622 765; x_wconf 86' lang='lat' dir='ltr'><strong>accipiunt.</strong></span> <span class='ocrx_word' id='word_1_34' title='bbox 663 683 746 747; x_wconf 82' lang='lat' dir='ltr'><strong>Aliis</strong></span> <span class='ocrx_word' id='word_1_35' title='bbox 764 683 986 747; x_wconf 84' lang='lat' dir='ltr'><strong>videturesse</strong></span> <span class='ocrx_word' id='word_1_36' title='bbox 1004 691 1180 747; x_wconf 89' lang='lat' dir='ltr'><strong>eoneentus</strong></span> <span class='ocrx_word' id='word_1_37' title='bbox 1229 679 1408 756; x_wconf 89' lang='lat' dir='ltr'><strong>Hebraeos,</strong></span> <span class='ocrx_word' id='word_1_38' title='bbox 1430 679 1531 745; x_wconf 90' lang='lat' dir='ltr'><strong>malui</strong></span> <span class='ocrx_word' id='word_1_39' title='bbox 1553 691 1684 746; x_wconf 87' lang='lat' dir='ltr'><strong>vertere</strong></span> <span class='ocrx_word' id='word_1_40' title='bbox 1705 680 1851 748; x_wconf 89' lang='lat' dir='ltr'><strong>oenfido:</strong></span> <span class='ocrx_word' id='word_1_41' title='bbox 1884 680 2077 764; x_wconf 80' lang='lat' dir='ltr'><strong>praesertim</strong></span> <span class='ocrx_word' id='word_1_42' title='bbox 2099 700 2205 764; x_wconf 89' lang='lat' dir='ltr'><strong>quam</strong></span> 
     </span>
     <span class='ocr_line' id='line_1_6' title="bbox 207 765 2205 850; baseline -0.004 -11"><span class='ocrx_word' id='word_1_43' title='bbox 207 772 249 839; x_wconf 87' lang='lat' dir='ltr'><strong>ad</strong></span> <span class='ocrx_word' id='word_1_44' title='bbox 271 792 405 838; x_wconf 88' lang='lat' dir='ltr'><strong>carmen</strong></span> <span class='ocrx_word' id='word_1_45' title='bbox 423 769 666 834; x_wconf 90' lang='lat' dir='ltr'><strong>modulandum.</strong></span> <span class='ocrx_word' id='word_1_46' title='bbox 711 768 776 832; x_wconf 78' lang='lat' dir='ltr'><strong>Alii</strong></span> <span class='ocrx_word' id='word_1_47' title='bbox 796 778 914 850; x_wconf 90' lang='lat' dir='ltr'><strong>putant</strong></span> <span class='ocrx_word' id='word_1_48' title='bbox 930 768 1062 832; x_wconf 92' lang='lat' dir='ltr'><strong>initium</strong></span> <span class='ocrx_word' id='word_1_49' title='bbox 1078 767 1180 831; x_wconf 85' lang='lat' dir='ltr'><strong>fuisse</strong></span> <span class='ocrx_word' id='word_1_50' title='bbox 1230 766 1308 829; x_wconf 85' lang='lat' dir='ltr'><strong>satis</strong></span> <span class='ocrx_word' id='word_1_51' title='bbox 1339 774 1475 842; x_wconf 88' lang='lat' dir='ltr'><strong>eouetet,</strong></span> <span class='ocrx_word' id='word_1_52' title='bbox 1504 767 1697 830; x_wconf 86' lang='lat' dir='ltr'><strong>eontinuum</strong></span> <span class='ocrx_word' id='word_1_53' title='bbox 1720 765 1769 850; x_wconf 85' lang='lat' dir='ltr'><strong>(nt</strong></span> <span class='ocrx_word' id='word_1_54' title='bbox 1792 767 1985 849; x_wconf 86' lang='lat' dir='ltr'><strong>loquuntur)</strong></span> <span class='ocrx_word' id='word_1_55' title='bbox 2011 774 2121 833; x_wconf 84' lang='lat' dir='ltr'><strong>aetum</strong></span> <span class='ocrx_word' id='word_1_56' title='bbox 2146 786 2205 831; x_wconf 89' lang='lat' dir='ltr'><strong>no·</strong></span> 
     </span>
     <span class='ocr_line' id='line_1_7' title="bbox 209 850 2205 934; baseline -0.003 -12"><span class='ocrx_word' id='word_1_57' title='bbox 209 859 305 922; x_wconf 84' lang='lat' dir='ltr'><strong>tritae</strong></span> <span class='ocrx_word' id='word_1_58' title='bbox 327 856 521 932; x_wconf 87' lang='lat' dir='ltr'><strong>cantilenae,</strong></span> <span class='ocrx_word' id='word_1_59' title='bbox 552 853 593 917; x_wconf 88' lang='lat' dir='ltr'><strong>ad</strong></span> <span class='ocrx_word' id='word_1_60' title='bbox 614 855 705 918; x_wconf 91' lang='lat' dir='ltr'><strong>ouius</strong></span> <span class='ocrx_word' id='word_1_61' title='bbox 728 853 877 917; x_wconf 90' lang='lat' dir='ltr'><strong>modulos</strong></span> <span class='ocrx_word' id='word_1_62' title='bbox 898 853 1067 917; x_wconf 91' lang='lat' dir='ltr'><strong>Psalmum</strong></span> <span class='ocrx_word' id='word_1_63' title='bbox 1091 852 1179 917; x_wconf 89' lang='lat' dir='ltr'><strong>hune</strong></span> <span class='ocrx_word' id='word_1_64' title='bbox 1230 850 1302 915; x_wconf 86' lang='lat' dir='ltr'><strong>tari.</strong></span> <span class='ocrx_word' id='word_1_65' title='bbox 1346 850 1461 932; x_wconf 87' lang='lat' dir='ltr'><strong>Neque</strong></span> <span class='ocrx_word' id='word_1_66' title='bbox 1493 851 1581 916; x_wconf 92' lang='lat' dir='ltr'><strong>enim</strong></span> <span class='ocrx_word' id='word_1_67' title='bbox 1614 851 1768 917; x_wconf 87' lang='lat' dir='ltr'><strong>fidueiam</strong></span> <span class='ocrx_word' id='word_1_68' title='bbox 1800 853 1901 917; x_wconf 82' lang='lat' dir='ltr'><strong>iaetat</strong></span> <span class='ocrx_word' id='word_1_69' title='bbox 1932 850 2043 917; x_wconf 83' lang='lat' dir='ltr'><strong>David</strong></span> <span class='ocrx_word' id='word_1_70' title='bbox 2076 871 2096 914; x_wconf 87' lang='lat' dir='ltr'><strong>a</strong></span> <span class='ocrx_word' id='word_1_71' title='bbox 2137 871 2205 934; x_wconf 84' lang='lat' dir='ltr'><strong>qua</strong></span> 
     </span>
     <span class='ocr_line' id='line_1_8' title="bbox 209 935 2205 1018; baseline -0.003 -10"><span class='ocrx_word' id='word_1_72' title='bbox 209 942 319 1008; x_wconf 80' lang='lat' dir='ltr'><strong>David</strong></span> <span class='ocrx_word' id='word_1_73' title='bbox 359 941 486 1007; x_wconf 82' lang='lat' dir='ltr'><strong>cantari</strong></span> <span class='ocrx_word' id='word_1_74' title='bbox 526 939 674 1003; x_wconf 76' lang='lat' dir='ltr'><strong>voluerit.</strong></span> <span class='ocrx_word' id='word_1_75' title='bbox 720 938 787 1002; x_wconf 77' lang='lat' dir='ltr'><strong>alii</strong></span> <span class='ocrx_word' id='word_1_76' title='bbox 827 936 1025 1002; x_wconf 90' lang='lat' dir='ltr'><strong>Hebraioum</strong></span> <span class='ocrx_word' id='word_1_77' title='bbox 1060 958 1178 1001; x_wconf 91' lang='lat' dir='ltr'><strong>nomen</strong></span> <span class='ocrx_word' id='word_1_78' title='bbox 1229 935 1294 1000; x_wconf 82' lang='lat' dir='ltr'><strong>iam</strong></span> <span class='ocrx_word' id='word_1_79' title='bbox 1324 936 1490 1017; x_wconf 82' lang='lat' dir='ltr'><strong>exciderit,</strong></span> <span class='ocrx_word' id='word_1_80' title='bbox 1523 936 1582 1001; x_wconf 91' lang='lat' dir='ltr'><strong>sed</strong></span> <span class='ocrx_word' id='word_1_81' title='bbox 1611 957 1711 1018; x_wconf 78' lang='lat' dir='ltr'><strong>quam</strong></span> <span class='ocrx_word' id='word_1_82' title='bbox 1739 946 1928 1002; x_wconf 83' lang='lat' dir='ltr'><strong>constanter</strong></span> <span class='ocrx_word' id='word_1_83' title='bbox 1955 937 2043 1002; x_wconf 79' lang='lat' dir='ltr'><strong>fovet</strong></span> <span class='ocrx_word' id='word_1_84' title='bbox 2068 936 2104 1001; x_wconf 91' lang='lat' dir='ltr'><strong>in</strong></span> <span class='ocrx_word' id='word_1_85' title='bbox 2136 936 2205 1002; x_wconf 83' lang='lat' dir='ltr'><strong>auis</strong></span> 
     </span>
     <span class='ocr_line' id='line_1_9' title="bbox 208 1020 2204 1105; baseline -0.003 -13"><span class='ocrx_word' id='word_1_86' title='bbox 208 1028 310 1092; x_wconf 88' lang='lat' dir='ltr'><strong>latine</strong></span> <span class='ocrx_word' id='word_1_87' title='bbox 332 1026 578 1091; x_wconf 84' lang='lat' dir='ltr'><strong>oblectationem</strong></span> <span class='ocrx_word' id='word_1_88' title='bbox 604 1022 754 1088; x_wconf 89' lang='lat' dir='ltr'><strong>reddunt.</strong></span> <span class='ocrx_word' id='word_1_89' title='bbox 800 1023 884 1087; x_wconf 84' lang='lat' dir='ltr'>Mihi</span> <span class='ocrx_word' id='word_1_90' title='bbox 904 1022 1045 1087; x_wconf 86' lang='lat' dir='ltr'><strong>secunda</strong></span> <span class='ocrx_word' id='word_1_91' title='bbox 1067 1022 1177 1105; x_wconf 90' lang='lat' dir='ltr'><strong>opinio</strong></span> <span class='ocrx_word' id='word_1_92' title='bbox 1229 1020 1399 1103; x_wconf 82' lang='lat' dir='ltr'><strong>angustiis.</strong></span> <span class='ocrx_word' id='word_1_93' title='bbox 1445 1024 1556 1104; x_wconf 81' lang='lat' dir='ltr'><strong>Atque</strong></span> <span class='ocrx_word' id='word_1_94' title='bbox 1583 1021 1663 1087; x_wconf 86' lang='lat' dir='ltr'><strong>haee</strong></span> <span class='ocrx_word' id='word_1_95' title='bbox 1692 1041 1771 1086; x_wconf 84' lang='lat' dir='ltr'><strong>vera</strong></span> <span class='ocrx_word' id='word_1_96' title='bbox 1800 1029 1851 1087; x_wconf 87' lang='lat' dir='ltr'><strong>est</strong></span> <span class='ocrx_word' id='word_1_97' title='bbox 1875 1020 1954 1086; x_wconf 86' lang='lat' dir='ltr'><strong>fidei</strong></span> <span class='ocrx_word' id='word_1_98' title='bbox 1975 1031 2106 1087; x_wconf 72' lang='lat' dir='ltr'><strong>nosmae</strong></span> <span class='ocrx_word' id='word_1_99' title='bbox 2127 1042 2204 1103; x_wconf 87' lang='lat' dir='ltr'><strong>pro·</strong></span> 
     </span>
     <span class='ocr_line' id='line_1_10' title="bbox 208 1105 2204 1190; baseline -0.003 -14"><span class='ocrx_word' id='word_1_100' title='bbox 208 1113 339 1177; x_wconf 82' lang='lat' dir='ltr'><strong>ridetur</strong></span> <span class='ocrx_word' id='word_1_101' title='bbox 360 1114 503 1176; x_wconf 82' lang='lat' dir='ltr'><strong>maxime</strong></span> <span class='ocrx_word' id='word_1_102' title='bbox 530 1108 713 1190; x_wconf 89' lang='lat' dir='ltr'><strong>probabilis,</strong></span> <span class='ocrx_word' id='word_1_103' title='bbox 743 1120 864 1173; x_wconf 87' lang='lat' dir='ltr'><strong>certam</strong></span> <span class='ocrx_word' id='word_1_104' title='bbox 888 1109 986 1173; x_wconf 86' lang='lat' dir='ltr'><strong>fuisse</strong></span> <span class='ocrx_word' id='word_1_105' title='bbox 1009 1106 1176 1184; x_wconf 82' lang='lat' dir='ltr'><strong>melodiae,</strong></span> <span class='ocrx_word' id='word_1_106' title='bbox 1228 1105 1326 1183; x_wconf 85' lang='lat' dir='ltr'><strong>batie,</strong></span> <span class='ocrx_word' id='word_1_107' title='bbox 1356 1126 1458 1187; x_wconf 92' lang='lat' dir='ltr'><strong>quum</strong></span> <span class='ocrx_word' id='word_1_108' title='bbox 1488 1106 1586 1170; x_wconf 86' lang='lat' dir='ltr'><strong>rebus</strong></span> <span class='ocrx_word' id='word_1_109' title='bbox 1614 1107 1761 1172; x_wconf 84' lang='lat' dir='ltr'><strong>adversis</strong></span> <span class='ocrx_word' id='word_1_110' title='bbox 1789 1107 1912 1186; x_wconf 75' lang='lat' dir='ltr'><strong>afflicti,</strong></span> <span class='ocrx_word' id='word_1_111' title='bbox 1939 1106 1974 1172; x_wconf 91' lang='lat' dir='ltr'><strong>in</strong></span> <span class='ocrx_word' id='word_1_112' title='bbox 1995 1106 2066 1172; x_wconf 91' lang='lat' dir='ltr'><strong>Deo</strong></span> <span class='ocrx_word' id='word_1_113' title='bbox 2088 1114 2204 1171; x_wconf 61' lang='lat' dir='ltr'><strong>nmen</strong></span> 
     </span>
     <span class='ocr_line' id='line_1_11' title="bbox 209 1190 2203 1278; baseline -0.002 -19"><span class='ocrx_word' id='word_1_114' title='bbox 209 1197 261 1261; x_wconf 84' lang='lat' dir='ltr'><strong>vel</strong></span> <span class='ocrx_word' id='word_1_115' title='bbox 283 1197 400 1261; x_wconf 88' lang='lat' dir='ltr'><strong>cantici</strong></span> <span class='ocrx_word' id='word_1_116' title='bbox 423 1195 581 1278; x_wconf 89' lang='lat' dir='ltr'><strong>speeiem:</strong></span> <span class='ocrx_word' id='word_1_117' title='bbox 609 1213 647 1258; x_wconf 90' lang='lat' dir='ltr'><strong>ae</strong></span> <span class='ocrx_word' id='word_1_118' title='bbox 661 1195 689 1257; x_wconf 91' lang='lat' dir='ltr'><strong>si</strong></span> <span class='ocrx_word' id='word_1_119' title='bbox 712 1195 785 1275; x_wconf 89' lang='lat' dir='ltr'><strong>quis</strong></span> <span class='ocrx_word' id='word_1_120' title='bbox 806 1193 860 1257; x_wconf 83' lang='lat' dir='ltr'><strong>vel</strong></span> <span class='ocrx_word' id='word_1_121' title='bbox 883 1192 1094 1276; x_wconf 80' lang='lat' dir='ltr'><strong>Sapphieum,</strong></span> <span class='ocrx_word' id='word_1_122' title='bbox 1122 1191 1176 1255; x_wconf 86' lang='lat' dir='ltr'><strong>vel</strong></span> <span class='ocrx_word' id='word_1_123' title='bbox 1228 1212 1243 1254; x_wconf 92' lang='lat' dir='ltr'><strong>s</strong></span> <span class='ocrx_word' id='word_1_124' title='bbox 1287 1210 1359 1254; x_wconf 89' lang='lat' dir='ltr'><strong>rare</strong></span> <span class='ocrx_word' id='word_1_125' title='bbox 1393 1212 1460 1254; x_wconf 93' lang='lat' dir='ltr'><strong>non</strong></span> <span class='ocrx_word' id='word_1_126' title='bbox 1502 1190 1690 1257; x_wconf 89' lang='lat' dir='ltr'><strong>desinimus.</strong></span> <span class='ocrx_word' id='word_1_127' title='bbox 1744 1191 1833 1256; x_wconf 90' lang='lat' dir='ltr'><strong>Hine</strong></span> <span class='ocrx_word' id='word_1_128' title='bbox 1871 1192 1973 1257; x_wconf 81' lang='lat' dir='ltr'><strong>etiam</strong></span> <span class='ocrx_word' id='word_1_129' title='bbox 2005 1190 2203 1275; x_wconf 77' lang='lat' dir='ltr'><strong>colligimus,</strong></span> 
     </span>
     <span class='ocr_line' id='line_1_12' title="bbox 209 1276 2202 1361; baseline -0.004 -14"><span class='ocrx_word' id='word_1_130' title='bbox 209 1282 424 1347; x_wconf 88' lang='lat' dir='ltr'><strong>Phaleueiam</strong></span> <span class='ocrx_word' id='word_1_131' title='bbox 464 1300 595 1345; x_wconf 88' lang='lat' dir='ltr'><strong>earmen</strong></span> <span class='ocrx_word' id='word_1_132' title='bbox 632 1278 727 1343; x_wconf 88' lang='lat' dir='ltr'><strong>dieat.</strong></span> <span class='ocrx_word' id='word_1_133' title='bbox 773 1278 838 1343; x_wconf 81' lang='lat' dir='ltr'><strong>Sed</strong></span> <span class='ocrx_word' id='word_1_134' title='bbox 872 1298 932 1361; x_wconf 83' lang='lat' dir='ltr'><strong>ege</strong></span> <span class='ocrx_word' id='word_1_135' title='bbox 965 1278 1005 1341; x_wconf 91' lang='lat' dir='ltr'><strong>de</strong></span> <span class='ocrx_word' id='word_1_136' title='bbox 1038 1297 1074 1342; x_wconf 91' lang='lat' dir='ltr'><strong>re</strong></span> <span class='ocrx_word' id='word_1_137' title='bbox 1096 1276 1176 1340; x_wconf 90' lang='lat' dir='ltr'><strong>levis</strong></span> <span class='ocrx_word' id='word_1_138' title='bbox 1227 1295 1372 1340; x_wconf 85' lang='lat' dir='ltr'><strong>oausam</strong></span> <span class='ocrx_word' id='word_1_139' title='bbox 1405 1296 1474 1340; x_wconf 90' lang='lat' dir='ltr'><strong>esse</strong></span> <span class='ocrx_word' id='word_1_140' title='bbox 1507 1277 1658 1358; x_wconf 89' lang='lat' dir='ltr'><strong>preeibus</strong></span> <span class='ocrx_word' id='word_1_141' title='bbox 1690 1278 1812 1342; x_wconf 87' lang='lat' dir='ltr'><strong>nostris</strong></span> <span class='ocrx_word' id='word_1_142' title='bbox 1844 1277 1995 1355; x_wconf 88' lang='lat' dir='ltr'><strong>ianuam,</strong></span> <span class='ocrx_word' id='word_1_143' title='bbox 2029 1278 2091 1343; x_wconf 92' lang='lat' dir='ltr'><strong>nisi</strong></span> <span class='ocrx_word' id='word_1_144' title='bbox 2127 1295 2202 1341; x_wconf 84' lang='lat' dir='ltr'><strong>eam</strong></span> 
     </span>
     <span class='ocr_line' id='line_1_13' title="bbox 208 1360 2202 1445; baseline -0.004 -13"><span class='ocrx_word' id='word_1_145' title='bbox 208 1368 364 1432; x_wconf 86' lang='lat' dir='ltr'><strong>momenti</strong></span> <span class='ocrx_word' id='word_1_146' title='bbox 383 1387 449 1429; x_wconf 84' lang='lat' dir='ltr'><strong>nan</strong></span> <span class='ocrx_word' id='word_1_147' title='bbox 468 1363 637 1428; x_wconf 87' lang='lat' dir='ltr'><strong>contendo.</strong></span> <span class='ocrx_word' id='word_1_148' title='bbox 672 1364 783 1437; x_wconf 86' lang='lat' dir='ltr'><strong>Porro,</strong></span> <span class='ocrx_word' id='word_1_149' title='bbox 802 1362 887 1445; x_wconf 92' lang='lat' dir='ltr'><strong>quod</strong></span> <span class='ocrx_word' id='word_1_150' title='bbox 906 1363 1057 1427; x_wconf 88' lang='lat' dir='ltr'><strong>Psalmus</strong></span> <span class='ocrx_word' id='word_1_151' title='bbox 1075 1360 1176 1426; x_wconf 84' lang='lat' dir='ltr'><strong>fuisse</strong></span> <span class='ocrx_word' id='word_1_152' title='bbox 1227 1360 1328 1424; x_wconf 87' lang='lat' dir='ltr'><strong>elevis</strong></span> <span class='ocrx_word' id='word_1_153' title='bbox 1351 1360 1488 1425; x_wconf 90' lang='lat' dir='ltr'><strong>fidueiae</strong></span> <span class='ocrx_word' id='word_1_154' title='bbox 1510 1363 1643 1444; x_wconf 89' lang='lat' dir='ltr'><strong>aperiat.</strong></span> <span class='ocrx_word' id='word_1_155' title='bbox 1676 1362 1746 1427; x_wconf 91' lang='lat' dir='ltr'><strong>Nee</strong></span> <span class='ocrx_word' id='word_1_156' title='bbox 1767 1382 2009 1443; x_wconf 86' lang='lat' dir='ltr'><strong>supervacuum</strong></span> <span class='ocrx_word' id='word_1_157' title='bbox 2030 1372 2088 1438; x_wconf 86' lang='lat' dir='ltr'><strong>est,</strong></span> <span class='ocrx_word' id='word_1_158' title='bbox 2113 1360 2202 1444; x_wconf 91' lang='lat' dir='ltr'><strong>quod</strong></span> 
     </span>
     <span class='ocr_line' id='line_1_14' title="bbox 207 1444 2202 1535; baseline -0.004 -17"><span class='ocrx_word' id='word_1_159' title='bbox 207 1453 407 1535; x_wconf 86' lang='lat' dir='ltr'><strong>compositus</strong></span> <span class='ocrx_word' id='word_1_160' title='bbox 439 1449 559 1513; x_wconf 89' lang='lat' dir='ltr'><strong>dieitur</strong></span> <span class='ocrx_word' id='word_1_161' title='bbox 589 1469 687 1530; x_wconf 92' lang='lat' dir='ltr'><strong>super</strong></span> <span class='ocrx_word' id='word_1_162' title='bbox 720 1448 829 1513; x_wconf 88' lang='lat' dir='ltr'><strong>verbis</strong></span> <span class='ocrx_word' id='word_1_163' title='bbox 859 1447 961 1526; x_wconf 83' lang='lat' dir='ltr'><strong>Chae,</strong></span> <span class='ocrx_word' id='word_1_164' title='bbox 996 1446 1077 1511; x_wconf 89' lang='lat' dir='ltr'><strong>mihi</strong></span> <span class='ocrx_word' id='word_1_165' title='bbox 1111 1467 1175 1510; x_wconf 94' lang='lat' dir='ltr'><strong>non</strong></span> <span class='ocrx_word' id='word_1_166' title='bbox 1227 1444 1382 1510; x_wconf 84' lang='lat' dir='ltr'><strong>lehevam</strong></span> <span class='ocrx_word' id='word_1_167' title='bbox 1406 1446 1547 1528; x_wconf 85' lang='lat' dir='ltr'><strong>appellat</strong></span> <span class='ocrx_word' id='word_1_168' title='bbox 1559 1446 1666 1511; x_wconf 91' lang='lat' dir='ltr'><strong>Deum</strong></span> <span class='ocrx_word' id='word_1_169' title='bbox 1689 1468 1795 1526; x_wconf 89' lang='lat' dir='ltr'><strong>suum,</strong></span> <span class='ocrx_word' id='word_1_170' title='bbox 1818 1447 1876 1512; x_wconf 89' lang='lat' dir='ltr'><strong>sed</strong></span> <span class='ocrx_word' id='word_1_171' title='bbox 1889 1448 1951 1514; x_wconf 90' lang='lat' dir='ltr'><strong>hee</strong></span> <span class='ocrx_word' id='word_1_172' title='bbox 1968 1447 2063 1514; x_wconf 84' lang='lat' dir='ltr'><strong>velut</strong></span> <span class='ocrx_word' id='word_1_173' title='bbox 2079 1466 2202 1529; x_wconf 75' lang='lat' dir='ltr'><strong>aggere</strong></span> 
     </span>
     <span class='ocr_line' id='line_1_15' title="bbox 208 1530 2203 1619; baseline -0.003 -18"><span class='ocrx_word' id='word_1_174' title='bbox 208 1538 316 1619; x_wconf 85' lang='lat' dir='ltr'><strong>placet</strong></span> <span class='ocrx_word' id='word_1_175' title='bbox 345 1536 445 1619; x_wconf 91' lang='lat' dir='ltr'><strong>(quod</strong></span> <span class='ocrx_word' id='word_1_176' title='bbox 468 1536 568 1615; x_wconf 84' lang='lat' dir='ltr'><strong>vulga</strong></span> <span class='ocrx_word' id='word_1_177' title='bbox 592 1549 701 1596; x_wconf 87' lang='lat' dir='ltr'><strong>tamen</strong></span> <span class='ocrx_word' id='word_1_178' title='bbox 723 1543 889 1615; x_wconf 90' lang='lat' dir='ltr'><strong>reeeptum</strong></span> <span class='ocrx_word' id='word_1_179' title='bbox 911 1533 973 1617; x_wconf 86' lang='lat' dir='ltr'><strong>est)</strong></span> <span class='ocrx_word' id='word_1_180' title='bbox 996 1554 1054 1614; x_wconf 93' lang='lat' dir='ltr'><strong>per</strong></span> <span class='ocrx_word' id='word_1_181' title='bbox 1076 1530 1177 1596; x_wconf 85' lang='lat' dir='ltr'><strong>verba</strong></span> <span class='ocrx_word' id='word_1_182' title='bbox 1225 1549 1245 1592; x_wconf 97' lang='lat' dir='ltr'><strong>o</strong></span> <span class='ocrx_word' id='word_1_183' title='bbox 1269 1532 1373 1613; x_wconf 88' lang='lat' dir='ltr'><strong>posito</strong></span> <span class='ocrx_word' id='word_1_184' title='bbox 1396 1534 1613 1596; x_wconf 73' lang='lat' dir='ltr'><strong>tentationum</strong></span> <span class='ocrx_word' id='word_1_185' title='bbox 1635 1534 1753 1597; x_wconf 86' lang='lat' dir='ltr'><strong>fluetus</strong></span> <span class='ocrx_word' id='word_1_186' title='bbox 1771 1533 1908 1617; x_wconf 83' lang='lat' dir='ltr'><strong>repellit,</strong></span> <span class='ocrx_word' id='word_1_187' title='bbox 1930 1552 1974 1597; x_wconf 91' lang='lat' dir='ltr'><strong>ne</strong></span> <span class='ocrx_word' id='word_1_188' title='bbox 1995 1530 2091 1597; x_wconf 88' lang='lat' dir='ltr'><strong>fidem</strong></span> <span class='ocrx_word' id='word_1_189' title='bbox 2104 1551 2203 1596; x_wconf 83' lang='lat' dir='ltr'><strong>suam</strong></span> 
     </span>
     <span class='ocr_line' id='line_1_16' title="bbox 209 1552 2202 1704; baseline -0.003 -19"><span class='ocrx_word' id='word_1_190' title='bbox 209 1622 375 1704; x_wconf 78' lang='lat' dir='ltr'><strong>negotium</strong></span> <span class='ocrx_word' id='word_1_191' title='bbox 415 1618 565 1701; x_wconf 78' lang='lat' dir='ltr'><strong>intelligi.</strong></span> <span class='ocrx_word' id='word_1_192' title='bbox 610 1618 731 1682; x_wconf 79' lang='lat' dir='ltr'><strong>Fateor</strong></span> <span class='ocrx_word' id='word_1_193' title='bbox 760 1617 889 1700; x_wconf 91' lang='lat' dir='ltr'><strong>quidem</strong></span> <span class='ocrx_word' id='word_1_194' title='bbox 919 1617 1079 1682; x_wconf 81' lang='lat' dir='ltr'><strong>Hebraeis</strong></span> <span class='ocrx_word' id='word_1_195' title='bbox 1109 1617 1175 1682; x_wconf 87' lang='lat' dir='ltr'><strong>usi·</strong></span> <span class='ocrx_word' id='word_1_196' title='bbox 1227 1552 1377 1680; x_wconf 73' lang='lat' dir='ltr'><strong>eliaam.</strong></span> <span class='ocrx_word' id='word_1_197' title='bbox 1420 1615 1461 1680; x_wconf 94' lang='lat' dir='ltr'><strong>In</strong></span> <span class='ocrx_word' id='word_1_198' title='bbox 1499 1616 1641 1681; x_wconf 91' lang='lat' dir='ltr'><strong>seeundo</strong></span> <span class='ocrx_word' id='word_1_199' title='bbox 1681 1639 1794 1695; x_wconf 86' lang='lat' dir='ltr'><strong>versu,</strong></span> <span class='ocrx_word' id='word_1_200' title='bbox 1836 1618 1940 1682; x_wconf 87' lang='lat' dir='ltr'><strong>leonis</strong></span> <span class='ocrx_word' id='word_1_201' title='bbox 1979 1615 2202 1681; x_wconf 84' lang='lat' dir='ltr'><strong>similitudine</strong></span> 
     </span>
    </p>
   </div>
   <div class='ocr_carea' id='block_1_3' title="bbox 207 1699 2204 2003">
    <p class='ocr_par' dir='ltr' id='par_1_4' title="bbox 207 1699 2204 2003">
     <span class='ocr_line' id='line_1_17' title="bbox 209 1699 2204 1788; baseline -0.002 -19"><span class='ocrx_word' id='word_1_202' title='bbox 209 1719 308 1771; x_wconf 88' lang='lat' dir='ltr'><strong>tutam</strong></span> <span class='ocrx_word' id='word_1_203' title='bbox 331 1726 402 1769; x_wconf 86' lang='lat' dir='ltr'><strong>osse</strong></span> <span class='ocrx_word' id='word_1_204' title='bbox 425 1703 577 1785; x_wconf 88' lang='lat' dir='ltr'><strong>loquendi</strong></span> <span class='ocrx_word' id='word_1_205' title='bbox 600 1703 748 1782; x_wconf 88' lang='lat' dir='ltr'><strong>formam,</strong></span> <span class='ocrx_word' id='word_1_206' title='bbox 772 1712 808 1767; x_wconf 85' lang='lat' dir='ltr'><strong>at</strong></span> <span class='ocrx_word' id='word_1_207' title='bbox 830 1703 965 1767; x_wconf 89' lang='lat' dir='ltr'><strong>verbam</strong></span> <span class='ocrx_word' id='word_1_208' title='bbox 989 1724 1047 1784; x_wconf 92' lang='lat' dir='ltr'><strong>pre</strong></span> <span class='ocrx_word' id='word_1_209' title='bbox 1069 1723 1104 1766; x_wconf 94' lang='lat' dir='ltr'><strong>re</strong></span> <span class='ocrx_word' id='word_1_210' title='bbox 1120 1702 1176 1765; x_wconf 86' lang='lat' dir='ltr'><strong>vel</strong></span> <span class='ocrx_word' id='word_1_211' title='bbox 1229 1699 1338 1788; x_wconf 81' lang='lat' dir='ltr'><strong>Saulis</strong></span> <span class='ocrx_word' id='word_1_212' title='bbox 1356 1702 1526 1766; x_wconf 89' lang='lat' dir='ltr'><strong>saevitiam</strong></span> <span class='ocrx_word' id='word_1_213' title='bbox 1546 1704 1734 1786; x_wconf 89' lang='lat' dir='ltr'><strong>amplifieat,</strong></span> <span class='ocrx_word' id='word_1_214' title='bbox 1757 1723 1822 1784; x_wconf 92' lang='lat' dir='ltr'><strong>quo</strong></span> <span class='ocrx_word' id='word_1_215' title='bbox 1841 1703 2034 1785; x_wconf 87' lang='lat' dir='ltr'><strong>propensior</strong></span> <span class='ocrx_word' id='word_1_216' title='bbox 2051 1702 2094 1766; x_wconf 88' lang='lat' dir='ltr'><strong>sit</strong></span> <span class='ocrx_word' id='word_1_217' title='bbox 2108 1702 2204 1766; x_wconf 89' lang='lat' dir='ltr'><strong>Deus</strong></span> 
     </span>
     <span class='ocr_line' id='line_1_18' title="bbox 207 1785 2203 1870; baseline -0.002 -15"><span class='ocrx_word' id='word_1_218' title='bbox 207 1812 304 1856; x_wconf 86' lang='lat' dir='ltr'><strong>causa</strong></span> <span class='ocrx_word' id='word_1_219' title='bbox 326 1801 493 1854; x_wconf 88' lang='lat' dir='ltr'><strong>sumatur:</strong></span> <span class='ocrx_word' id='word_1_220' title='bbox 517 1787 573 1851; x_wconf 88' lang='lat' dir='ltr'><strong>sed</strong></span> <span class='ocrx_word' id='word_1_221' title='bbox 595 1789 669 1868; x_wconf 89' lang='lat' dir='ltr'><strong>quia</strong></span> <span class='ocrx_word' id='word_1_222' title='bbox 687 1790 784 1870; x_wconf 90' lang='lat' dir='ltr'><strong>paulo</strong></span> <span class='ocrx_word' id='word_1_223' title='bbox 803 1798 876 1869; x_wconf 88' lang='lat' dir='ltr'><strong>post</strong></span> <span class='ocrx_word' id='word_1_224' title='bbox 894 1789 1048 1869; x_wconf 87' lang='lat' dir='ltr'><strong>exprimit</strong></span> <span class='ocrx_word' id='word_1_225' title='bbox 1065 1785 1176 1850; x_wconf 86' lang='lat' dir='ltr'><strong>David</strong></span> <span class='ocrx_word' id='word_1_226' title='bbox 1226 1786 1268 1850; x_wconf 89' lang='lat' dir='ltr'><strong>ad</strong></span> <span class='ocrx_word' id='word_1_227' title='bbox 1291 1806 1384 1868; x_wconf 90' lang='lat' dir='ltr'><strong>opem</strong></span> <span class='ocrx_word' id='word_1_228' title='bbox 1407 1785 1591 1851; x_wconf 81' lang='lat' dir='ltr'><strong>ferendam:</strong></span> <span class='ocrx_word' id='word_1_229' title='bbox 1614 1790 1708 1854; x_wconf 85' lang='lat' dir='ltr'><strong>sicuti</strong></span> <span class='ocrx_word' id='word_1_230' title='bbox 1732 1788 1793 1853; x_wconf 92' lang='lat' dir='ltr'><strong>hoe</strong></span> <span class='ocrx_word' id='word_1_231' title='bbox 1815 1789 1875 1853; x_wconf 89' lang='lat' dir='ltr'><strong>sibi</strong></span> <span class='ocrx_word' id='word_1_232' title='bbox 1893 1808 2012 1853; x_wconf 89' lang='lat' dir='ltr'><strong>munus</strong></span> <span class='ocrx_word' id='word_1_233' title='bbox 2034 1787 2203 1863; x_wconf 83' lang='lat' dir='ltr'><strong>vendieat,</strong></span> 
     </span>
     <span class='ocr_line' id='line_1_19' title="bbox 1199 1872 2002 2003; baseline 0.004 -68"><span class='ocrx_word' id='word_1_234' title='bbox 1199 1912 1203 2003; x_wconf 41' lang='grc' dir='ltr'>ἱ</span> <span class='ocrx_word' id='word_1_235' title='bbox 1226 1873 1363 1936; x_wconf 85' lang='lat' dir='ltr'><strong>miserae</strong></span> <span class='ocrx_word' id='word_1_236' title='bbox 1379 1892 1457 1937; x_wconf 86' lang='lat' dir='ltr'><strong>oves</strong></span> <span class='ocrx_word' id='word_1_237' title='bbox 1478 1893 1497 1936; x_wconf 98' lang='lat' dir='ltr'><strong>e</strong></span> <span class='ocrx_word' id='word_1_238' title='bbox 1520 1872 1667 1938; x_wconf 83' lang='lat' dir='ltr'><strong>faucibus</strong></span> <span class='ocrx_word' id='word_1_239' title='bbox 1688 1873 1843 1956; x_wconf 89' lang='lat' dir='ltr'><strong>luporum</strong></span> <span class='ocrx_word' id='word_1_240' title='bbox 1865 1874 2002 1956; x_wconf 86' lang='lat' dir='ltr'><strong>eripere.</strong></span> 
     </span>
    </p>
   </div>
   <div class='ocr_carea' id='block_1_4' title="bbox 204 1871 2206 2637">
    <p class='ocr_par' dir='ltr' id='par_1_5' title="bbox 204 1871 2206 2552">
     <span class='ocr_line' id='line_1_20' title="bbox 204 1871 1175 1956; baseline -0.004 -16"><span class='ocrx_word' id='word_1_241' title='bbox 204 1876 278 1940; x_wconf 79' lang='lat' dir='ltr'><strong>falsi</strong></span> <span class='ocrx_word' id='word_1_242' title='bbox 297 1876 446 1940; x_wconf 90' lang='lat' dir='ltr'><strong>criminis</strong></span> <span class='ocrx_word' id='word_1_243' title='bbox 465 1872 587 1937; x_wconf 81' lang='lat' dir='ltr'><strong>invidia</strong></span> <span class='ocrx_word' id='word_1_244' title='bbox 604 1894 639 1937; x_wconf 91' lang='lat' dir='ltr'><strong>se</strong></span> <span class='ocrx_word' id='word_1_245' title='bbox 656 1874 757 1938; x_wconf 87' lang='lat' dir='ltr'><strong>fuisse</strong></span> <span class='ocrx_word' id='word_1_246' title='bbox 778 1883 962 1956; x_wconf 77' lang='lat' dir='ltr'><strong>gravatum,</strong></span> <span class='ocrx_word' id='word_1_247' title='bbox 984 1894 1047 1936; x_wconf 94' lang='lat' dir='ltr'><strong>non</strong></span> <span class='ocrx_word' id='word_1_248' title='bbox 1064 1871 1175 1936; x_wconf 89' lang='lat' dir='ltr'><strong>dubito</strong></span> 
     </span>
     <span class='ocr_line' id='line_1_21' title="bbox 207 1957 1174 2042; baseline -0.006 -17"><span class='ocrx_word' id='word_1_249' title='bbox 207 1961 350 2042; x_wconf 88' lang='lat' dir='ltr'><strong>quiade</strong></span> <span class='ocrx_word' id='word_1_250' title='bbox 378 1960 449 2040; x_wconf 86' lang='lat' dir='ltr'><strong>ipsa</strong></span> <span class='ocrx_word' id='word_1_251' title='bbox 480 1957 641 2022; x_wconf 86' lang='lat' dir='ltr'><strong>delatione</strong></span> <span class='ocrx_word' id='word_1_252' title='bbox 671 1958 722 2023; x_wconf 88' lang='lat' dir='ltr'><strong>vel</strong></span> <span class='ocrx_word' id='word_1_253' title='bbox 752 1959 915 2023; x_wconf 91' lang='lat' dir='ltr'><strong>ealumnia</strong></span> <span class='ocrx_word' id='word_1_254' title='bbox 937 1958 991 2022; x_wconf 91' lang='lat' dir='ltr'><strong>hie</strong></span> <span class='ocrx_word' id='word_1_255' title='bbox 1012 1957 1174 2040; x_wconf 86' lang='lat' dir='ltr'><strong>loquatur,</strong></span> 
     </span>
     <span class='ocr_line' id='line_1_22' title="bbox 206 2040 2204 2123; baseline -0.002 -14"><span class='ocrx_word' id='word_1_256' title='bbox 206 2046 300 2109; x_wconf 88' lang='lat' dir='ltr'><strong>caius</strong></span> <span class='ocrx_word' id='word_1_257' title='bbox 327 2056 484 2121; x_wconf 88' lang='lat' dir='ltr'><strong>autorem,</strong></span> <span class='ocrx_word' id='word_1_258' title='bbox 521 2043 571 2106; x_wconf 86' lang='lat' dir='ltr'><strong>vel</strong></span> <span class='ocrx_word' id='word_1_259' title='bbox 607 2055 695 2107; x_wconf 88' lang='lat' dir='ltr'><strong>eerte</strong></span> <span class='ocrx_word' id='word_1_260' title='bbox 728 2045 914 2107; x_wconf 89' lang='lat' dir='ltr'><strong>ministrum</strong></span> <span class='ocrx_word' id='word_1_261' title='bbox 945 2043 1045 2107; x_wconf 83' lang='lat' dir='ltr'><strong>luisse</strong></span> <span class='ocrx_word' id='word_1_262' title='bbox 1074 2044 1174 2106; x_wconf 85' lang='lat' dir='ltr'><strong>inter·</strong></span> <span class='ocrx_word' id='word_1_263' title='bbox 1313 2040 1342 2106; x_wconf 84' lang='grc'><strong>4.</strong></span> <span class='ocrx_word' id='word_1_264' title='bbox 1367 2041 1481 2106; x_wconf 84' lang='lat' dir='ltr'><strong>Ieboea</strong></span> <span class='ocrx_word' id='word_1_265' title='bbox 1510 2041 1600 2107; x_wconf 80' lang='lat' dir='ltr'><strong>Deus</strong></span> <span class='ocrx_word' id='word_1_266' title='bbox 1620 2044 1675 2122; x_wconf 76' lang='lat' dir='ltr'><strong>mi,</strong></span> <span class='ocrx_word' id='word_1_267' title='bbox 1703 2045 1735 2107; x_wconf 82' lang='lat' dir='ltr'><strong>si</strong></span> <span class='ocrx_word' id='word_1_268' title='bbox 1754 2043 1815 2121; x_wconf 76' lang='lat' dir='ltr'><strong>feci</strong></span> <span class='ocrx_word' id='word_1_269' title='bbox 1837 2045 1932 2122; x_wconf 60' lang='lat' dir='ltr'><strong>atad,</strong></span> <span class='ocrx_word' id='word_1_270' title='bbox 1961 2045 1993 2107; x_wconf 82' lang='lat' dir='ltr'><strong>ei</strong></span> <span class='ocrx_word' id='word_1_271' title='bbox 2014 2046 2059 2106; x_wconf 76' lang='lat' dir='ltr'><strong>eet</strong></span> <span class='ocrx_word' id='word_1_272' title='bbox 2080 2041 2204 2123; x_wconf 79' lang='lat' dir='ltr'><strong>iniqui·</strong></span> 
     </span>
     <span class='ocr_line' id='line_1_23' title="bbox 206 2126 2204 2213; baseline -0.001 -20"><span class='ocrx_word' id='word_1_273' title='bbox 206 2144 317 2213; x_wconf 91' lang='lat' dir='ltr'><strong>pretor</strong></span> <span class='ocrx_word' id='word_1_274' title='bbox 360 2128 462 2202; x_wconf 77' lang='lat' dir='ltr'><strong>Clitis,</strong></span> <span class='ocrx_word' id='word_1_275' title='bbox 506 2128 648 2209; x_wconf 88' lang='lat' dir='ltr'><strong>aliquem</strong></span> <span class='ocrx_word' id='word_1_276' title='bbox 692 2151 733 2193; x_wconf 84' lang='lat' dir='ltr'><strong>ex</strong></span> <span class='ocrx_word' id='word_1_277' title='bbox 766 2128 1019 2211; x_wconf 84' lang='lat' dir='ltr'><strong>consanguineis</strong></span> <span class='ocrx_word' id='word_1_278' title='bbox 1053 2126 1174 2191; x_wconf 85' lang='lat' dir='ltr'><strong>Saulis.</strong></span> <span class='ocrx_word' id='word_1_279' title='bbox 1227 2130 1276 2190; x_wconf 81' lang='lat' dir='ltr'><strong>lus</strong></span> <span class='ocrx_word' id='word_1_280' title='bbox 1307 2127 1341 2191; x_wconf 81' lang='lat' dir='ltr'><strong>ia</strong></span> <span class='ocrx_word' id='word_1_281' title='bbox 1369 2127 1516 2191; x_wconf 75' lang='lat' dir='ltr'><strong>erauldus</strong></span> <span class='ocrx_word' id='word_1_282' title='bbox 1536 2130 1630 2193; x_wconf 75' lang='lat' dir='ltr'><strong>racis:</strong></span> <span class='ocrx_word' id='word_1_283' title='bbox 1672 2129 1703 2192; x_wconf 83' lang='lat'><strong>5.</strong></span> <span class='ocrx_word' id='word_1_284' title='bbox 1727 2128 1766 2192; x_wconf 72' lang='lat' dir='ltr'><strong>a·</strong></span> <span class='ocrx_word' id='word_1_285' title='bbox 1791 2131 1922 2210; x_wconf 77' lang='lat' dir='ltr'><strong>repertdt&#39;</strong></span> <span class='ocrx_word' id='word_1_286' title='bbox 1941 2148 2052 2210; x_wconf 80' lang='lat' dir='ltr'><strong>paoem</strong></span> <span class='ocrx_word' id='word_1_287' title='bbox 2080 2146 2204 2192; x_wconf 79' lang='lat' dir='ltr'><strong>metum</strong></span> 
     </span>
     <span class='ocr_line' id='line_1_24' title="bbox 207 2211 2206 2296; baseline -0.001 -18"><span class='ocrx_word' id='word_1_288' title='bbox 207 2216 321 2296; x_wconf 81' lang='lat' dir='ltr'><strong>Neque</strong></span> <span class='ocrx_word' id='word_1_289' title='bbox 349 2216 435 2277; x_wconf 90' lang='lat' dir='ltr'><strong>enim</strong></span> <span class='ocrx_word' id='word_1_290' title='bbox 466 2214 546 2278; x_wconf 89' lang='lat' dir='ltr'><strong>satis</strong></span> <span class='ocrx_word' id='word_1_291' title='bbox 568 2216 663 2277; x_wconf 88' lang='lat' dir='ltr'><strong>lirma</strong></span> <span class='ocrx_word' id='word_1_292' title='bbox 684 2215 811 2278; x_wconf 89' lang='lat' dir='ltr'><strong>ratione</strong></span> <span class='ocrx_word' id='word_1_293' title='bbox 834 2224 1009 2277; x_wconf 87' lang='lat' dir='ltr'><strong>moventur</strong></span> <span class='ocrx_word' id='word_1_294' title='bbox 1031 2213 1173 2294; x_wconf 87' lang='lat' dir='ltr'><strong>quidam,</strong></span> <span class='ocrx_word' id='word_1_295' title='bbox 1198 2272 1202 2281; x_wconf 89' lang='grc'><em>,</em></span> <span class='ocrx_word' id='word_1_296' title='bbox 1226 2211 1335 2275; x_wconf 84' lang='lat' dir='ltr'><strong>eoleatt&#39;</strong></span> <span class='ocrx_word' id='word_1_297' title='bbox 1356 2214 1494 2277; x_wconf 83' lang='lat' dir='ltr'><strong>atulam:</strong></span> <span class='ocrx_word' id='word_1_298' title='bbox 1524 2220 1552 2275; x_wconf 83' lang='lat' dir='ltr'><strong>et</strong></span> <span class='ocrx_word' id='word_1_299' title='bbox 1574 2234 1634 2277; x_wconf 81' lang='lat' dir='ltr'><strong>rroa</strong></span> <span class='ocrx_word' id='word_1_300' title='bbox 1664 2215 1771 2293; x_wconf 77' lang='lat' dir='ltr'><strong>eripui</strong></span> <span class='ocrx_word' id='word_1_301' title='bbox 1798 2217 1855 2295; x_wconf 82' lang='lat' dir='ltr'><strong>qui</strong></span> <span class='ocrx_word' id='word_1_302' title='bbox 1882 2234 1931 2278; x_wconf 81' lang='lat' dir='ltr'><strong>nte</strong></span> <span class='ocrx_word' id='word_1_303' title='bbox 1956 2212 2114 2295; x_wconf 62' lang='lat' dir='ltr'><strong>affligebat</strong></span> <span class='ocrx_word' id='word_1_304' title='bbox 2133 2212 2206 2277; x_wconf 76' lang='lat' dir='ltr'><strong>aitte</strong></span> 
     </span>
     <span class='ocr_line' id='line_1_25' title="bbox 206 2298 2206 2381; baseline -0.001 -18"><span class='ocrx_word' id='word_1_305' title='bbox 206 2313 243 2364; x_wconf 91' lang='lat' dir='ltr'><strong>ut</strong></span> <span class='ocrx_word' id='word_1_306' title='bbox 276 2299 410 2363; x_wconf 74' lang='lat' dir='ltr'><strong>Saulem</strong></span> <span class='ocrx_word' id='word_1_307' title='bbox 449 2299 576 2379; x_wconf 81' lang='lat' dir='ltr'><strong>oblique</strong></span> <span class='ocrx_word' id='word_1_308' title='bbox 611 2299 671 2363; x_wconf 89' lang='lat' dir='ltr'><strong>sub</strong></span> <span class='ocrx_word' id='word_1_309' title='bbox 704 2300 835 2363; x_wconf 90' lang='lat' dir='ltr'><strong>nomine</strong></span> <span class='ocrx_word' id='word_1_310' title='bbox 861 2299 968 2361; x_wconf 87' lang='lat' dir='ltr'><strong>alieno</strong></span> <span class='ocrx_word' id='word_1_311' title='bbox 997 2299 1173 2381; x_wconf 77' lang='lat' dir='ltr'><strong>perstringi</strong></span> <span class='ocrx_word' id='word_1_312' title='bbox 1225 2317 1339 2361; x_wconf 79' lang='lat' dir='ltr'><strong>causo:</strong></span> <span class='ocrx_word' id='word_1_313' title='bbox 1382 2302 1414 2360; x_wconf 84' lang='lat'><strong>6.</strong></span> <span class='ocrx_word' id='word_1_314' title='bbox 1438 2298 1654 2377; x_wconf 76' lang='lat' dir='ltr'><strong>Persequatur</strong></span> <span class='ocrx_word' id='word_1_315' title='bbox 1686 2300 1834 2364; x_wconf 72' lang='lat' dir='ltr'><strong>interires</strong></span> <span class='ocrx_word' id='word_1_316' title='bbox 1862 2300 2005 2364; x_wconf 77' lang='lat' dir='ltr'><strong>calmum</strong></span> <span class='ocrx_word' id='word_1_317' title='bbox 2032 2317 2145 2376; x_wconf 74' lang='lat' dir='ltr'><strong>mam,</strong></span> <span class='ocrx_word' id='word_1_318' title='bbox 2175 2302 2206 2361; x_wconf 79' lang='lat' dir='ltr'><strong>et</strong></span> 
     </span>
     <span class='ocr_line' id='line_1_26' title="bbox 207 2382 2203 2464; baseline -0.001 -17"><span class='ocrx_word' id='word_1_319' title='bbox 207 2384 327 2449; x_wconf 87' lang='lat' dir='ltr'><strong>dieant.</strong></span> <span class='ocrx_word' id='word_1_320' title='bbox 371 2384 402 2447; x_wconf 85' lang='lat' dir='ltr'>A</span> <span class='ocrx_word' id='word_1_321' title='bbox 425 2404 504 2448; x_wconf 77' lang='lat' dir='ltr'><strong>vero</strong></span> <span class='ocrx_word' id='word_1_322' title='bbox 525 2383 657 2448; x_wconf 88' lang='lat' dir='ltr'><strong>nomine</strong></span> <span class='ocrx_word' id='word_1_323' title='bbox 678 2384 856 2449; x_wconf 86' lang='lat' dir='ltr'><strong>seeundum</strong></span> <span class='ocrx_word' id='word_1_324' title='bbox 880 2386 977 2464; x_wconf 84' lang='lat' dir='ltr'><strong>ipsos,</strong></span> <span class='ocrx_word' id='word_1_325' title='bbox 1006 2382 1079 2446; x_wconf 90' lang='lat' dir='ltr'><strong>ideo</strong></span> <span class='ocrx_word' id='word_1_326' title='bbox 1101 2382 1173 2445; x_wconf 86' lang='lat' dir='ltr'><strong>aba·</strong></span> <span class='ocrx_word' id='word_1_327' title='bbox 1225 2382 1473 2462; x_wconf 76' lang='lat' dir='ltr'><strong>eerrtprelreadul:</strong></span> <span class='ocrx_word' id='word_1_328' title='bbox 1500 2389 1528 2445; x_wconf 84' lang='lat' dir='ltr'><strong>et</strong></span> <span class='ocrx_word' id='word_1_329' title='bbox 1550 2390 1735 2464; x_wconf 76' lang='lat' dir='ltr'><strong>prosternet</strong></span> <span class='ocrx_word' id='word_1_330' title='bbox 1757 2386 1793 2448; x_wconf 78' lang='lat' dir='ltr'><strong>iu</strong></span> <span class='ocrx_word' id='word_1_331' title='bbox 1822 2391 1940 2449; x_wconf 84' lang='lat' dir='ltr'><strong>terram</strong></span> <span class='ocrx_word' id='word_1_332' title='bbox 1969 2384 2067 2447; x_wconf 79' lang='lat' dir='ltr'><strong>ellam</strong></span> <span class='ocrx_word' id='word_1_333' title='bbox 2086 2402 2203 2460; x_wconf 78' lang='lat' dir='ltr'><strong>meum,</strong></span> 
     </span>
     <span class='ocr_line' id='line_1_27' title="bbox 205 2466 2044 2552; baseline -0.001 -19"><span class='ocrx_word' id='word_1_334' title='bbox 205 2470 303 2533; x_wconf 89' lang='lat' dir='ltr'><strong>tinuit</strong></span> <span class='ocrx_word' id='word_1_335' title='bbox 332 2467 451 2541; x_wconf 80' lang='lat' dir='ltr'><strong>David,</strong></span> <span class='ocrx_word' id='word_1_336' title='bbox 484 2482 522 2530; x_wconf 92' lang='lat' dir='ltr'><strong>ut</strong></span> <span class='ocrx_word' id='word_1_337' title='bbox 554 2470 662 2551; x_wconf 87' lang='lat' dir='ltr'><strong>regiae</strong></span> <span class='ocrx_word' id='word_1_338' title='bbox 684 2470 835 2552; x_wconf 77' lang='lat' dir='ltr'><strong>dignitati</strong></span> <span class='ocrx_word' id='word_1_339' title='bbox 865 2484 1023 2551; x_wconf 83' lang='lat' dir='ltr'><strong>parceret.</strong></span> <span class='ocrx_word' id='word_1_340' title='bbox 1069 2467 1173 2530; x_wconf 89' lang='lat' dir='ltr'><strong>Pluri·</strong></span> <span class='ocrx_word' id='word_1_341' title='bbox 1199 2546 1202 2551; x_wconf 18' lang='lat'>¹</span> <span class='ocrx_word' id='word_1_342' title='bbox 1226 2471 1252 2529; x_wconf 80' lang='lat' dir='ltr'><strong>et</strong></span> <span class='ocrx_word' id='word_1_343' title='bbox 1272 2467 1405 2548; x_wconf 67' lang='lat' dir='ltr'><strong>gloriam</strong></span> <span class='ocrx_word' id='word_1_344' title='bbox 1426 2488 1526 2530; x_wconf 78' lang='lat' dir='ltr'><strong>arcura</strong></span> <span class='ocrx_word' id='word_1_345' title='bbox 1550 2470 1580 2531; x_wconf 85' lang='lat' dir='ltr'><strong>iu</strong></span> <span class='ocrx_word' id='word_1_346' title='bbox 1600 2470 1728 2548; x_wconf 81' lang='lat' dir='ltr'><strong>pulvere</strong></span> <span class='ocrx_word' id='word_1_347' title='bbox 1750 2470 1892 2533; x_wconf 79' lang='lat' dir='ltr'><strong>detiaeut.</strong></span> <span class='ocrx_word' id='word_1_348' title='bbox 1938 2466 2044 2534; x_wconf 64' lang='lat' dir='ltr'><strong>Sauli.</strong></span> 
     </span>
    </p>

    <p class='ocr_par' dir='ltr' id='par_1_6' title="bbox 204 2552 1175 2637">
     <span class='ocr_line' id='line_1_28' title="bbox 204 2552 1175 2637; baseline -0.005 -19"><span class='ocrx_word' id='word_1_349' title='bbox 204 2574 293 2618; x_wconf 91' lang='lat' dir='ltr'><strong>mum</strong></span> <span class='ocrx_word' id='word_1_350' title='bbox 323 2554 452 2637; x_wconf 89' lang='lat' dir='ltr'><strong>(fateorl</strong></span> <span class='ocrx_word' id='word_1_351' title='bbox 479 2553 566 2634; x_wconf 89' lang='lat' dir='ltr'><strong>apud</strong></span> <span class='ocrx_word' id='word_1_352' title='bbox 596 2556 703 2634; x_wconf 89' lang='lat' dir='ltr'><strong>ipsum</strong></span> <span class='ocrx_word' id='word_1_353' title='bbox 739 2554 842 2617; x_wconf 82' lang='lat' dir='ltr'><strong>valuit-</strong></span> <span class='ocrx_word' id='word_1_354' title='bbox 871 2574 982 2617; x_wconf 87' lang='lat' dir='ltr'><strong>saerae</strong></span> <span class='ocrx_word' id='word_1_355' title='bbox 1013 2552 1175 2616; x_wconf 84' lang='lat' dir='ltr'><strong>unctionis</strong></span> 
     </span>
    </p>
   </div>
   <div class='ocr_carea' id='block_1_5' title="bbox 203 2628 1203 2890">
    <p class='ocr_par' dir='ltr' id='par_1_7' title="bbox 203 2628 1203 2890">
     <span class='ocr_line' id='line_1_29' title="bbox 203 2628 1203 2718; baseline -0.007 -13"><span class='ocrx_word' id='word_1_356' title='bbox 203 2641 402 2705; x_wconf 87' lang='lat' dir='ltr'><strong>reverentia:</strong></span> <span class='ocrx_word' id='word_1_357' title='bbox 427 2628 483 2701; x_wconf 77' lang='lat' dir='ltr'><strong>sed</strong></span> <span class='ocrx_word' id='word_1_358' title='bbox 506 2658 605 2718; x_wconf 92' lang='lat' dir='ltr'><strong>quum</strong></span> <span class='ocrx_word' id='word_1_359' title='bbox 624 2638 701 2703; x_wconf 91' lang='lat' dir='ltr'><strong>alibi</strong></span> <span class='ocrx_word' id='word_1_360' title='bbox 720 2638 840 2703; x_wconf 89' lang='lat' dir='ltr'><strong>diserte</strong></span> <span class='ocrx_word' id='word_1_361' title='bbox 866 2637 998 2701; x_wconf 81' lang='lat' dir='ltr'><strong>Saulem</strong></span> <span class='ocrx_word' id='word_1_362' title='bbox 1018 2636 1175 2711; x_wconf 91' lang='lat' dir='ltr'><strong>nominet,</strong></span> <span class='ocrx_word' id='word_1_363' title='bbox 1199 2692 1203 2707; x_wconf 85' lang='grc'>,</span> 
     </span>
     <span class='ocr_line' id='line_1_30' title="bbox 203 2722 1203 2799; baseline -0.004 -12"><span class='ocrx_word' id='word_1_364' title='bbox 203 2726 259 2789; x_wconf 83' lang='lat' dir='ltr'><strong>ubi</strong></span> <span class='ocrx_word' id='word_1_365' title='bbox 282 2743 349 2787; x_wconf 90' lang='lat' dir='ltr'><strong>non</strong></span> <span class='ocrx_word' id='word_1_366' title='bbox 373 2724 482 2785; x_wconf 88' lang='lat' dir='ltr'><strong>minus</strong></span> <span class='ocrx_word' id='word_1_367' title='bbox 505 2724 623 2785; x_wconf 89' lang='lat' dir='ltr'><strong>aeriter</strong></span> <span class='ocrx_word' id='word_1_368' title='bbox 641 2723 674 2784; x_wconf 95' lang='lat' dir='ltr'><strong>in</strong></span> <span class='ocrx_word' id='word_1_369' title='bbox 693 2743 767 2787; x_wconf 88' lang='lat' dir='ltr'><strong>eum</strong></span> <span class='ocrx_word' id='word_1_370' title='bbox 786 2722 965 2799; x_wconf 82' lang='lat' dir='ltr'><strong>invehitur,</strong></span> <span class='ocrx_word' id='word_1_371' title='bbox 989 2741 1048 2786; x_wconf 88' lang='lat' dir='ltr'><strong>nee</strong></span> <span class='ocrx_word' id='word_1_372' title='bbox 1067 2722 1176 2785; x_wconf 90' lang='lat' dir='ltr'><strong>minua</strong></span> <span class='ocrx_word' id='word_1_373' title='bbox 1199 2742 1203 2783; x_wconf 88' lang='lat' dir='ltr'><strong>t</strong></span> 
     </span>
     <span class='ocr_line' id='line_1_31' title="bbox 204 2804 1202 2890; baseline -0.003 -18"><span class='ocrx_word' id='word_1_374' title='bbox 204 2822 276 2872; x_wconf 88' lang='lat' dir='ltr'><strong>atro</strong></span> <span class='ocrx_word' id='word_1_375' title='bbox 308 2806 448 2871; x_wconf 85' lang='lat' dir='ltr'><strong>carbone</strong></span> <span class='ocrx_word' id='word_1_376' title='bbox 481 2827 555 2869; x_wconf 89' lang='lat' dir='ltr'><strong>eum</strong></span> <span class='ocrx_word' id='word_1_377' title='bbox 590 2807 747 2890; x_wconf 81' lang='lat' dir='ltr'><strong>depingit..</strong></span> <span class='ocrx_word' id='word_1_378' title='bbox 787 2828 846 2872; x_wconf 90' lang='lat' dir='ltr'><strong>our</strong></span> <span class='ocrx_word' id='word_1_379' title='bbox 879 2808 932 2871; x_wconf 86' lang='lat' dir='ltr'><strong>hie</strong></span> <span class='ocrx_word' id='word_1_380' title='bbox 966 2808 1072 2888; x_wconf 66' lang='lat' dir='ltr'><strong>potius</strong></span> <span class='ocrx_word' id='word_1_381' title='bbox 1105 2804 1202 2869; x_wconf 49' lang='lat' dir='ltr'><strong>eiua!</strong></span> 
     </span>
    </p>
   </div>
   <div class='ocr_carea' id='block_1_6' title="bbox 1226 2635 2203 2889">
    <p class='ocr_par' dir='ltr' id='par_1_8' title="bbox 1226 2635 2203 2889">
     <span class='ocr_line' id='line_1_32' title="bbox 1311 2635 2203 2722; baseline 0.006 -25"><span class='ocrx_word' id='word_1_382' title='bbox 1311 2636 1343 2698; x_wconf 80' lang='lat'><strong>4.</strong></span> <span class='ocrx_word' id='word_1_383' title='bbox 1366 2635 1494 2717; x_wconf 78' lang='lat' dir='ltr'><strong>(Iclroua</strong></span> <span class='ocrx_word' id='word_1_384' title='bbox 1525 2636 1635 2722; x_wconf 68' lang='lat' dir='ltr'><strong>Dente.)</strong></span> <span class='ocrx_word' id='word_1_385' title='bbox 1679 2640 1743 2704; x_wconf 90' lang='lat' dir='ltr'><strong>Hie</strong></span> <span class='ocrx_word' id='word_1_386' title='bbox 1775 2640 1892 2719; x_wconf 86' lang='lat' dir='ltr'><strong>David,</strong></span> <span class='ocrx_word' id='word_1_387' title='bbox 1926 2652 1962 2702; x_wconf 90' lang='lat' dir='ltr'><strong>ut</strong></span> <span class='ocrx_word' id='word_1_388' title='bbox 1994 2640 2056 2704; x_wconf 82' lang='lat' dir='ltr'><strong>sibi</strong></span> <span class='ocrx_word' id='word_1_389' title='bbox 2091 2640 2203 2703; x_wconf 87' lang='lat' dir='ltr'><strong>Deam</strong></span> 
     </span>
     <span class='ocr_line' id='line_1_33' title="bbox 1226 2720 2203 2800; baseline 0.002 -15"><span class='ocrx_word' id='word_1_390' title='bbox 1226 2720 1388 2800; x_wconf 84' lang='lat' dir='ltr'><strong>conciliet,</strong></span> <span class='ocrx_word' id='word_1_391' title='bbox 1422 2743 1457 2785; x_wconf 90' lang='lat' dir='ltr'><strong>se</strong></span> <span class='ocrx_word' id='word_1_392' title='bbox 1483 2722 1604 2786; x_wconf 91' lang='lat' dir='ltr'><strong>iniuste</strong></span> <span class='ocrx_word' id='word_1_393' title='bbox 1631 2740 1665 2786; x_wconf 86' lang='lat' dir='ltr'><strong>et</strong></span> <span class='ocrx_word' id='word_1_394' title='bbox 1692 2724 1818 2788; x_wconf 93' lang='lat' dir='ltr'><strong>nullum</strong></span> <span class='ocrx_word' id='word_1_395' title='bbox 1849 2725 1891 2789; x_wconf 94' lang='lat' dir='ltr'><strong>ob</strong></span> <span class='ocrx_word' id='word_1_396' title='bbox 1924 2726 2050 2788; x_wconf 83' lang='lat' dir='ltr'><strong>crimen</strong></span> <span class='ocrx_word' id='word_1_397' title='bbox 2082 2724 2203 2788; x_wconf 83' lang='lat' dir='ltr'><strong>vexari</strong></span> 
     </span>
     <span class='ocr_line' id='line_1_34' title="bbox 1227 2807 2201 2889; baseline 0.003 -21"><span class='ocrx_word' id='word_1_398' title='bbox 1227 2818 1376 2869; x_wconf 86' lang='lat' dir='ltr'><strong>testatur.</strong></span> <span class='ocrx_word' id='word_1_399' title='bbox 1421 2807 1467 2869; x_wconf 86' lang='lat' dir='ltr'><strong>Et</strong></span> <span class='ocrx_word' id='word_1_400' title='bbox 1495 2827 1559 2887; x_wconf 92' lang='lat' dir='ltr'><strong>quo</strong></span> <span class='ocrx_word' id='word_1_401' title='bbox 1588 2808 1661 2889; x_wconf 89' lang='lat' dir='ltr'><strong>plus</strong></span> <span class='ocrx_word' id='word_1_402' title='bbox 1695 2809 1922 2873; x_wconf 76' lang='lat' dir='ltr'><strong>vehementiae</strong></span> <span class='ocrx_word' id='word_1_403' title='bbox 1955 2809 2076 2873; x_wconf 82' lang='lat' dir='ltr'><strong>habeat</strong></span> <span class='ocrx_word' id='word_1_404' title='bbox 2107 2809 2201 2873; x_wconf 82' lang='lat' dir='ltr'><strong>testi·</strong></span> 
     </span>
    </p>
   </div>
   <div class='ocr_carea' id='block_1_7' title="bbox 203 2890 1202 3231">
    <p class='ocr_par' dir='ltr' id='par_1_9' title="bbox 203 2890 1202 3231">
     <span class='ocr_line' id='line_1_35' title="bbox 204 2890 1202 2975; baseline -0.003 -18"><span class='ocrx_word' id='word_1_405' title='bbox 204 2912 323 2957; x_wconf 85' lang='lat' dir='ltr'><strong>nemen</strong></span> <span class='ocrx_word' id='word_1_406' title='bbox 348 2891 590 2974; x_wconf 82' lang='lat' dir='ltr'><strong>supprimeret?</strong></span> <span class='ocrx_word' id='word_1_407' title='bbox 636 2892 711 2955; x_wconf 82' lang='lat' dir='ltr'><strong>Meo</strong></span> <span class='ocrx_word' id='word_1_408' title='bbox 733 2894 845 2975; x_wconf 91' lang='lat' dir='ltr'><strong>itaque</strong></span> <span class='ocrx_word' id='word_1_409' title='bbox 867 2890 996 2968; x_wconf 78' lang='lat' dir='ltr'><strong>iudicio,</strong></span> <span class='ocrx_word' id='word_1_410' title='bbox 1027 2891 1081 2955; x_wconf 91' lang='lat' dir='ltr'><strong>hie</strong></span> <span class='ocrx_word' id='word_1_411' title='bbox 1104 2892 1174 2955; x_wconf 84' lang='lat' dir='ltr'><strong>sine</strong></span> <span class='ocrx_word' id='word_1_412' title='bbox 1199 2954 1202 2969; x_wconf 79' lang='grc'>,</span> 
     </span>
     <span class='ocr_line' id='line_1_36' title="bbox 203 2975 1201 3061; baseline -0.004 -19"><span class='ocrx_word' id='word_1_413' title='bbox 203 2979 310 3061; x_wconf 78' lang='lat' dir='ltr'><strong>ligura</strong></span> <span class='ocrx_word' id='word_1_414' title='bbox 333 2980 463 3059; x_wconf 90' lang='lat' dir='ltr'><strong>proprio</strong></span> <span class='ocrx_word' id='word_1_415' title='bbox 485 2978 617 3040; x_wconf 86' lang='lat' dir='ltr'><strong>neruiue</strong></span> <span class='ocrx_word' id='word_1_416' title='bbox 639 2978 836 3059; x_wconf 81' lang='lat' dir='ltr'><strong>exprimitur</strong></span> <span class='ocrx_word' id='word_1_417' title='bbox 853 2977 1021 3059; x_wconf 89' lang='lat' dir='ltr'><strong>improbus</strong></span> <span class='ocrx_word' id='word_1_418' title='bbox 1040 2975 1174 3049; x_wconf 88' lang='lat' dir='ltr'><strong>delator,</strong></span> <span class='ocrx_word' id='word_1_419' title='bbox 1198 3052 1201 3057; x_wconf 17' lang='grc' dir='ltr'>ι</span> 
     </span>
     <span class='ocr_line' id='line_1_37' title="bbox 204 3060 1201 3145; baseline -0.001 -19"><span class='ocrx_word' id='word_1_420' title='bbox 204 3065 258 3145; x_wconf 92' lang='lat' dir='ltr'><strong>qui</strong></span> <span class='ocrx_word' id='word_1_421' title='bbox 285 3061 404 3127; x_wconf 81' lang='lat' dir='ltr'><strong>llaridi</strong></span> <span class='ocrx_word' id='word_1_422' title='bbox 428 3060 536 3125; x_wconf 89' lang='lat' dir='ltr'><strong>odiam</strong></span> <span class='ocrx_word' id='word_1_423' title='bbox 560 3084 600 3125; x_wconf 83' lang='lat' dir='ltr'><strong>cx</strong></span> <span class='ocrx_word' id='word_1_424' title='bbox 621 3062 696 3126; x_wconf 88' lang='lat' dir='ltr'><strong>licto</strong></span> <span class='ocrx_word' id='word_1_425' title='bbox 714 3065 850 3127; x_wconf 88' lang='lat' dir='ltr'><strong>erimine</strong></span> <span class='ocrx_word' id='word_1_426' title='bbox 867 3064 1081 3126; x_wconf 76' lang='lat' dir='ltr'><strong>conflaverat:</strong></span> <span class='ocrx_word' id='word_1_427' title='bbox 1105 3062 1174 3125; x_wconf 90' lang='lat' dir='ltr'><strong>sive</strong></span> <span class='ocrx_word' id='word_1_428' title='bbox 1198 3112 1201 3145; x_wconf 83' lang='lat'>;</span> 
     </span>
     <span class='ocr_line' id='line_1_38' title="bbox 203 3147 1202 3231; baseline -0.004 -18"><span class='ocrx_word' id='word_1_429' title='bbox 203 3168 224 3213; x_wconf 87' lang='lat' dir='ltr'><strong>a</strong></span> <span class='ocrx_word' id='word_1_430' title='bbox 256 3168 333 3231; x_wconf 87' lang='lat' dir='ltr'><strong>rege</strong></span> <span class='ocrx_word' id='word_1_431' title='bbox 365 3147 463 3211; x_wconf 83' lang='lat' dir='ltr'><strong>fuerit</strong></span> <span class='ocrx_word' id='word_1_432' title='bbox 495 3148 701 3213; x_wconf 86' lang='lat' dir='ltr'><strong>subornatus.</strong></span> <span class='ocrx_word' id='word_1_433' title='bbox 744 3152 814 3211; x_wconf 82' lang='lat' dir='ltr'><strong>sive</strong></span> <span class='ocrx_word' id='word_1_434' title='bbox 848 3148 995 3211; x_wconf 77' lang='lat' dir='ltr'><strong>favorem</strong></span> <span class='ocrx_word' id='word_1_435' title='bbox 1029 3160 1173 3229; x_wconf 88' lang='lat' dir='ltr'><strong>eaptaue,</strong></span> <span class='ocrx_word' id='word_1_436' title='bbox 1198 3166 1202 3215; x_wconf 70' lang='lat' dir='ltr'><strong>i</strong></span> 
     </span>
    </p>
   </div>
   <div class='ocr_carea' id='block_1_8' title="bbox 203 3231 1173 3719">
    <p class='ocr_par' dir='ltr' id='par_1_10' title="bbox 203 3231 1173 3719">
     <span class='ocr_line' id='line_1_39' title="bbox 203 3231 1173 3298; baseline -0.003 -1"><span class='ocrx_word' id='word_1_437' title='bbox 203 3235 288 3298; x_wconf 88' lang='lat' dir='ltr'><strong>ultre</strong></span> <span class='ocrx_word' id='word_1_438' title='bbox 327 3231 486 3297; x_wconf 80' lang='lat' dir='ltr'><strong>llavidem</strong></span> <span class='ocrx_word' id='word_1_439' title='bbox 523 3232 741 3297; x_wconf 84' lang='lat' dir='ltr'><strong>calumniatus</strong></span> <span class='ocrx_word' id='word_1_440' title='bbox 770 3234 878 3296; x_wconf 82' lang='lat' dir='ltr'><strong>fuerit.</strong></span> <span class='ocrx_word' id='word_1_441' title='bbox 924 3231 1055 3296; x_wconf 76' lang='lat' dir='ltr'><strong>Scimus·</strong></span> <span class='ocrx_word' id='word_1_442' title='bbox 1085 3233 1173 3296; x_wconf 91' lang='lat' dir='ltr'><strong>enim</strong></span> 
     </span>
     <span class='ocr_line' id='line_1_40' title="bbox 203 3317 1172 3401; baseline -0.002 -19"><span class='ocrx_word' id='word_1_443' title='bbox 203 3317 363 3384; x_wconf 80' lang='lat' dir='ltr'><strong>Davidem</strong></span> <span class='ocrx_word' id='word_1_444' title='bbox 395 3318 495 3398; x_wconf 82' lang='lat' dir='ltr'><strong>vrrlgo</strong></span> <span class='ocrx_word' id='word_1_445' title='bbox 526 3338 645 3398; x_wconf 81' lang='lat' dir='ltr'><strong>magna</strong></span> <span class='ocrx_word' id='word_1_446' title='bbox 668 3317 803 3381; x_wconf 69' lang='lat' dir='ltr'><strong>infirmia</strong></span> <span class='ocrx_word' id='word_1_447' title='bbox 826 3319 992 3401; x_wconf 83' lang='lat' dir='ltr'><strong>flagrasse.</strong></span> <span class='ocrx_word' id='word_1_448' title='bbox 1022 3318 1116 3398; x_wconf 60' lang='lat' dir='ltr'><strong>{quasi</strong></span> <span class='ocrx_word' id='word_1_449' title='bbox 1140 3318 1172 3380; x_wconf 89' lang='lat' dir='ltr'><strong>in</strong></span> 
     </span>
     <span class='ocr_line' id='line_1_41' title="bbox 203 3402 1172 3483; baseline 0.001 -18"><span class='ocrx_word' id='word_1_450' title='bbox 203 3424 312 3483; x_wconf 84' lang='lat' dir='ltr'><strong>regem</strong></span> <span class='ocrx_word' id='word_1_451' title='bbox 331 3420 364 3464; x_wconf 88' lang='lat' dir='ltr'><strong>et</strong></span> <span class='ocrx_word' id='word_1_452' title='bbox 382 3423 528 3465; x_wconf 85' lang='lat' dir='ltr'><strong>socerum</strong></span> <span class='ocrx_word' id='word_1_453' title='bbox 547 3422 643 3464; x_wconf 84' lang='lat' dir='ltr'><strong>strum</strong></span> <span class='ocrx_word' id='word_1_454' title='bbox 662 3404 812 3483; x_wconf 81' lang='lat' dir='ltr'><strong>ingratas</strong></span> <span class='ocrx_word' id='word_1_455' title='bbox 830 3424 866 3465; x_wconf 86' lang='lat' dir='ltr'><strong>ac</strong></span> <span class='ocrx_word' id='word_1_456' title='bbox 886 3402 1029 3483; x_wconf 87' lang='lat' dir='ltr'><strong>perfidus</strong></span> <span class='ocrx_word' id='word_1_457' title='bbox 1047 3404 1172 3466; x_wconf 84' lang='lat' dir='ltr'><strong>fuisset.</strong></span> 
     </span>
     <span class='ocr_line' id='line_1_42' title="bbox 203 3484 1173 3567; baseline 0.001 -18"><span class='ocrx_word' id='word_1_458' title='bbox 203 3486 401 3567; x_wconf 77' lang='lat' dir='ltr'><strong>Quanquam</strong></span> <span class='ocrx_word' id='word_1_459' title='bbox 426 3500 534 3548; x_wconf 85' lang='lat' dir='ltr'><strong>autem</strong></span> <span class='ocrx_word' id='word_1_460' title='bbox 558 3484 637 3548; x_wconf 77' lang='lat' dir='ltr'><strong>Saarrl</strong></span> <span class='ocrx_word' id='word_1_461' title='bbox 658 3507 697 3548; x_wconf 80' lang='lat' dir='ltr'><strong>er</strong></span> <span class='ocrx_word' id='word_1_462' title='bbox 717 3487 841 3549; x_wconf 88' lang='lat' dir='ltr'><strong>familia</strong></span> <span class='ocrx_word' id='word_1_463' title='bbox 859 3485 976 3549; x_wconf 86' lang='lat' dir='ltr'><strong>Iemini</strong></span> <span class='ocrx_word' id='word_1_464' title='bbox 995 3488 1067 3564; x_wconf 82' lang='lat' dir='ltr'><strong>fait,</strong></span> <span class='ocrx_word' id='word_1_465' title='bbox 1090 3486 1173 3550; x_wconf 90' lang='lat' dir='ltr'><strong>nibil</strong></span> 
     </span>
     <span class='ocr_line' id='line_1_43' title="bbox 204 3570 1173 3654; baseline 0.004 -22"><span class='ocrx_word' id='word_1_466' title='bbox 204 3582 313 3635; x_wconf 85' lang='lat' dir='ltr'><strong>taurea</strong></span> <span class='ocrx_word' id='word_1_467' title='bbox 345 3570 476 3633; x_wconf 83' lang='lat' dir='ltr'><strong>absurdi</strong></span> <span class='ocrx_word' id='word_1_468' title='bbox 499 3570 571 3649; x_wconf 87' lang='lat' dir='ltr'><strong>crit,</strong></span> <span class='ocrx_word' id='word_1_469' title='bbox 600 3570 628 3631; x_wconf 89' lang='lat' dir='ltr'><strong>si</strong></span> <span class='ocrx_word' id='word_1_470' title='bbox 652 3570 798 3635; x_wconf 86' lang='lat' dir='ltr'><strong>dicamus</strong></span> <span class='ocrx_word' id='word_1_471' title='bbox 821 3591 921 3634; x_wconf 92' lang='lat' dir='ltr'><strong>unum</strong></span> <span class='ocrx_word' id='word_1_472' title='bbox 945 3592 986 3633; x_wconf 86' lang='lat' dir='ltr'><strong>ex</strong></span> <span class='ocrx_word' id='word_1_473' title='bbox 1008 3574 1079 3635; x_wconf 89' lang='lat' dir='ltr'><strong>eiua</strong></span> <span class='ocrx_word' id='word_1_474' title='bbox 1101 3592 1173 3654; x_wconf 79' lang='lat' dir='ltr'><strong>cog·</strong></span> 
     </span>
     <span class='ocr_line' id='line_1_44' title="bbox 204 3653 782 3719; baseline 0.003 -2"><span class='ocrx_word' id='word_1_475' title='bbox 204 3656 291 3719; x_wconf 82' lang='lat' dir='ltr'><strong>natis</strong></span> <span class='ocrx_word' id='word_1_476' title='bbox 315 3653 477 3719; x_wconf 80' lang='lat' dir='ltr'><strong>Davidem</strong></span> <span class='ocrx_word' id='word_1_477' title='bbox 502 3655 581 3717; x_wconf 81' lang='lat' dir='ltr'><strong>salse</strong></span> <span class='ocrx_word' id='word_1_478' title='bbox 604 3676 782 3719; x_wconf 77' lang='lat' dir='ltr'><strong>accusasse.</strong></span> 
     </span>
    </p>
   </div>
   <div class='ocr_carea' id='block_1_9' title="bbox 290 3823 1175 3905">
    <p class='ocr_par' dir='ltr' id='par_1_11' title="bbox 290 3823 1175 3905">
     <span class='ocr_line' id='line_1_45' title="bbox 290 3823 1175 3905; baseline -0.001 -18"><span class='ocrx_word' id='word_1_479' title='bbox 290 3826 321 3887; x_wconf 77' lang='lat'><strong>2.</strong></span> <span class='ocrx_word' id='word_1_480' title='bbox 346 3823 461 3887; x_wconf 78' lang='lat' dir='ltr'><strong>lebera</strong></span> <span class='ocrx_word' id='word_1_481' title='bbox 485 3824 575 3887; x_wconf 72' lang='lat' dir='ltr'><strong>Dura</strong></span> <span class='ocrx_word' id='word_1_482' title='bbox 604 3826 658 3899; x_wconf 74' lang='lat' dir='ltr'><strong>itti,</strong></span> <span class='ocrx_word' id='word_1_483' title='bbox 690 3827 721 3888; x_wconf 87' lang='lat' dir='ltr'><strong>r&#39;u</strong></span> <span class='ocrx_word' id='word_1_484' title='bbox 750 3833 778 3889; x_wconf 78' lang='lat' dir='ltr'><strong>tr</strong></span> <span class='ocrx_word' id='word_1_485' title='bbox 799 3826 925 3905; x_wconf 67' lang='lat' dir='ltr'><strong>cordidit</strong></span> <span class='ocrx_word' id='word_1_486' title='bbox 955 3847 1044 3890; x_wconf 78' lang='lat' dir='ltr'><strong>sarra</strong></span> <span class='ocrx_word' id='word_1_487' title='bbox 1066 3844 1114 3887; x_wconf 77' lang='lat' dir='ltr'><strong>arte</strong></span> <span class='ocrx_word' id='word_1_488' title='bbox 1135 3824 1175 3887; x_wconf 82' lang='lat' dir='ltr'><strong>ab</strong></span> 
     </span>
    </p>
   </div>
   <div class='ocr_carea' id='block_1_10' title="bbox 1198 2890 2203 3910">
    <p class='ocr_par' dir='ltr' id='par_1_12' title="bbox 1198 2890 2203 3910">
     <span class='ocr_line' id='line_1_46' title="bbox 1228 2890 2203 2977; baseline 0.002 -23"><span class='ocrx_word' id='word_1_489' title='bbox 1228 2890 1383 2964; x_wconf 88' lang='lat' dir='ltr'><strong>monium,</strong></span> <span class='ocrx_word' id='word_1_490' title='bbox 1417 2892 1650 2971; x_wconf 86' lang='lat' dir='ltr'><strong>imprecatione</strong></span> <span class='ocrx_word' id='word_1_491' title='bbox 1680 2896 1792 2958; x_wconf 89' lang='lat' dir='ltr'><strong>utitur.</strong></span> <span class='ocrx_word' id='word_1_492' title='bbox 1838 2894 1924 2957; x_wconf 81' lang='lat' dir='ltr'><strong>Nam</strong></span> <span class='ocrx_word' id='word_1_493' title='bbox 1953 2896 1980 2958; x_wconf 88' lang='lat' dir='ltr'><strong>si</strong></span> <span class='ocrx_word' id='word_1_494' title='bbox 2010 2894 2090 2977; x_wconf 89' lang='lat' dir='ltr'><strong>quid</strong></span> <span class='ocrx_word' id='word_1_495' title='bbox 2120 2892 2203 2957; x_wconf 87' lang='lat' dir='ltr'><strong>deli·</strong></span> 
     </span>
     <span class='ocr_line' id='line_1_47' title="bbox 1226 2978 2201 3058; baseline 0.005 -20"><span class='ocrx_word' id='word_1_496' title='bbox 1226 2978 1305 3058; x_wconf 88' lang='lat' dir='ltr'><strong>quit‚</strong></span> <span class='ocrx_word' id='word_1_497' title='bbox 1335 2990 1483 3056; x_wconf 90' lang='lat' dir='ltr'><strong>paratum</strong></span> <span class='ocrx_word' id='word_1_498' title='bbox 1513 2998 1548 3039; x_wconf 89' lang='lat' dir='ltr'><strong>se</strong></span> <span class='ocrx_word' id='word_1_499' title='bbox 1575 2999 1645 3041; x_wconf 88' lang='lat' dir='ltr'><strong>esse</strong></span> <span class='ocrx_word' id='word_1_500' title='bbox 1668 2980 1745 3042; x_wconf 90' lang='lat' dir='ltr'><strong>dieit</strong></span> <span class='ocrx_word' id='word_1_501' title='bbox 1766 2979 1807 3043; x_wconf 90' lang='lat' dir='ltr'><strong>ad</strong></span> <span class='ocrx_word' id='word_1_502' title='bbox 1833 2979 2045 3043; x_wconf 87' lang='lat' dir='ltr'><strong>subeundam</strong></span> <span class='ocrx_word' id='word_1_503' title='bbox 2060 2995 2201 3044; x_wconf 86' lang='lat' dir='ltr'><strong>noxam:</strong></span> 
     </span>
     <span class='ocr_line' id='line_1_48' title="bbox 1227 3061 2201 3145; baseline 0.002 -21"><span class='ocrx_word' id='word_1_504' title='bbox 1227 3062 1293 3125; x_wconf 88' lang='lat' dir='ltr'><strong>imo</strong></span> <span class='ocrx_word' id='word_1_505' title='bbox 1320 3081 1392 3124; x_wconf 86' lang='lat' dir='ltr'><strong>sese</strong></span> <span class='ocrx_word' id='word_1_506' title='bbox 1422 3061 1462 3123; x_wconf 88' lang='lat' dir='ltr'><strong>ad</strong></span> <span class='ocrx_word' id='word_1_507' title='bbox 1496 3065 1692 3143; x_wconf 78' lang='lat' dir='ltr'><strong>gravissima</strong></span> <span class='ocrx_word' id='word_1_508' title='bbox 1721 3084 1868 3145; x_wconf 90' lang='lat' dir='ltr'><strong>quaeque</strong></span> <span class='ocrx_word' id='word_1_509' title='bbox 1900 3064 2061 3145; x_wconf 82' lang='lat' dir='ltr'><strong>supplicia</strong></span> <span class='ocrx_word' id='word_1_510' title='bbox 2091 3063 2201 3143; x_wconf 83' lang='lat' dir='ltr'><strong>offert,</strong></span> 
     </span>
     <span class='ocr_line' id='line_1_49' title="bbox 1226 3147 2200 3230; baseline 0.001 -20"><span class='ocrx_word' id='word_1_511' title='bbox 1226 3148 1289 3210; x_wconf 90' lang='lat' dir='ltr'><strong>nisi</strong></span> <span class='ocrx_word' id='word_1_512' title='bbox 1313 3147 1353 3209; x_wconf 90' lang='lat' dir='ltr'><strong>ab</strong></span> <span class='ocrx_word' id='word_1_513' title='bbox 1375 3166 1413 3209; x_wconf 89' lang='lat' dir='ltr'><strong>eo</strong></span> <span class='ocrx_word' id='word_1_514' title='bbox 1435 3147 1572 3211; x_wconf 88' lang='lat' dir='ltr'><strong>erimine</strong></span> <span class='ocrx_word' id='word_1_515' title='bbox 1595 3169 1727 3229; x_wconf 89' lang='lat' dir='ltr'><strong>prorsus</strong></span> <span class='ocrx_word' id='word_1_516' title='bbox 1749 3150 1907 3212; x_wconf 88' lang='lat' dir='ltr'><strong>immunis</strong></span> <span class='ocrx_word' id='word_1_517' title='bbox 1928 3150 1981 3230; x_wconf 89' lang='lat' dir='ltr'><strong>sit,</strong></span> <span class='ocrx_word' id='word_1_518' title='bbox 2007 3150 2102 3214; x_wconf 85' lang='lat' dir='ltr'><strong>ouius</strong></span> <span class='ocrx_word' id='word_1_519' title='bbox 2122 3166 2200 3212; x_wconf 90' lang='lat' dir='ltr'><strong>eum</strong></span> 
     </span>
     <span class='ocr_line' id='line_1_50' title="bbox 1198 3232 2200 3314; baseline 0.001 -19"><span class='ocrx_word' id='word_1_520' title='bbox 1198 3240 1202 3269; x_wconf 81' lang='lat'>²</span> <span class='ocrx_word' id='word_1_521' title='bbox 1227 3232 1292 3295; x_wconf 82' lang='lat' dir='ltr'><strong>lere</strong></span> <span class='ocrx_word' id='word_1_522' title='bbox 1314 3232 1498 3295; x_wconf 84' lang='lat' dir='ltr'><strong>convictum</strong></span> <span class='ocrx_word' id='word_1_523' title='bbox 1522 3252 1635 3296; x_wconf 90' lang='lat' dir='ltr'><strong>omnes</strong></span> <span class='ocrx_word' id='word_1_524' title='bbox 1664 3236 1832 3314; x_wconf 84' lang='lat' dir='ltr'><strong>putabant</strong></span> <span class='ocrx_word' id='word_1_525' title='bbox 1877 3234 1966 3313; x_wconf 80' lang='lat' dir='ltr'><strong>Quia</strong></span> <span class='ocrx_word' id='word_1_526' title='bbox 1981 3242 2103 3313; x_wconf 28' lang='lat' dir='ltr'><strong>,antem</strong></span> <span class='ocrx_word' id='word_1_527' title='bbox 2133 3252 2200 3297; x_wconf 94' lang='lat' dir='ltr'><strong>non</strong></span> 
     </span>
     <span class='ocr_line' id='line_1_51' title="bbox 1198 3316 2200 3407; baseline 0 -27"><span class='ocrx_word' id='word_1_528' title='bbox 1198 3379 1201 3407; x_wconf 57' lang='grc' dir='ltr'>Ι</span> <span class='ocrx_word' id='word_1_529' title='bbox 1225 3317 1291 3381; x_wconf 89' lang='lat' dir='ltr'><strong>alia</strong></span> <span class='ocrx_word' id='word_1_530' title='bbox 1320 3316 1392 3398; x_wconf 84' lang='lat' dir='ltr'><strong>lege</strong></span> <span class='ocrx_word' id='word_1_531' title='bbox 1418 3327 1509 3397; x_wconf 86' lang='lat' dir='ltr'><strong>optat</strong></span> <span class='ocrx_word' id='word_1_532' title='bbox 1539 3318 1599 3380; x_wconf 90' lang='lat' dir='ltr'><strong>sibi</strong></span> <span class='ocrx_word' id='word_1_533' title='bbox 1622 3340 1642 3380; x_wconf 91' lang='lat' dir='ltr'><strong>a</strong></span> <span class='ocrx_word' id='word_1_534' title='bbox 1663 3318 1735 3381; x_wconf 89' lang='lat' dir='ltr'><strong>Deo</strong></span> <span class='ocrx_word' id='word_1_535' title='bbox 1757 3320 1912 3394; x_wconf 91' lang='lat' dir='ltr'><strong>sueenrri,</strong></span> <span class='ocrx_word' id='word_1_536' title='bbox 1942 3320 2007 3383; x_wconf 89' lang='lat' dir='ltr'><strong>nisi</strong></span> <span class='ocrx_word' id='word_1_537' title='bbox 2029 3330 2200 3400; x_wconf 84' lang='lat' dir='ltr'><strong>comperta</strong></span> 
     </span>
     <span class='ocr_line' id='line_1_52' title="bbox 1198 3401 2201 3489; baseline 0.001 -23"><span class='ocrx_word' id='word_1_538' title='bbox 1198 3410 1202 3489; x_wconf 58' lang='lat' dir='ltr'>j</span> <span class='ocrx_word' id='word_1_539' title='bbox 1225 3403 1324 3466; x_wconf 80' lang='lat' dir='ltr'><strong>faerit</strong></span> <span class='ocrx_word' id='word_1_540' title='bbox 1345 3422 1406 3465; x_wconf 92' lang='lat' dir='ltr'><strong>sua</strong></span> <span class='ocrx_word' id='word_1_541' title='bbox 1426 3401 1607 3483; x_wconf 83' lang='lat' dir='ltr'><strong>integritas,</strong></span> <span class='ocrx_word' id='word_1_542' title='bbox 1630 3404 1722 3467; x_wconf 90' lang='lat' dir='ltr'><strong>dooet</strong></span> <span class='ocrx_word' id='word_1_543' title='bbox 1738 3424 1867 3468; x_wconf 90' lang='lat' dir='ltr'><strong>nessuo</strong></span> <span class='ocrx_word' id='word_1_544' title='bbox 1889 3404 2048 3485; x_wconf 86' lang='lat' dir='ltr'><strong>exemplo,</strong></span> <span class='ocrx_word' id='word_1_545' title='bbox 2071 3404 2201 3485; x_wconf 88' lang='lat' dir='ltr'><strong>quoties</strong></span> 
     </span>
     <span class='ocr_line' id='line_1_53' title="bbox 1198 3486 2201 3569; baseline 0.001 -18"><span class='ocrx_word' id='word_1_546' title='bbox 1198 3486 1266 3551; x_wconf 89' lang='lat' dir='ltr'><strong>&#39;ad</strong></span> <span class='ocrx_word' id='word_1_547' title='bbox 1290 3488 1396 3550; x_wconf 89' lang='lat' dir='ltr'><strong>Deum</strong></span> <span class='ocrx_word' id='word_1_548' title='bbox 1427 3488 1642 3569; x_wconf 70' lang='lat' dir='ltr'><strong>contegimus,</strong></span> <span class='ocrx_word' id='word_1_549' title='bbox 1669 3489 1811 3552; x_wconf 87' lang='lat' dir='ltr'><strong>dandam</strong></span> <span class='ocrx_word' id='word_1_550' title='bbox 1835 3490 1870 3551; x_wconf 92' lang='lat' dir='ltr'><strong>in</strong></span> <span class='ocrx_word' id='word_1_551' title='bbox 1917 3490 2009 3553; x_wconf 91' lang='lat' dir='ltr'><strong>rimis</strong></span> <span class='ocrx_word' id='word_1_552' title='bbox 2031 3508 2103 3553; x_wconf 91' lang='lat' dir='ltr'><strong>esse</strong></span> <span class='ocrx_word' id='word_1_553' title='bbox 2122 3507 2201 3569; x_wconf 87' lang='lat' dir='ltr'><strong>epe·</strong></span> 
     </span>
     <span class='ocr_line' id='line_1_54' title="bbox 1199 3571 2200 3659; baseline 0.002 -24"><span class='ocrx_word' id='word_1_554' title='bbox 1199 3652 1202 3659; x_wconf 19' lang='lat'>³</span> <span class='ocrx_word' id='word_1_555' title='bbox 1226 3592 1294 3635; x_wconf 92' lang='lat' dir='ltr'><strong>ram</strong></span> <span class='ocrx_word' id='word_1_556' title='bbox 1319 3583 1356 3636; x_wconf 88' lang='lat' dir='ltr'><strong>ut</strong></span> <span class='ocrx_word' id='word_1_557' title='bbox 1376 3571 1478 3653; x_wconf 90' lang='lat' dir='ltr'><strong>probe</strong></span> <span class='ocrx_word' id='word_1_558' title='bbox 1501 3572 1718 3637; x_wconf 87' lang='lat' dir='ltr'><strong>nobissimus</strong></span> <span class='ocrx_word' id='word_1_559' title='bbox 1739 3574 1859 3638; x_wconf 87' lang='lat' dir='ltr'><strong>conscii</strong></span> <span class='ocrx_word' id='word_1_560' title='bbox 1903 3582 2200 3639; x_wconf 86' lang='lat' dir='ltr'><strong>ecausaenostrae</strong></span> 
     </span>
     <span class='ocr_line' id='line_1_55' title="bbox 1198 3656 2198 3738; baseline 0.004 -21"><span class='ocrx_word' id='word_1_561' title='bbox 1198 3672 1202 3717; x_wconf 82' lang='lat' dir='ltr'><strong>t</strong></span> <span class='ocrx_word' id='word_1_562' title='bbox 1226 3657 1357 3719; x_wconf 87' lang='lat' dir='ltr'><strong>iustitia.</strong></span> <span class='ocrx_word' id='word_1_563' title='bbox 1392 3656 1549 3738; x_wconf 84' lang='lat' dir='ltr'><strong>Magnam</strong></span> <span class='ocrx_word' id='word_1_564' title='bbox 1565 3660 1649 3720; x_wconf 90' lang='lat' dir='ltr'><strong>enim</strong></span> <span class='ocrx_word' id='word_1_565' title='bbox 1673 3659 1702 3721; x_wconf 93' lang='lat' dir='ltr'><strong>ei</strong></span> <span class='ocrx_word' id='word_1_566' title='bbox 1725 3659 1877 3722; x_wconf 87' lang='lat' dir='ltr'><strong>iniuriam</strong></span> <span class='ocrx_word' id='word_1_567' title='bbox 1902 3658 2049 3735; x_wconf 82' lang='lat' dir='ltr'><strong>facimus,</strong></span> <span class='ocrx_word' id='word_1_568' title='bbox 2071 3659 2099 3723; x_wconf 92' lang='lat' dir='ltr'><strong>si</strong></span> <span class='ocrx_word' id='word_1_569' title='bbox 2121 3675 2198 3721; x_wconf 88' lang='lat' dir='ltr'><strong>eum</strong></span> 
     </span>
     <span class='ocr_line' id='line_1_56' title="bbox 1225 3741 2199 3825; baseline 0.004 -22"><span class='ocrx_word' id='word_1_570' title='bbox 1225 3760 1390 3805; x_wconf 85' lang='lat' dir='ltr'><strong>accersere</strong></span> <span class='ocrx_word' id='word_1_571' title='bbox 1427 3741 1567 3804; x_wconf 77' lang='lat' dir='ltr'><strong>velimus</strong></span> <span class='ocrx_word' id='word_1_572' title='bbox 1600 3742 1705 3806; x_wconf 91' lang='lat' dir='ltr'><strong>malae</strong></span> <span class='ocrx_word' id='word_1_573' title='bbox 1733 3762 1851 3807; x_wconf 84' lang='lat' dir='ltr'><strong>causae</strong></span> <span class='ocrx_word' id='word_1_574' title='bbox 1884 3758 2070 3825; x_wconf 89' lang='lat' dir='ltr'><strong>patronum.</strong></span> <span class='ocrx_word' id='word_1_575' title='bbox 2113 3742 2199 3807; x_wconf 85' lang='lat' dir='ltr'><strong>Pro·</strong></span> 
     </span>
     <span class='ocr_line' id='line_1_57' title="bbox 1227 3824 2198 3910; baseline -0.002 -21"><span class='ocrx_word' id='word_1_576' title='bbox 1227 3846 1345 3889; x_wconf 91' lang='lat' dir='ltr'><strong>nemen</strong></span> <span class='ocrx_word' id='word_1_577' title='bbox 1368 3827 1462 3903; x_wconf 78' lang='lat' dir='ltr'><strong>istud,</strong></span> <span class='ocrx_word' id='word_1_578' title='bbox 1483 3824 1523 3889; x_wconf 91' lang='lat' dir='ltr'><strong>de</strong></span> <span class='ocrx_word' id='word_1_579' title='bbox 1546 3847 1580 3890; x_wconf 90' lang='lat' dir='ltr'><strong>re</strong></span> <span class='ocrx_word' id='word_1_580' title='bbox 1603 3828 1796 3910; x_wconf 74' lang='lat' dir='ltr'><strong>vulgonota</strong></span> <span class='ocrx_word' id='word_1_581' title='bbox 1817 3850 1892 3893; x_wconf 90' lang='lat' dir='ltr'><strong>eum</strong></span> <span class='ocrx_word' id='word_1_582' title='bbox 1916 3828 2003 3909; x_wconf 88' lang='lat' dir='ltr'><strong>loqui</strong></span> <span class='ocrx_word' id='word_1_583' title='bbox 2023 3827 2198 3908; x_wconf 77' lang='lat' dir='ltr'><strong>signifieat.</strong></span> 
     </span>
    </p>
   </div>
   <div class='ocr_carea' id='block_1_11' title="bbox 204 3908 2200 3995">
    <p class='ocr_par' dir='ltr' id='par_1_13' title="bbox 204 3908 2200 3995">
     <span class='ocr_line' id='line_1_58' title="bbox 204 3908 2200 3995; baseline 0.001 -22"><span class='ocrx_word' id='word_1_584' title='bbox 204 3908 346 3973; x_wconf 77' lang='lat' dir='ltr'><strong>outrrdurs</strong></span> <span class='ocrx_word' id='word_1_585' title='bbox 385 3908 640 3989; x_wconf 65' lang='lat' dir='ltr'><strong>perarma-utilas</strong></span> <span class='ocrx_word' id='word_1_586' title='bbox 681 3930 743 3981; x_wconf 77' lang='lat' dir='ltr'><strong>tarr.</strong></span> <span class='ocrx_word' id='word_1_587' title='bbox 782 3917 809 3975; x_wconf 79' lang='lat' dir='ltr'><strong>ct</strong></span> <span class='ocrx_word' id='word_1_588' title='bbox 840 3911 937 3975; x_wconf 77' lang='lat' dir='ltr'><strong>libera</strong></span> <span class='ocrx_word' id='word_1_589' title='bbox 972 3931 1026 3973; x_wconf 79' lang='lat' dir='ltr'><strong>tua</strong></span> <span class='ocrx_word' id='word_1_590' title='bbox 1071 3910 1101 3972; x_wconf 84' lang='lat'><strong>3.</strong></span> <span class='ocrx_word' id='word_1_591' title='bbox 1127 3909 1177 3972; x_wconf 72' lang='lat' dir='ltr'><strong>Ne</strong></span> <span class='ocrx_word' id='word_1_592' title='bbox 1226 3910 1324 3975; x_wconf 88' lang='lat' dir='ltr'><strong>Unde</strong></span> <span class='ocrx_word' id='word_1_593' title='bbox 1345 3909 1498 3991; x_wconf 81' lang='lat' dir='ltr'><strong>colligere</strong></span> <span class='ocrx_word' id='word_1_594' title='bbox 1520 3911 1604 3989; x_wconf 87' lang='lat' dir='ltr'><strong>licet,</strong></span> <span class='ocrx_word' id='word_1_595' title='bbox 1640 3912 1837 3976; x_wconf 88' lang='lat' dir='ltr'><strong>calumniam</strong></span> <span class='ocrx_word' id='word_1_596' title='bbox 1860 3934 1943 3995; x_wconf 87' lang='lat' dir='ltr'><strong>quae</strong></span> <span class='ocrx_word' id='word_1_597' title='bbox 1965 3934 1985 3974; x_wconf 91' lang='lat' dir='ltr'><strong>a</strong></span> <span class='ocrx_word' id='word_1_598' title='bbox 2006 3912 2100 3977; x_wconf 86' lang='lat' dir='ltr'><strong>Chus</strong></span> <span class='ocrx_word' id='word_1_599' title='bbox 2121 3931 2200 3995; x_wconf 87' lang='lat' dir='ltr'><strong>pro·</strong></span> 
     </span>
    </p>
   </div>
   <div class='ocr_carea' id='block_1_12' title="bbox 202 3994 1175 4155">
    <p class='ocr_par' dir='ltr' id='par_1_14' title="bbox 202 3994 1175 4155">
     <span class='ocr_line' id='line_1_59' title="bbox 202 3994 1175 4075; baseline 0.001 -18"><span class='ocrx_word' id='word_1_600' title='bbox 202 3994 282 4075; x_wconf 78' lang='lat' dir='ltr'><strong>forle</strong></span> <span class='ocrx_word' id='word_1_601' title='bbox 312 3995 419 4071; x_wconf 75' lang='lat' dir='ltr'><strong>rrrpiut</strong></span> <span class='ocrx_word' id='word_1_602' title='bbox 447 4000 597 4073; x_wconf 75' lang='lat' dir='ltr'><strong>trrrrqaaru</strong></span> <span class='ocrx_word' id='word_1_603' title='bbox 628 3994 674 4059; x_wconf 79' lang='lat' dir='ltr'><strong>leo</strong></span> <span class='ocrx_word' id='word_1_604' title='bbox 701 3998 843 4061; x_wconf 81' lang='lat' dir='ltr'><strong>artiraaut</strong></span> <span class='ocrx_word' id='word_1_605' title='bbox 868 4015 983 4059; x_wconf 68' lang='lat' dir='ltr'><strong>streuui:</strong></span> <span class='ocrx_word' id='word_1_606' title='bbox 1010 3996 1175 4074; x_wconf 75' lang='lat' dir='ltr'><strong>discerpat,</strong></span> 
     </span>
     <span class='ocr_line' id='line_1_60' title="bbox 203 4078 592 4155; baseline 0 -14"><span class='ocrx_word' id='word_1_607' title='bbox 203 4084 231 4141; x_wconf 75' lang='lat' dir='ltr'><strong>tl</strong></span> <span class='ocrx_word' id='word_1_608' title='bbox 254 4098 314 4139; x_wconf 83' lang='lat' dir='ltr'><strong>trau</strong></span> <span class='ocrx_word' id='word_1_609' title='bbox 338 4078 379 4140; x_wconf 80' lang='lat' dir='ltr'><strong>all</strong></span> <span class='ocrx_word' id='word_1_610' title='bbox 402 4078 456 4155; x_wconf 85' lang='lat' dir='ltr'><strong>qul</strong></span> <span class='ocrx_word' id='word_1_611' title='bbox 478 4078 592 4141; x_wconf 72' lang='lat' dir='ltr'><strong>llluurd.</strong></span> 
     </span>
    </p>
   </div>
   <div class='ocr_carea' id='block_1_13' title="bbox 201 4245 1175 5264">
    <p class='ocr_par' dir='ltr' id='par_1_15' title="bbox 201 4245 1175 5264">
     <span class='ocr_line' id='line_1_61' title="bbox 289 4245 1174 4315; baseline 0.007 -7"><span class='ocrx_word' id='word_1_612' title='bbox 289 4245 389 4308; x_wconf 86' lang='lat' dir='ltr'><strong>Initio</strong></span> <span class='ocrx_word' id='word_1_613' title='bbox 420 4246 541 4309; x_wconf 83' lang='lat' dir='ltr'><strong>rrrtrltos</strong></span> <span class='ocrx_word' id='word_1_614' title='bbox 569 4248 629 4309; x_wconf 76' lang='lat' dir='ltr'><strong>silai</strong></span> <span class='ocrx_word' id='word_1_615' title='bbox 664 4248 772 4313; x_wconf 84' lang='lat' dir='ltr'><strong>hostes</strong></span> <span class='ocrx_word' id='word_1_616' title='bbox 802 4269 873 4313; x_wconf 86' lang='lat' dir='ltr'><strong>esse</strong></span> <span class='ocrx_word' id='word_1_617' title='bbox 903 4248 997 4312; x_wconf 66' lang='lat' dir='ltr'><strong>llicit:</strong></span> <span class='ocrx_word' id='word_1_618' title='bbox 1030 4250 1174 4315; x_wconf 83' lang='lat' dir='ltr'><strong>seeundo</strong></span> 
     </span>
     <span class='ocr_line' id='line_1_62' title="bbox 203 4334 1175 4415; baseline 0.002 -20"><span class='ocrx_word' id='word_1_619' title='bbox 203 4344 313 4395; x_wconf 84' lang='lat' dir='ltr'><strong>auteur</strong></span> <span class='ocrx_word' id='word_1_620' title='bbox 355 4351 452 4393; x_wconf 77' lang='lat' dir='ltr'><strong>versu</strong></span> <span class='ocrx_word' id='word_1_621' title='bbox 490 4353 592 4395; x_wconf 87' lang='lat' dir='ltr'><strong>uuruu</strong></span> <span class='ocrx_word' id='word_1_622' title='bbox 625 4334 810 4415; x_wconf 71' lang='lat' dir='ltr'><strong>rqtrerupianr</strong></span> <span class='ocrx_word' id='word_1_623' title='bbox 844 4334 1005 4413; x_wconf 74' lang='lat' dir='ltr'><strong>singulari</strong></span> <span class='ocrx_word' id='word_1_624' title='bbox 1039 4356 1175 4398; x_wconf 89' lang='lat' dir='ltr'><strong>numero</strong></span> 
     </span>
     <span class='ocr_line' id='line_1_63' title="bbox 203 4414 1173 4499; baseline 0.001 -18"><span class='ocrx_word' id='word_1_625' title='bbox 203 4416 363 4499; x_wconf 82' lang='lat' dir='ltr'><strong>designat.</strong></span> <span class='ocrx_word' id='word_1_626' title='bbox 411 4414 451 4477; x_wconf 81' lang='lat' dir='ltr'><strong>llt</strong></span> <span class='ocrx_word' id='word_1_627' title='bbox 484 4431 573 4479; x_wconf 88' lang='lat' dir='ltr'><strong>certe</strong></span> <span class='ocrx_word' id='word_1_628' title='bbox 603 4438 702 4497; x_wconf 84' lang='lat' dir='ltr'><strong>qrruru</strong></span> <span class='ocrx_word' id='word_1_629' title='bbox 732 4419 878 4482; x_wconf 87' lang='lat' dir='ltr'><strong>otrtuiuat</strong></span> <span class='ocrx_word' id='word_1_630' title='bbox 910 4420 1010 4483; x_wconf 81' lang='lat' dir='ltr'><strong>arumi</strong></span> <span class='ocrx_word' id='word_1_631' title='bbox 1042 4420 1075 4482; x_wconf 93' lang='lat' dir='ltr'><strong>in</strong></span> <span class='ocrx_word' id='word_1_632' title='bbox 1098 4441 1173 4484; x_wconf 88' lang='lat' dir='ltr'><strong>euru</strong></span> 
     </span>
     <span class='ocr_line' id='line_1_64' title="bbox 202 4501 1173 4584; baseline -0.001 -16"><span class='ocrx_word' id='word_1_633' title='bbox 202 4502 329 4567; x_wconf 90' lang='lat' dir='ltr'><strong>acceusi</strong></span> <span class='ocrx_word' id='word_1_634' title='bbox 358 4502 474 4565; x_wconf 85' lang='lat' dir='ltr'><strong>l&#39;oreut.</strong></span> <span class='ocrx_word' id='word_1_635' title='bbox 504 4501 621 4564; x_wconf 85' lang='lat' dir='ltr'><strong>ruerite</strong></span> <span class='ocrx_word' id='word_1_636' title='bbox 650 4504 690 4565; x_wconf 91' lang='lat' dir='ltr'><strong>ab</strong></span> <span class='ocrx_word' id='word_1_637' title='bbox 719 4505 870 4567; x_wconf 85' lang='lat' dir='ltr'><strong>orttuibas</strong></span> <span class='ocrx_word' id='word_1_638' title='bbox 900 4504 968 4565; x_wconf 86' lang='lat' dir='ltr'><strong>suis</strong></span> <span class='ocrx_word' id='word_1_639' title='bbox 997 4524 1173 4584; x_wconf 89' lang='lat' dir='ltr'><strong>persequu-</strong></span> 
     </span>
     <span class='ocr_line' id='line_1_65' title="bbox 203 4584 1173 4669; baseline 0.004 -18"><span class='ocrx_word' id='word_1_640' title='bbox 203 4585 328 4651; x_wconf 85' lang='lat' dir='ltr'><strong>toribus</strong></span> <span class='ocrx_word' id='word_1_641' title='bbox 341 4584 424 4665; x_wconf 88' lang='lat' dir='ltr'><strong>eripi</strong></span> <span class='ocrx_word' id='word_1_642' title='bbox 443 4586 547 4666; x_wconf 84' lang='lat' dir='ltr'><strong>petiit.</strong></span> <span class='ocrx_word' id='word_1_643' title='bbox 581 4585 648 4649; x_wconf 73' lang='lat' dir='ltr'><strong>Sed</strong></span> <span class='ocrx_word' id='word_1_644' title='bbox 667 4590 742 4667; x_wconf 86' lang='lat' dir='ltr'><strong>quia</strong></span> <span class='ocrx_word' id='word_1_645' title='bbox 757 4589 855 4669; x_wconf 83' lang='lat' dir='ltr'><strong>impia</strong></span> <span class='ocrx_word' id='word_1_646' title='bbox 881 4590 967 4669; x_wconf 84' lang='lat' dir='ltr'><strong>regis</strong></span> <span class='ocrx_word' id='word_1_647' title='bbox 989 4588 1173 4655; x_wconf 79' lang='lat' dir='ltr'><strong>erudelitas.</strong></span> 
     </span>
     <span class='ocr_line' id='line_1_66' title="bbox 203 4668 1173 4755; baseline 0 -20"><span class='ocrx_word' id='word_1_648' title='bbox 203 4674 306 4735; x_wconf 80' lang='lat' dir='ltr'><strong>instar</strong></span> <span class='ocrx_word' id='word_1_649' title='bbox 329 4668 419 4745; x_wconf 83' lang='lat' dir='ltr'><strong>streis,</strong></span> <span class='ocrx_word' id='word_1_650' title='bbox 442 4683 556 4734; x_wconf 75' lang='lat' dir='ltr'><strong>etrtttra</strong></span> <span class='ocrx_word' id='word_1_651' title='bbox 579 4671 743 4734; x_wconf 84' lang='lat' dir='ltr'><strong>lroraiaeut</strong></span> <span class='ocrx_word' id='word_1_652' title='bbox 766 4674 937 4736; x_wconf 82' lang='lat' dir='ltr'><strong>inaurium</strong></span> <span class='ocrx_word' id='word_1_653' title='bbox 951 4675 1173 4755; x_wconf 85' lang='lat' dir='ltr'><strong>totiuspopuli</strong></span> 
     </span>
     <span class='ocr_line' id='line_1_67' title="bbox 202 4754 1174 4839; baseline -0.002 -20"><span class='ocrx_word' id='word_1_654' title='bbox 202 4758 277 4821; x_wconf 90' lang='lat' dir='ltr'><strong>odia</strong></span> <span class='ocrx_word' id='word_1_655' title='bbox 308 4754 543 4825; x_wconf 81' lang='lat' dir='ltr'><strong>infltuuruabat.</strong></span> <span class='ocrx_word' id='word_1_656' title='bbox 572 4758 688 4819; x_wconf 83' lang='lat' dir='ltr'><strong>ritcrito</strong></span> <span class='ocrx_word' id='word_1_657' title='bbox 718 4758 814 4822; x_wconf 82' lang='lat' dir='ltr'><strong>etiaur</strong></span> <span class='ocrx_word' id='word_1_658' title='bbox 840 4759 1048 4839; x_wconf 71' lang='lat' dir='ltr'><strong>pacaliariter</strong></span> <span class='ocrx_word' id='word_1_659' title='bbox 1071 4760 1104 4821; x_wconf 91' lang='lat' dir='ltr'><strong>iu</strong></span> <span class='ocrx_word' id='word_1_660' title='bbox 1127 4760 1174 4839; x_wconf 87' lang='lat' dir='ltr'><strong>ip-</strong></span> 
     </span>
     <span class='ocr_line' id='line_1_68' title="bbox 201 4838 1174 4923; baseline 0.002 -20"><span class='ocrx_word' id='word_1_661' title='bbox 201 4861 275 4903; x_wconf 90' lang='lat' dir='ltr'><strong>stuu</strong></span> <span class='ocrx_word' id='word_1_662' title='bbox 316 4838 443 4921; x_wconf 72' lang='lat' dir='ltr'><strong>stylum</strong></span> <span class='ocrx_word' id='word_1_663' title='bbox 474 4843 645 4905; x_wconf 71' lang='lat' dir='ltr'><strong>‹uria-rua.</strong></span> <span class='ocrx_word' id='word_1_664' title='bbox 692 4841 741 4905; x_wconf 92' lang='lat' dir='ltr'><strong>lta</strong></span> <span class='ocrx_word' id='word_1_665' title='bbox 771 4846 875 4923; x_wconf 65' lang='lat' dir='ltr'><strong>peritae</strong></span> <span class='ocrx_word' id='word_1_666' title='bbox 908 4864 1004 4907; x_wconf 76' lang='lat' dir='ltr'><strong>versu</strong></span> <span class='ocrx_word' id='word_1_667' title='bbox 1029 4864 1095 4905; x_wconf 89' lang='lat' dir='ltr'><strong>reru</strong></span> <span class='ocrx_word' id='word_1_668' title='bbox 1120 4844 1174 4905; x_wconf 87' lang='lat' dir='ltr'><strong>de-</strong></span> 
     </span>
     <span class='ocr_line' id='line_1_69' title="bbox 202 4924 1173 5005; baseline 0 -16"><span class='ocrx_word' id='word_1_669' title='bbox 202 4924 312 4989; x_wconf 82' lang='lat' dir='ltr'><strong>scribit</strong></span> <span class='ocrx_word' id='word_1_670' title='bbox 342 4926 447 5005; x_wconf 85' lang='lat' dir='ltr'><strong>qualis</strong></span> <span class='ocrx_word' id='word_1_671' title='bbox 476 4944 563 4989; x_wconf 87' lang='lat' dir='ltr'><strong>erat:</strong></span> <span class='ocrx_word' id='word_1_672' title='bbox 596 4927 738 4989; x_wconf 84' lang='lat' dir='ltr'><strong>secttrulo</strong></span> <span class='ocrx_word' id='word_1_673' title='bbox 768 4944 875 4990; x_wconf 77' lang='lat' dir='ltr'><strong>irritatu</strong></span> <span class='ocrx_word' id='word_1_674' title='bbox 908 4948 1005 4991; x_wconf 74' lang='lat' dir='ltr'><strong>tersa</strong></span> <span class='ocrx_word' id='word_1_675' title='bbox 1040 4928 1173 4997; x_wconf 81' lang='lat' dir='ltr'><strong>lorttcur.</strong></span> 
     </span>
     <span class='ocr_line' id='line_1_70' title="bbox 202 5009 1173 5094; baseline 0.004 -23"><span class='ocrx_word' id='word_1_676' title='bbox 202 5009 256 5073; x_wconf 79' lang='lat' dir='ltr'><strong>rel</strong></span> <span class='ocrx_word' id='word_1_677' title='bbox 286 5028 418 5073; x_wconf 78' lang='lat' dir='ltr'><strong>crttrsaur</strong></span> <span class='ocrx_word' id='word_1_678' title='bbox 449 5011 527 5074; x_wconf 77' lang='lat' dir='ltr'><strong>attali</strong></span> <span class='ocrx_word' id='word_1_679' title='bbox 557 5011 708 5073; x_wconf 66' lang='lat' dir='ltr'><strong>(retendit.</strong></span> <span class='ocrx_word' id='word_1_680' title='bbox 755 5012 864 5079; x_wconf 79' lang='lat' dir='ltr'><strong>l&#39;orro.</strong></span> <span class='ocrx_word' id='word_1_681' title='bbox 895 5013 981 5093; x_wconf 75' lang='lat' dir='ltr'><strong>qrau</strong></span> <span class='ocrx_word' id='word_1_682' title='bbox 1007 5014 1173 5094; x_wconf 81' lang='lat' dir='ltr'><strong>pracl&#39;atur</strong></span> 
     </span>
     <span class='ocr_line' id='line_1_71' title="bbox 205 5094 1172 5179; baseline 0.004 -24"><span class='ocrx_word' id='word_1_683' title='bbox 205 5094 274 5156; x_wconf 77' lang='lat' dir='ltr'><strong>lua</strong></span> <span class='ocrx_word' id='word_1_684' title='bbox 303 5116 338 5155; x_wconf 87' lang='lat' dir='ltr'><strong>se</strong></span> <span class='ocrx_word' id='word_1_685' title='bbox 360 5098 522 5159; x_wconf 73' lang='lat' dir='ltr'><strong>courtisans</strong></span> <span class='ocrx_word' id='word_1_686' title='bbox 545 5118 625 5163; x_wconf 69' lang='lat' dir='ltr'><strong>essse.</strong></span> <span class='ocrx_word' id='word_1_687' title='bbox 658 5098 689 5159; x_wconf 88' lang='lat' dir='ltr'><strong>iu</strong></span> <span class='ocrx_word' id='word_1_688' title='bbox 715 5098 775 5161; x_wconf 85' lang='lat' dir='ltr'><strong>lroe</strong></span> <span class='ocrx_word' id='word_1_689' title='bbox 799 5099 897 5159; x_wconf 78' lang='lat' dir='ltr'><strong>verbo</strong></span> <span class='ocrx_word' id='word_1_690' title='bbox 922 5118 1040 5179; x_wconf 78' lang='lat' dir='ltr'><strong>rurtgaa</strong></span> <span class='ocrx_word' id='word_1_691' title='bbox 1063 5097 1172 5161; x_wconf 86' lang='lat' dir='ltr'><strong>subest</strong></span> 
     </span>
     <span class='ocr_line' id='line_1_72' title="bbox 201 5179 1172 5264; baseline 0.002 -21"><span class='ocrx_word' id='word_1_692' title='bbox 201 5179 376 5260; x_wconf 81' lang='lat' dir='ltr'><strong>emphasis.</strong></span> <span class='ocrx_word' id='word_1_693' title='bbox 425 5180 480 5242; x_wconf 80' lang='lat' dir='ltr'><strong>Est</strong></span> <span class='ocrx_word' id='word_1_694' title='bbox 506 5182 634 5263; x_wconf 87' lang='lat' dir='ltr'><strong>quidem</strong></span> <span class='ocrx_word' id='word_1_695' title='bbox 659 5183 825 5264; x_wconf 84' lang='lat' dir='ltr'><strong>praeteriti</strong></span> <span class='ocrx_word' id='word_1_696' title='bbox 850 5184 1014 5263; x_wconf 83' lang='lat' dir='ltr'><strong>tcarporis.</strong></span> <span class='ocrx_word' id='word_1_697' title='bbox 1038 5181 1172 5263; x_wconf 87' lang='lat' dir='ltr'><strong>ideoque</strong></span> 
     </span>
    </p>
   </div>
   <div class='ocr_carea' id='block_1_14' title="bbox 1198 3986 2207 5268">
    <p class='ocr_par' dir='ltr' id='par_1_16' title="bbox 1198 3986 2207 5268">
     <span class='ocr_line' id='line_1_73' title="bbox 1199 3986 2201 4079; baseline 0.003 -21"><span class='ocrx_word' id='word_1_698' title='bbox 1199 3986 1203 3999; x_wconf 83' lang='lat'>&#39;</span> <span class='ocrx_word' id='word_1_699' title='bbox 1226 3996 1311 4059; x_wconf 86' lang='lat' dir='ltr'><strong>fecta</strong></span> <span class='ocrx_word' id='word_1_700' title='bbox 1332 4010 1412 4071; x_wconf 84' lang='lat' dir='ltr'><strong>crat,</strong></span> <span class='ocrx_word' id='word_1_701' title='bbox 1436 3995 1531 4079; x_wconf 86' lang='lat' dir='ltr'><strong>longe</strong></span> <span class='ocrx_word' id='word_1_702' title='bbox 1549 3996 1678 4077; x_wconf 89' lang='lat' dir='ltr'><strong>lateque</strong></span> <span class='ocrx_word' id='word_1_703' title='bbox 1689 4017 1836 4079; x_wconf 86' lang='lat' dir='ltr'><strong>sparsam</strong></span> <span class='ocrx_word' id='word_1_704' title='bbox 1848 4019 1929 4063; x_wconf 85' lang='lat' dir='ltr'><strong>esse.</strong></span> <span class='ocrx_word' id='word_1_705' title='bbox 1962 3996 2201 4077; x_wconf 81' lang='lat' dir='ltr'><strong>Quumautem</strong></span> 
     </span>
     <span class='ocr_line' id='line_1_74' title="bbox 1226 4079 2200 4162; baseline 0.002 -18"><span class='ocrx_word' id='word_1_706' title='bbox 1226 4080 1356 4145; x_wconf 90' lang='lat' dir='ltr'><strong>iniustis</strong></span> <span class='ocrx_word' id='word_1_707' title='bbox 1386 4079 1555 4143; x_wconf 86' lang='lat' dir='ltr'><strong>hominurn</strong></span> <span class='ocrx_word' id='word_1_708' title='bbox 1586 4081 1791 4162; x_wconf 89' lang='lat' dir='ltr'><strong>praeiudiciis</strong></span> <span class='ocrx_word' id='word_1_709' title='bbox 1829 4083 2003 4147; x_wconf 83' lang='lat' dir='ltr'><strong>damnatus</strong></span> <span class='ocrx_word' id='word_1_710' title='bbox 2031 4080 2115 4146; x_wconf 86' lang='lat' dir='ltr'><strong>nihil</strong></span> <span class='ocrx_word' id='word_1_711' title='bbox 2146 4100 2200 4146; x_wconf 86' lang='lat' dir='ltr'><strong>ra-</strong></span> 
     </span>
     <span class='ocr_line' id='line_1_75' title="bbox 1199 4163 2201 4263; baseline 0.005 -36"><span class='ocrx_word' id='word_1_712' title='bbox 1199 4208 1203 4263; x_wconf 45' lang='grc' dir='ltr'><strong>ι</strong></span> <span class='ocrx_word' id='word_1_713' title='bbox 1226 4163 1325 4231; x_wconf 88' lang='lat' dir='ltr'><strong>medii</strong></span> <span class='ocrx_word' id='word_1_714' title='bbox 1348 4168 1381 4229; x_wconf 91' lang='lat' dir='ltr'><strong>iu</strong></span> <span class='ocrx_word' id='word_1_715' title='bbox 1405 4179 1492 4229; x_wconf 82' lang='lat' dir='ltr'><strong>terre</strong></span> <span class='ocrx_word' id='word_1_716' title='bbox 1513 4184 1671 4244; x_wconf 87' lang='lat' dir='ltr'><strong>cerneret,</strong></span> <span class='ocrx_word' id='word_1_717' title='bbox 1700 4187 1772 4231; x_wconf 91' lang='lat' dir='ltr'><strong>sese</strong></span> <span class='ocrx_word' id='word_1_718' title='bbox 1795 4168 1835 4230; x_wconf 90' lang='lat' dir='ltr'><strong>ad</strong></span> <span class='ocrx_word' id='word_1_719' title='bbox 1860 4169 1921 4231; x_wconf 89' lang='lat' dir='ltr'><strong>Dei</strong></span> <span class='ocrx_word' id='word_1_720' title='bbox 1943 4166 2088 4231; x_wconf 87' lang='lat' dir='ltr'><strong>tribunal</strong></span> <span class='ocrx_word' id='word_1_721' title='bbox 2106 4186 2201 4232; x_wconf 62' lang='lat' dir='ltr'><strong>reae</strong></span> 
     </span>
     <span class='ocr_line' id='line_1_76' title="bbox 1199 4250 2201 4333; baseline 0.003 -20"><span class='ocrx_word' id='word_1_722' title='bbox 1199 4266 1203 4329; x_wconf 71' lang='grc' dir='ltr'><em>ξ</em></span> <span class='ocrx_word' id='word_1_723' title='bbox 1227 4252 1292 4333; x_wconf 88' lang='lat' dir='ltr'><strong>pit:</strong></span> <span class='ocrx_word' id='word_1_724' title='bbox 1314 4271 1351 4315; x_wconf 89' lang='lat' dir='ltr'><strong>ae</strong></span> <span class='ocrx_word' id='word_1_725' title='bbox 1373 4251 1453 4313; x_wconf 87' lang='lat' dir='ltr'><strong>satis</strong></span> <span class='ocrx_word' id='word_1_726' title='bbox 1472 4250 1595 4327; x_wconf 90' lang='lat' dir='ltr'><strong>habuit,</strong></span> <span class='ocrx_word' id='word_1_727' title='bbox 1618 4272 1728 4316; x_wconf 89' lang='lat' dir='ltr'><strong>eoram</strong></span> <span class='ocrx_word' id='word_1_728' title='bbox 1750 4254 1882 4317; x_wconf 88' lang='lat' dir='ltr'><strong>coelesti</strong></span> <span class='ocrx_word' id='word_1_729' title='bbox 1903 4252 2011 4317; x_wconf 87' lang='lat' dir='ltr'><strong>indice</strong></span> <span class='ocrx_word' id='word_1_730' title='bbox 2032 4272 2127 4317; x_wconf 80' lang='lat' dir='ltr'><strong>suam</strong></span> <span class='ocrx_word' id='word_1_731' title='bbox 2149 4252 2201 4316; x_wconf 87' lang='lat' dir='ltr'><strong>in-</strong></span> 
     </span>
     <span class='ocr_line' id='line_1_77' title="bbox 1198 4332 2202 4421; baseline 0.004 -23"><span class='ocrx_word' id='word_1_732' title='bbox 1198 4332 1204 4421; x_wconf 68' lang='lat' dir='ltr'><strong>l</strong></span> <span class='ocrx_word' id='word_1_733' title='bbox 1227 4337 1410 4399; x_wconf 88' lang='lat' dir='ltr'><strong>nocentiam</strong></span> <span class='ocrx_word' id='word_1_734' title='bbox 1433 4355 1588 4409; x_wconf 80' lang='lat' dir='ltr'><strong>asserere,</strong></span> <span class='ocrx_word' id='word_1_735' title='bbox 1613 4337 1698 4418; x_wconf 89' lang='lat' dir='ltr'><strong>quod</strong></span> <span class='ocrx_word' id='word_1_736' title='bbox 1721 4339 1791 4419; x_wconf 92' lang='lat' dir='ltr'><strong>pios</strong></span> <span class='ocrx_word' id='word_1_737' title='bbox 1812 4359 1928 4402; x_wconf 85' lang='lat' dir='ltr'><strong>omnes</strong></span> <span class='ocrx_word' id='word_1_738' title='bbox 1948 4338 2071 4401; x_wconf 89' lang='lat' dir='ltr'><strong>imitari</strong></span> <span class='ocrx_word' id='word_1_739' title='bbox 2093 4336 2202 4420; x_wconf 76' lang='lat' dir='ltr'><strong>decet,</strong></span> 
     </span>
     <span class='ocr_line' id='line_1_78' title="bbox 1198 4420 2203 4507; baseline 0.004 -24"><span class='ocrx_word' id='word_1_740' title='bbox 1198 4464 1202 4507; x_wconf 67' lang='lat'><strong>,</strong></span> <span class='ocrx_word' id='word_1_741' title='bbox 1226 4435 1262 4483; x_wconf 87' lang='lat' dir='ltr'><strong>ut-</strong></span> <span class='ocrx_word' id='word_1_742' title='bbox 1284 4436 1396 4484; x_wconf 85' lang='lat' dir='ltr'><strong>contra</strong></span> <span class='ocrx_word' id='word_1_743' title='bbox 1418 4441 1590 4502; x_wconf 80' lang='lat' dir='ltr'><strong>perversos</strong></span> <span class='ocrx_word' id='word_1_744' title='bbox 1612 4443 1758 4487; x_wconf 85' lang='lat' dir='ltr'><strong>rumores</strong></span> <span class='ocrx_word' id='word_1_745' title='bbox 1779 4426 1877 4486; x_wconf 90' lang='lat' dir='ltr'><strong>unico</strong></span> <span class='ocrx_word' id='word_1_746' title='bbox 1891 4420 1956 4487; x_wconf 92' lang='lat' dir='ltr'><strong>Dei</strong></span> <span class='ocrx_word' id='word_1_747' title='bbox 1979 4422 2097 4487; x_wconf 86' lang='lat' dir='ltr'><strong>iudicio</strong></span> <span class='ocrx_word' id='word_1_748' title='bbox 2120 4443 2203 4487; x_wconf 90' lang='lat' dir='ltr'><strong>eon-</strong></span> 
     </span>
     <span class='ocr_line' id='line_1_79' title="bbox 1226 4505 2204 4589; baseline 0.007 -23"><span class='ocrx_word' id='word_1_749' title='bbox 1226 4507 1306 4567; x_wconf 91' lang='lat' dir='ltr'><strong>tenti</strong></span> <span class='ocrx_word' id='word_1_750' title='bbox 1336 4505 1412 4568; x_wconf 87' lang='lat' dir='ltr'><strong>sint.</strong></span> <span class='ocrx_word' id='word_1_751' title='bbox 1456 4505 1586 4570; x_wconf 75' lang='lat' dir='ltr'><strong>Clarius</strong></span> <span class='ocrx_word' id='word_1_752' title='bbox 1613 4506 1731 4570; x_wconf 88' lang='lat' dir='ltr'><strong>deinde</strong></span> <span class='ocrx_word' id='word_1_753' title='bbox 1759 4508 1935 4589; x_wconf 82' lang='lat' dir='ltr'><strong>profitetur</strong></span> <span class='ocrx_word' id='word_1_754' title='bbox 1963 4507 2092 4571; x_wconf 90' lang='lat' dir='ltr'><strong>nullum</strong></span> <span class='ocrx_word' id='word_1_755' title='bbox 2120 4528 2143 4572; x_wconf 85' lang='lat' dir='ltr'><strong>a</strong></span> <span class='ocrx_word' id='word_1_756' title='bbox 2164 4529 2204 4573; x_wconf 91' lang='lat' dir='ltr'><strong>se</strong></span> 
     </span>
     <span class='ocr_line' id='line_1_80' title="bbox 1225 4591 2205 4675; baseline 0.005 -22"><span class='ocrx_word' id='word_1_757' title='bbox 1225 4591 1433 4655; x_wconf 86' lang='lat' dir='ltr'><strong>commissum</strong></span> <span class='ocrx_word' id='word_1_758' title='bbox 1469 4591 1568 4653; x_wconf 82' lang='lat' dir='ltr'><strong>fuisse</strong></span> <span class='ocrx_word' id='word_1_759' title='bbox 1599 4592 1734 4656; x_wconf 89' lang='lat' dir='ltr'><strong>crimen.</strong></span> <span class='ocrx_word' id='word_1_760' title='bbox 1778 4592 1926 4657; x_wconf 75' lang='lat' dir='ltr'><strong>Tandem</strong></span> <span class='ocrx_word' id='word_1_761' title='bbox 1959 4592 2041 4657; x_wconf 85' lang='lat' dir='ltr'><strong>duas</strong></span> <span class='ocrx_word' id='word_1_762' title='bbox 2072 4594 2205 4675; x_wconf 80' lang='lat' dir='ltr'><strong>speeies</strong></span> 
     </span>
     <span class='ocr_line' id='line_1_81' title="bbox 1225 4674 2204 4760; baseline 0.003 -21"><span class='ocrx_word' id='word_1_763' title='bbox 1225 4692 1469 4740; x_wconf 73' lang='lat' dir='ltr'><strong>certamemorat.</strong></span> <span class='ocrx_word' id='word_1_764' title='bbox 1496 4674 1581 4754; x_wconf 93' lang='lat' dir='ltr'><strong>quod</strong></span> <span class='ocrx_word' id='word_1_765' title='bbox 1605 4678 1758 4741; x_wconf 88' lang='lat' dir='ltr'><strong>iniuriam</strong></span> <span class='ocrx_word' id='word_1_766' title='bbox 1778 4678 1902 4741; x_wconf 88' lang='lat' dir='ltr'><strong>nullam</strong></span> <span class='ocrx_word' id='word_1_767' title='bbox 1925 4676 2090 4741; x_wconf 85' lang='lat' dir='ltr'><strong>intulerit:</strong></span> <span class='ocrx_word' id='word_1_768' title='bbox 2114 4678 2204 4760; x_wconf 89' lang='lat' dir='ltr'><strong>quin</strong></span> 
     </span>
     <span class='ocr_line' id='line_1_82' title="bbox 1226 4760 2204 4844; baseline 0.005 -23"><span class='ocrx_word' id='word_1_769' title='bbox 1226 4761 1332 4839; x_wconf 86' lang='lat' dir='ltr'><strong>potius</strong></span> <span class='ocrx_word' id='word_1_770' title='bbox 1355 4760 1517 4824; x_wconf 86' lang='lat' dir='ltr'><strong>studuerit</strong></span> <span class='ocrx_word' id='word_1_771' title='bbox 1540 4760 1651 4824; x_wconf 83' lang='lat' dir='ltr'><strong>hostes</strong></span> <span class='ocrx_word' id='word_1_772' title='bbox 1672 4784 1749 4826; x_wconf 88' lang='lat' dir='ltr'><strong>euos</strong></span> <span class='ocrx_word' id='word_1_773' title='bbox 1770 4765 1893 4835; x_wconf 80' lang='lat' dir='ltr'><strong>iurare,</strong></span> <span class='ocrx_word' id='word_1_774' title='bbox 1917 4763 2067 4844; x_wconf 87' lang='lat' dir='ltr'><strong>aquibus</strong></span> <span class='ocrx_word' id='word_1_775' title='bbox 2084 4774 2204 4827; x_wconf 75' lang='lat' dir='ltr'><strong>tamen</strong></span> 
     </span>
     <span class='ocr_line' id='line_1_83' title="bbox 1225 4845 2204 4929; baseline 0.007 -23"><span class='ocrx_word' id='word_1_776' title='bbox 1225 4846 1296 4907; x_wconf 89' lang='lat' dir='ltr'><strong>sine</strong></span> <span class='ocrx_word' id='word_1_777' title='bbox 1325 4863 1424 4907; x_wconf 86' lang='lat' dir='ltr'><strong>eausa</strong></span> <span class='ocrx_word' id='word_1_778' title='bbox 1445 4845 1552 4907; x_wconf 86' lang='lat' dir='ltr'><strong>laesus</strong></span> <span class='ocrx_word' id='word_1_779' title='bbox 1575 4846 1691 4909; x_wconf 81' lang='lat' dir='ltr'><strong>suerat.</strong></span> <span class='ocrx_word' id='word_1_780' title='bbox 1736 4845 1792 4911; x_wconf 84' lang='lat' dir='ltr'><strong>Sic</strong></span> <span class='ocrx_word' id='word_1_781' title='bbox 1815 4864 1926 4911; x_wconf 89' lang='lat' dir='ltr'><strong>autem</strong></span> <span class='ocrx_word' id='word_1_782' title='bbox 1949 4847 2077 4911; x_wconf 81' lang='lat' dir='ltr'><strong>resolvo</strong></span> <span class='ocrx_word' id='word_1_783' title='bbox 2099 4850 2204 4929; x_wconf 87' lang='lat' dir='ltr'><strong>qnin-</strong></span> 
     </span>
     <span class='ocr_line' id='line_1_84' title="bbox 1225 4930 2203 5012; baseline 0.006 -21"><span class='ocrx_word' id='word_1_784' title='bbox 1225 4943 1294 4991; x_wconf 89' lang='lat' dir='ltr'><strong>tum</strong></span> <span class='ocrx_word' id='word_1_785' title='bbox 1325 4949 1472 4991; x_wconf 77' lang='lat' dir='ltr'><strong>versam:</strong></span> <span class='ocrx_word' id='word_1_786' title='bbox 1507 4930 1544 4991; x_wconf 76' lang='lat' dir='ltr'><strong>si</strong></span> <span class='ocrx_word' id='word_1_787' title='bbox 1574 4951 1670 5010; x_wconf 90' lang='lat' dir='ltr'><strong>quem</strong></span> <span class='ocrx_word' id='word_1_788' title='bbox 1700 4933 1734 4993; x_wconf 90' lang='lat' dir='ltr'><strong>in</strong></span> <span class='ocrx_word' id='word_1_789' title='bbox 1765 4952 1842 5012; x_wconf 89' lang='lat' dir='ltr'><strong>pace</strong></span> <span class='ocrx_word' id='word_1_790' title='bbox 1872 4933 2032 5003; x_wconf 79' lang='lat' dir='ltr'><strong>lacessiri.</strong></span> <span class='ocrx_word' id='word_1_791' title='bbox 2062 4953 2100 4997; x_wconf 88' lang='lat' dir='ltr'><strong>ae</strong></span> <span class='ocrx_word' id='word_1_792' title='bbox 2131 4954 2203 4997; x_wconf 89' lang='lat' dir='ltr'><strong>non</strong></span> 
     </span>
     <span class='ocr_line' id='line_1_85' title="bbox 1226 5014 2207 5099; baseline 0.006 -23"><span class='ocrx_word' id='word_1_793' title='bbox 1226 5014 1333 5095; x_wconf 87' lang='lat' dir='ltr'><strong>potius</strong></span> <span class='ocrx_word' id='word_1_794' title='bbox 1363 5014 1527 5095; x_wconf 71' lang='lat' dir='ltr'><strong>suppetias</strong></span> <span class='ocrx_word' id='word_1_795' title='bbox 1557 5016 1616 5076; x_wconf 91' lang='lat' dir='ltr'><strong>tuli</strong></span> <span class='ocrx_word' id='word_1_796' title='bbox 1643 5015 1787 5095; x_wconf 82' lang='lat' dir='ltr'><strong>indignis</strong></span> <span class='ocrx_word' id='word_1_797' title='bbox 1809 5020 1865 5097; x_wconf 91' lang='lat' dir='ltr'><strong>qui</strong></span> <span class='ocrx_word' id='word_1_798' title='bbox 1888 5039 1940 5081; x_wconf 92' lang='lat' dir='ltr'><strong>me</strong></span> <span class='ocrx_word' id='word_1_799' title='bbox 1962 5018 2068 5099; x_wconf 85' lang='lat' dir='ltr'><strong>gratis</strong></span> <span class='ocrx_word' id='word_1_800' title='bbox 2090 5038 2207 5099; x_wconf 87' lang='lat' dir='ltr'><strong>perse-</strong></span> 
     </span>
     <span class='ocr_line' id='line_1_86' title="bbox 1226 5097 2204 5183; baseline 0.009 -25"><span class='ocrx_word' id='word_1_801' title='bbox 1226 5098 1417 5179; x_wconf 86' lang='lat' dir='ltr'><strong>quebantur.</strong></span> <span class='ocrx_word' id='word_1_802' title='bbox 1463 5097 1546 5161; x_wconf 80' lang='lat' dir='ltr'><strong>Nam</strong></span> <span class='ocrx_word' id='word_1_803' title='bbox 1576 5120 1677 5179; x_wconf 91' lang='lat' dir='ltr'><strong>quum</strong></span> <span class='ocrx_word' id='word_1_804' title='bbox 1707 5100 1807 5183; x_wconf 77' lang='lat' dir='ltr'><strong>vulgo</strong></span> <span class='ocrx_word' id='word_1_805' title='bbox 1830 5122 1950 5168; x_wconf 87' lang='lat' dir='ltr'><strong>exosus</strong></span> <span class='ocrx_word' id='word_1_806' title='bbox 1970 5103 2055 5167; x_wconf 83' lang='lat' dir='ltr'><strong>soret</strong></span> <span class='ocrx_word' id='word_1_807' title='bbox 2076 5102 2204 5183; x_wconf 81' lang='lat' dir='ltr'><strong>David,</strong></span> 
     </span>
     <span class='ocr_line' id='line_1_87' title="bbox 1225 5181 2205 5268; baseline 0.008 -23"><span class='ocrx_word' id='word_1_808' title='bbox 1225 5202 1262 5245; x_wconf 90' lang='lat' dir='ltr'><strong>ac</strong></span> <span class='ocrx_word' id='word_1_809' title='bbox 1283 5184 1308 5243; x_wconf 68' lang='lat' dir='ltr'><strong>si</strong></span> <span class='ocrx_word' id='word_1_810' title='bbox 1333 5181 1490 5265; x_wconf 82' lang='lat' dir='ltr'><strong>regaaadi</strong></span> <span class='ocrx_word' id='word_1_811' title='bbox 1523 5182 1683 5265; x_wconf 86' lang='lat' dir='ltr'><strong>cupiditas</strong></span> <span class='ocrx_word' id='word_1_812' title='bbox 1716 5207 1791 5249; x_wconf 91' lang='lat' dir='ltr'><strong>eum</strong></span> <span class='ocrx_word' id='word_1_813' title='bbox 1825 5185 1866 5249; x_wconf 90' lang='lat' dir='ltr'><strong>ad</strong></span> <span class='ocrx_word' id='word_1_814' title='bbox 1899 5187 2057 5268; x_wconf 79' lang='lat' dir='ltr'><strong>pertidum</strong></span> <span class='ocrx_word' id='word_1_815' title='bbox 2090 5187 2205 5253; x_wconf 80' lang='lat' dir='ltr'><strong>‹tetse-</strong></span> 
     </span>
    </p>
   </div>
   <div class='ocr_carea' id='block_1_15' title="bbox 0 0 2334 5856">
    <p class='ocr_par' dir='ltr' id='par_1_17' title="bbox 0 0 2334 5856">
     <span class='ocr_line' id='line_1_88' title="bbox 0 0 2334 5856; baseline 0 0"><span class='ocrx_word' id='word_1_816' title='bbox 0 0 2334 5856; x_wconf 95' lang='lat' dir='ltr'><strong> </strong></span> 
     </span>
    </p>
   </div>
  </div>
 </body>
</html>
