4658 5856
223 297 287 364 tet
1059 294 1277 365 retentus
1298 297 1394 364 XIV.
2158 296 2222 365 136

221 490 316 555 nobis
337 487 456 553 dictet:
478 488 574 554 sicuti
597 487 708 553 Derid
730 487 771 553 ed
793 486 1024 553 eelebreudem
1048 487 1110 552 Dei
1125 508 1199 570 gre·
1251 509 1315 554 neu
1337 488 1542 555 incommode
1564 498 1672 571 posset
1693 487 1739 552 ite
1760 488 1882 569 exponi
1904 487 1939 552 iu
1962 488 2023 553 bec
2045 488 2132 552 lece:
2158 508 2221 573 ege

221 576 301 639 tiem
336 574 428 656 prius
465 594 501 640 ee
527 594 565 639 ee
601 588 696 656 peret
723 593 821 655 quem
852 585 1009 657 eppereet
1037 572 1197 637 melorum
1250 584 1360 640 temen
1391 575 1478 657 qued
1506 574 1612 658 megis
1641 583 1807 657 receptum
1835 584 1895 651 est,
1925 572 2064 639 libenter
2093 594 2221 657 sequor,

224 662 341 725 exitus
385 658 533 724 Verbum
562 594 639 744 ξω
666 660 751 741 qnod
774 658 831 724 elii
854 660 1033 723 retribuere
1056 670 1199 737 venunt,
1251 672 1287 724 et
1309 660 1462 726 veseniee
1484 661 1681 724 damnentur
1703 680 1815 724 omnes
1838 659 1964 742 proleni
1986 658 2145 739 hemines,
2165 662 2222 744 qni

225 766 292 810 neu
319 743 407 809 eliud
440 743 493 810 bie
521 745 696 828 significet,
726 763 825 827 quem
855 764 982 809 merum
1006 742 1198 809 beneficium
1251 746 1377 812 ebieete
1398 745 1462 811 Dei
1484 758 1583 822 metu,
1606 766 1642 811 se
1664 745 1705 810 ed
1724 746 1920 811 iniustitiem
1939 745 2124 827 preiieiuut.
2158 745 2224 811 Ne-

224 832 382 905 eeuferre,
406 830 502 896 sicuti
524 844 558 894 et
581 830 730 913 pluribus
751 830 824 895 eliis
842 830 931 895 locis.
975 827 1093 910 Quelis
1111 831 1199 895 enim
1249 852 1312 915 que
1341 831 1429 897 enim
1458 831 1603 915 vulgetis
1632 831 1790 897 stultitiee
1820 830 1932 898 hostes
1953 851 2029 896 sues
2051 831 2224 897 insimulet

225 927 314 981 esset
342 916 407 980 iste
435 917 615 1000 gretierom
637 917 733 994 ectio,
766 914 876 981 Deum
899 915 1081 980 mercedem
1103 934 1199 981 serve
1249 916 1371 995 David,
1400 916 1457 983 sed
1480 916 1515 980 iu
1537 938 1649 982 eorum
1673 916 1865 994 veeerdiem,
1894 916 2108 1001 iuuenemque
2130 915 2224 982 duri·

225 1022 284 1066 eoo
313 998 455 1066 debitem
486 999 697 1083 rependisse?
730 1019 798 1083 que
818 1003 931 1085 inepte
952 1020 1064 1065 eorum
1087 1014 1120 1066 et
1141 1001 1200 1065 iri·
1251 1003 1328 1068 tiem
1357 1002 1535 1086 invehitur,
1563 1024 1644 1085 ques
1672 1001 1814 1069 mundus
1837 1002 1931 1069 relde
1951 1022 2066 1085 cepero
2088 1002 2222 1070 iudicet.

227 1087 301 1153 vole
332 1088 463 1171 ergutie
496 1086 669 1165 refellitur,
703 1087 760 1167 qui
792 1087 833 1153 ed
866 1086 1036 1171 prebende
1064 1106 1199 1169 eperum
1251 1088 1337 1154 Nem
1366 1088 1421 1170 qui
1451 1088 1594 1154 menime
1623 1089 1801 1173 prudentes
1830 1099 1865 1154 et
1893 1087 2033 1155 eensnlti
2061 1098 2131 1152 tem
2160 1090 2222 1155 sibi

225 1174 343 1238 merite
359 1172 466 1237 lecum
487 1172 576 1238 huuc
593 1174 797 1256 detorquent.
828 1172 979 1256 Denique
998 1171 1038 1236 ed
1054 1172 1201 1237 tenende
1251 1193 1348 1258 quem
1389 1174 1461 1239 eliis
1493 1173 1657 1253 ridentur,
1700 1195 1755 1240 ees
1789 1184 1825 1238 ut
1856 1175 2034 1258 plurimum
2068 1172 2224 1239 videmus

224 1259 290 1323 Dei
318 1259 485 1336 benelieie,
521 1273 697 1341 antequem
727 1278 767 1322 ee
796 1259 988 1343 perceperit,
1028 1257 1200 1341 festinens,
1251 1260 1361 1324 federe
1397 1260 1537 1325 estntiee
1573 1261 1726 1341 lembure,
1763 1267 1800 1324 ut
1830 1257 1940 1326 Deum
1970 1259 2156 1342 spernendo
2184 1280 2224 1327 ee

225 1344 366 1410 selntem
399 1364 482 1426 qnee
517 1356 596 1409 tnnc
628 1343 743 1428 proenl
774 1355 899 1409 remote
928 1355 1007 1420 eret,
1040 1344 1101 1410 sibi
1124 1356 1201 1409 ente
1251 1345 1387 1410 ridendo
1419 1346 1543 1429 ingenii
1564 1348 1615 1411 eui
1637 1366 1772 1411 ecemen
1795 1354 1979 1411 exerceant.
2023 1345 2138 1410 Primo
2160 1346 2223 1410 ite·

226 1431 337 1496 eenlee
359 1429 486 1495 stetuit.
1252 1452 1316 1513 qne
1337 1431 1503 1497 sciendum
1535 1442 1594 1510 est,
1623 1432 1837 1514 qeeutumrie
1858 1429 2002 1496 mundus
2024 1431 2168 1496 versutis
2188 1440 2225 1496 et

1252 1518 1377 1582 nasutis
1400 1517 1586 1583 hominibus
1605 1517 1792 1600 epplendet,
1814 1518 1868 1601 qui
1890 1515 1952 1582 eibi
1974 1515 2103 1598 quidvis
2121 1516 2225 1581 liceu-

1252 1604 1317 1668 tiee
1334 1603 1516 1687 indulgent,
1537 1604 1685 1668 ineeniee
1702 1615 1811 1668 temen
1830 1603 1917 1685 ipses
1935 1623 1954 1666 e
1971 1602 2090 1685 spiritu
2108 1614 2225 1668 senete

1253 1688 1418 1755 demueri:
1436 1690 1512 1771 quie
1529 1688 1640 1755 nullus
1657 1698 1708 1754 est
1724 1690 1829 1773 magis
1847 1686 1963 1752 brutus
1981 1700 2104 1770 stupor,
2123 1709 2223 1770 quem

551 1786 760 1857 psflfflus
782 1786 879 1855 xlv,
1252 1773 1316 1839 Dei
1348 1774 1480 1840 oblivio.
1534 1774 1642 1840 Simul
1681 1790 1790 1841 temen
1823 1773 2003 1838 notandum
2036 1785 2095 1853 est,
2133 1773 2223 1838 nude

1252 1860 1385 1944 colliget
1405 1880 1460 1925 ees
1481 1859 1610 1925 exuisse
1631 1881 1763 1926 emnem
1781 1861 1912 1942 pietetis
1929 1878 2079 1925 mesum:
2103 1880 2224 1941 nempe

222 1958 305 2014 ABG.
325 1958 675 2083 foriaeffiefeirngpinmffllgei
694 1963 888 2081 &mena
902 1957 1041 2093 dmm
1067 1958 1201 2081 unffi:
1252 1947 1330 2095 qui?i
1346 1946 1641 2096 ⁰ffil⁰9mfi⁰ffi⁰⁰¹l³
1656 1946 1883 2095 pervertleirirsst,
1904 1943 2078 2094 uttrirullum
2090 1955 2226 2093 melrlreet

326 2045 1201 2229 um
1251 2052 1488 2183 treet?
1503 2052 1789 2184 Ἡ
1808 2051 1943 2215 “dl
1963 2050 2225 2214 tertre

327 2182 406 2289 ,ᾖ
423 2183 533 2288 {mig
552 2235 679 2302 suspiret,
697 2250 727 2286 ee
745 2239 774 2286 et
791 2180 1038 2287 mmmmm„
1076 2181 1095 2233 q
1251 2204 1358 2270 cordis
1375 2205 1494 2268 effectu
1513 2203 1705 2286 pronuntiet
1722 2202 1841 2280 David,
1864 2202 1927 2266 nist
1945 2212 2107 2283 quetenns
2129 2203 2224 2284 impii

1251 2311 1310 2354 ene
1342 2289 1462 2355 iudicio
1495 2310 1530 2354 se
1563 2288 1722 2372 produnt:
1756 2307 1793 2352 ee
1820 2289 1847 2353 ei
1878 2288 2009 2364 diceret,
2041 2288 2097 2369 qui
2125 2288 2165 2351 fit
2188 2299 2225 2351 nt

312 2390 339 2453 1.
371 2387 534 2471 Praefecto
571 2387 720 2454 Doridis,
771 2387 869 2454 Dixit
903 2387 1019 2453 stultus
1046 2387 1081 2451 in
1109 2387 1200 2452 corde
1252 2376 1400 2440 hemines
1429 2377 1483 2440 isti
1512 2374 1593 2439 edee
1624 2376 1812 2460 importune
1845 2372 2026 2451 lascivient,
2062 2373 2154 2436 nulle
2181 2376 2225 2437 sit

223 2496 289 2554 erre,
318 2495 381 2540 nott
401 2480 447 2541 est
468 2475 567 2553 Deus,
596 2478 812 2555 corruperunt,
835 2472 1043 2538 abominabile
1060 2474 1200 2554 fecerunt
1251 2462 1333 2524 recti
1361 2461 1412 2524 vel
1444 2461 1539 2541 nequi
1569 2461 1655 2543 epud
1685 2483 1739 2526 ees
1762 2461 1855 2537 ratio,
1885 2457 2083 2557 deniqneut
2105 2458 2224 2522 imme·

224 2582 319 2643 opes,-
341 2583 401 2627 eon
422 2566 467 2626 est
487 2563 543 2642 qut
564 2561 663 2640 faciat
683 2560 803 2624 tonum,
1252 2547 1337 2610 niter
1358 2557 1458 2610 ruent
1479 2548 1514 2610 in
1537 2565 1634 2610 omne
1654 2547 1812 2611 scelernm
1835 2565 1952 2629 genus,
1980 2564 2046 2608 mer
2067 2546 2145 2626 quie
2166 2566 2223 2609 ex·

1251 2650 1345 2696 cesse
1367 2632 1497 2715 pietetis
1520 2652 1619 2696 sensu
1650 2652 1778 2697 emnem
1799 2630 1864 2696 Dei
1885 2632 2085 2707 memoriam,
2118 2649 2222 2712 quen·

311 2733 460 2814 Plerique
489 2753 530 2794 ex
558 2728 688 2794 Indaeis
710 2729 902 2793 vetieininm
926 2729 959 2791 iu
983 2728 1044 2794 hee
1067 2727 1199 2792 Pselme
1251 2729 1322 2780 tum
1356 2718 1390 2781 ln
1423 2738 1470 2816 ss⁸
1492 2728 1551 2816 cst,
1569 2738 1628 2817 .⁰¹.
1657 2718 1774 2816 enimis
1807 2717 1876 2781 suis
1903 2714 2084 2815 delerent?
2136 2714 2223 2780 Nem

225 2820 348 2885 editum
377 2837 449 2881 esse
479 2815 595 2879 velent
622 2811 662 2878 de
692 2815 802 2878 future
834 2814 942 2897 gentis
964 2834 1043 2878 enee
1064 2832 1198 2897 oppres·
1250 2822 1387 2884 quorem
1417 2804 1686 2902 ⁸¹1¹¹¹1¹821181d0l
1714 2803 1823 2884 ⁸¹¹q1¹⁸
1851 2803 1976 2886 10l¹8¹02
2008 2821 2064 2899 0⁰⁸,
2094 2821 2225 2901 ⁸⁰}nl‘01'

226 2906 334 2970 siene:
369 2923 407 2968 eo
440 2902 468 2966 si
501 2899 608 2965 Devid
642 2901 676 2963 iu
710 2899 828 2982 spiritu
861 2898 1031 2964 ecelesiem
1053 2897 1115 2962 Dei
1137 2901 1198 2964 sub
1251 2909 1382 2987 ⁰0908⁸0
1421 2897 1471 2953 est
1511 2889 1619 2970 equne
1649 2889 1824 2954 modestiae
1852 2888 1967 2985 fissus
2000 2895 2150 2987 rcttncrr,¹
2180 2908 2225 2986 ne

268 2989 375 3053 ntinm
405 2985 582 3071 tyrannide
610 2985 765 3051 afflictam
788 2984 930 3050 defleret.
975 2983 1091 3067 Itaque
1112 2983 1198 3068 qnod
1251 2973 1382 3056 quidvis
1412 2974 1577 3073 audeant,
1594 2974 1682 3074 unde
1710 2976 1868 3058 sequitur,
1901 2974 1957 3038 ner
1986 2992 2065 3037 susc
2094 2972 2224 3037 utrem

251 3076 280 3139 ie
302 3072 428 3152 dicitnr,
451 3071 493 3138 ed
514 3080 720 3156 praesentem
742 3090 835 3136 suem
854 3070 1098 3153 dissipationem
1117 3071 1198 3135 rele·
1250 3061 1373 3159 {sbsque
1409 3062 1534 3143 pudore
1569 3063 1662 3143 lmpit
1697 3074 1777 3159 tem·
1795 3057 1987 3159 praefracte·
2003 3068 2038 3121 et
2065 3057 2225 3124 endeeter

228 3170 315 3236 runt,
338 3179 376 3223 ec
398 3159 426 3223 si
448 3168 558 3224 essent
579 3158 721 3242 pretiose
743 3157 799 3221 ille
817 3157 881 3222 Dei
899 3156 1082 3221 haeredites
1100 3176 1198 3238 quem
1251 3145 1433 3244 {ndulgsnt
1460 3147 1588 3210 exuisse
1606 3144 1681 3246 'Dei
1711 3156 1870 3246 nentem.
1915 3144 2004 3209 Drcrt
2031 3154 2144 3242 entem
2168 3165 2225 3210 eee

228 3246 387 3310 devorent
419 3242 508 3309 ferne
541 3243 674 3309 bestiae,
717 3241 785 3309 Sed
819 3242 912 3308 fenile
940 3252 1086 3324 apeme,
1119 3241 1198 3306 dum
1250 3252 1283 3295 ru
1312 3231 1409 3297 corde
1436 3251 1497 3296 sno
1526 3233 1632 3314 loqur:
1665 3252 1743 3315 ane
1770 3231 1847 3297 lieet
1873 3229 2108 3329 exsecrabilem
2136 3229 2225 3296 bene

228 3330 335 3415 gentis
364 3348 443 3395 enee
472 3328 611 3395 dedecus
641 3338 751 3413 tegere
773 3328 899 3405 volunt,
928 3346 947 3392 e
992 3336 1107 3410 gentes
1129 3328 1200 3392 sine
1251 3316 1486 3400 blasphemiam
1503 3338 1560 3382 ors
1577 3326 1824 3397 nonsummum,
1845 3316 2121 3415 effmenmtemen
2134 3317 2225 3381 vites

229 3417 355 3480 retieue
384 3426 537 3498 torquere
567 3412 653 3496 quod
683 3415 722 3479 de
751 3413 915 3496 perversis
948 3411 1101 3478 Abrehee
1123 3412 1200 3479 filiis
1223 3360 1227 3473 l
1251 3403 1541 3506 licentieelemet,¹
1566 3403 1664 3470 eorde
1685 3405 1833 3503 ipserum
1854 3422 1943 3466 emur
1967 3410 2086 3483 pretete
2108 3421 2226 3481 veens,

231 3501 352 3565 dietum
392 3511 450 3564 est.
499 3498 597 3565 Certe
637 3499 749 3564 nullus
781 3499 885 3563 Peule
917 3498 1061 3579 apostole
1094 3500 1200 3582 megin
1223 3512 1227 3573 ξ
1252 3489 1337 3555 hene
1366 3491 1427 3557 srbr
1456 3490 1652 3554 centdeeem
1683 3500 1829 3554 snevrter
1855 3506 1983 3552 eenere.
2026 3484 2104 3550 Non
2132 3488 2224 3570 qued

229 3585 365 3651 idoneus
398 3585 461 3650 orit
498 3584 669 3667 interpres,
708 3586 763 3667 qui
799 3583 840 3647 ed
872 3582 1027 3667 populum
1060 3582 1198 3667 legalem
1223 3578 1228 3635 l
1252 3575 1412 3641 subdente
1433 3577 1567 3651 retiene,
1591 3577 1643 3640 vel
1666 3575 1814 3640 termetis
1831 3575 1883 3659 (nt
1899 3569 2007 3656 einnt)
2023 3571 2229 3656 syllogismis

231 3674 349 3737 diserte
378 3669 592 3749 eeommodet,
622 3670 719 3735 Rem.
749 3669 852 3747 3,19.
897 3667 1025 3733 Deinde
1047 3680 1084 3731 ut
1107 3668 1200 3733 nobis
1224 3652 1228 3713 l
1252 3661 1380 3724 nullum
1411 3682 1483 3727 esse
1504 3660 1613 3725 Deum
1636 3670 1784 3726 statuent
1804 3657 1910 3745 (Dens
1931 3659 2018 3722 enim
2041 3657 2227 3722 sceleretie·

231 3758 313 3824 desit
335 3756 415 3823 illud
438 3755 672 3831 testimenium,
694 3765 868 3821 contextus
888 3754 975 3819 clere
997 3752 1201 3818 demonstret
1224 3732 1228 3829 l
1253 3745 1351 3811 simos
1380 3748 1479 3812 etiem
1509 3766 1663 3829 quosque,
1693 3756 1730 3810 nt
1759 3745 1865 3829 megis
1886 3742 1953 3809 sint
1974 3743 2228 3821 inexnnsebilnn,

232 3843 424 3909 domesticos
442 3842 551 3925 petius
570 3839 713 3907 bdelium
733 3853 892 3924 tyrenses
909 3849 943 3904 et
960 3839 1079 3916 hostes,
1103 3859 1198 3920 quem
1224 3834 1229 3943 j
1252 3833 1378 3897 nenia
1407 3832 1625 3898 eonscientiae
1653 3832 1884 3929 punctionibus
1912 3826 2051 3893 subinde
2080 3841 2228 3912 exercet,

232 3939 360 3995 exteros
382 3950 401 3994 ιι
423 3928 551 3993 Devide
567 3928 684 4004 ueteri,
707 3927 792 4010 quod
811 3936 922 3991 tenere
939 3934 1051 3990 nostre
1067 3942 1200 4008 megno·
1225 3970 1228 3977 .
1253 3928 1289 3982 ut
1318 3938 1412 3983 suum
1443 3938 1565 4016 numen
1595 3928 1629 3980 et
1656 3936 1828 4015 imperinm
1851 3934 2027 4013 egneeeere
2047 3917 2229 4013 cogentur)

234 4040 309 4102 pere
332 4019 440 4083 refert.
485 4015 616 4081 Scimus
638 4014 724 4078 enim
743 4032 841 4095 quem
860 4011 986 4076 duriter
1004 4031 1063 4075 nee
1080 4011 1204 4075 cruciet
1225 4014 1229 4063 t
1252 4002 1309 4068 sed
1331 4004 1392 4085 ipsi
1414 4001 1570 4085 quidquid
1593 4010 1701 4099 reetee
1723 4004 1855 4066 uetitree
1873 4001 1964 4065 Deus
1981 3999 2130 4080 instillet,
2152 4020 2229 4084 per-

233 4106 315 4171 beee
335 4103 483 4177 tentatie,
506 4122 607 4183 quum
630 4100 664 4163 in
686 4098 794 4163 medie
816 4096 953 4164 molesia
973 4096 1115 4181 gressmi
1133 4114 1202 4161 see·
1254 4088 1313 4151 tim
1335 4089 1498 4153 suffocent
1518 4108 1578 4153 sus
1599 4086 1731 4166 melles,
1759 4088 1878 4184 purtim
1901 4084 2098 4184 adulterent,
2120 4084 2228 4155 deuse

233 4192 337 4257 lerum
368 4187 551 4261 colluviem,
585 4184 686 4249 bonos
708 4190 742 4248 et
763 4182 925 4264 simplices
948 4182 1068 4246 iniuste
1090 4180 1201 4263 affligi,
1253 4182 1400 4239 emortus
1430 4173 1535 4239 ieceet
1562 4172 1685 4255 religio.
1728 4172 1892 4254 Quemvis
1918 4192 2008 4235 enim
2035 4192 2103 4234 neu
2124 4172 2228 4255 plene

233 4276 398 4361 improbos
425 4272 601 4339 errrdeliter
655 4292 689 4334 re
711 4290 770 4334 sne
792 4265 926 4332 libidine
949 4266 1108 4331 dominari
1131 4286 1203 4332 cer·
1253 4257 1362 4323 Deum
1393 4278 1464 4324 esee
1495 4268 1625 4357 negent,
1660 4258 1749 4322 coele
1771 4266 1880 4322 temen
1903 4256 2076 4356 includunt
2096 4257 2229 4325 iustitie

235 4364 353 4430 nimus.
397 4360 505 4424 Triste
526 4358 613 4421 enim
631 4291 698 4419 lieo
714 4352 934 4438 speetecnlnm
957 4374 1018 4417 nee
1040 4351 1107 4416 lere
1124 4372 1201 4416 exe·
1253 4354 1286 4408 et
1307 4345 1430 4409 virtute
1450 4362 1510 4408 sne
1531 4343 1721 4425 spoletum:
1744 4342 1831 4425 qued
1855 4352 1907 4408 est
1927 4341 2052 4407 rdolnm
2070 4342 2143 4409 lece
2159 4345 2228 4411 Dei

234 4450 353 4516 nimet:
383 4464 483 4528 quere
505 4440 664 4524 exemplo,
687 4437 770 4522 qnod
794 4437 887 4503 nobis
909 4436 1017 4501 Devid
1040 4436 1201 4519 proponit,
1253 4428 1387 4511 lingere.
1431 4428 1516 4495 Nem
1551 4427 1684 4510 perinde
1706 4429 1793 4527 ensi
1815 4428 1898 4526 nibil
1920 4448 2064 4527 nequem
2086 4429 2149 4495 sibi
2171 4431 2228 4496 in-

233 4558 293 4603 nes
320 4531 442 4598 muniri
474 4550 537 4594 uon
565 4546 680 4609 perum
709 4525 790 4589 utile
818 4538 877 4601 eet,
905 4535 941 4587 nt
970 4523 1004 4586 in
1027 4521 1202 4602 depleretis
1253 4528 1366 4579 tutum
1388 4524 1475 4579 essct
1495 4533 1568 4578 eum
1592 4534 1629 4577 ec
1652 4517 1784 4597 negotii,
1812 4536 1833 4577 e
1853 4515 1994 4599 singulis
2016 4530 2102 4582 vrtee
2125 4519 2228 4582 ectio·

234 4621 387 4688 eeclesiae
420 4614 525 4679 rniuls
559 4611 677 4676 fiducie
712 4609 913 4674 liberationis
945 4628 1005 4672 nes
1031 4616 1202 4671 sustentet.
1225 4594 1230 4669 l
1253 4600 1349 4666 uibus
1371 4599 1481 4684 preeul
1505 4618 1581 4662 eom
1603 4598 1774 4696 repellent.
1818 4598 1881 4667 Ubi
1905 4614 2014 4664 entem
2037 4598 2230 4668 detrahitur

235 4710 307 4794 Ege
346 4699 476 4787 quidem
516 4718 582 4761 nen
621 4692 733 4759 dubito
770 4696 940 4758 eenmeem
975 4704 1008 4757 et
1039 4688 1202 4773 porditum
1225 4702 1229 4799 Ι
1253 4705 1272 4748 ο
1294 4685 1375 4749 eelie
1396 4704 1456 4750 suo
1479 4684 1582 4784 Deus,
1601 4683 1977 4781 utrndexeseedesinet,
2000 4683 2228 4753 edsnmmnm

236 4793 375 4860 luderes
412 4795 534 4852 stetum
570 4782 624 4846 lrio
660 4776 808 4853 describi,
841 4798 935 4858 quem
964 4777 1093 4841 invexit
1122 4772 1203 4840 Srrrrl
1226 4814 1230 4859 t
1253 4770 1420 4835 cumulum
1491 4780 1600 4833 steort
1631 4771 1797 4851 impietee:
1831 4786 1868 4834 ut
1897 4771 2066 4836 verissime
2098 4771 2228 4839 dietum

236 4899 335 4963 quum
357 4873 463 4959 pelem
486 4871 594 4935 lutere
609 4866 782 4947 coepisset:
806 4864 993 4933 tnneenire.
1014 4859 1149 4944 perinde
1167 4878 1204 4925 ee
1254 4856 1298 4918 sit
1319 4877 1338 4919 ιι
1361 4853 1457 4919 llerir
1471 4878 1498 4929 e,
1519 4856 1574 4936 qni
1596 4874 1707 4920 secure
1727 4857 1872 4919 emnium
1895 4857 2054 4921 scelernm
2078 4856 2227 4941 impuni-

237 4966 397 5030 exstincte
409 4956 471 5023 Dei
488 4952 654 5023 memorie,
679 4950 780 5033 pietus
797 4948 904 5013 omnis
922 4946 1122 5017 dillltrxernt,
1144 4965 1203 5009 nee
1255 4950 1355 5003 tutent
1378 4938 1438 5003 sibl
1468 4940 1672 5021 premittunt.
1703 4940 1736 5003 iu
1759 4939 1855 5005 corde
1876 4961 1935 5006 sue
1956 4940 2068 5007 Deum
2091 4964 2229 5028 uegere.

238 5048 338 5113 meier
360 5042 598 5215 vigebeginter
621 5036 768 5100 hemines
788 5033 968 5115 integriter.
1015 5030 1109 5097 Dixit
1129 5028 1204 5095 stet-
1227 5070 1232 5101 ,
1254 5024 1430 5089 (lectorum
1453 5028 1528 5107 quie
1552 5026 1704 5090 Peelmus
1731 5026 1773 5089 ts
1801 5027 1914 5109 peneis
1935 5029 2074 5094 memes
2103 5031 2231 5111 verbis,

237 5142 296 5200 tes.
341 5128 452 5213 Quum
507 5142 554 5212 22
584 5118 744 5189 liebreeie
766 5138 831 5183 nen
852 5116 990 5181 rtnltenr
1014 5114 1119 5213 merle,
1147 5110 1202 5179 sed
1227 5150 1231 5185 z
1255 5108 1337 5205 uilril
1360 5108 1449 5209 ιιΙίιιιίι
1469 5130 1565 5192 quem
1589 5110 1688 5209 liuius
1713 5113 1936 5209 repetitionem
1958 5115 2117 5213 eontinet,
2145 5116 2231 5199 qnid

236 5234 425 5306 perversum
456 5232 583 5298 queque
615 5220 648 5275 et
674 5226 813 5289 nequem
848 5202 1009 5267 licutieem
1033 5198 1204 5285 significet,
1227 5200 1230 5239 ²
1255 5204 1340 5259 teter
1362 5214 1397 5259 ee
1418 5195 1582 5275 dederent,
1603 5216 1670 5261 ιιιιο
1693 5195 1772 5261 lecte
1794 5196 1940 5262 monebo.
1985 5198 2050 5265 Ubi
2074 5199 2129 5266 bre
2146 5222 2231 5267 eon·
