4658 5856
133 346 196 411 113
982 348 1199 417 Petamus
1221 346 1266 415 X.
2064 349 2129 414 114

132 533 213 601 biles
242 555 278 600 se
305 555 478 603 mansuros
507 537 659 622 cogitent.
706 538 751 603 At
772 538 890 605 solatio
912 539 1016 606 facilis
1037 546 1096 618 est,
1150 537 1232 603 alios
1260 543 1442 687 torqueant,
1471 536 1529 603 sed
1551 535 1657 619 potius
1684 535 1815 602 devotio
1845 536 1969 621 proprii
1991 537 2123 620 capitis:

132 618 244 686 fideles
265 618 328 685 sibi
347 620 555 688 stabilitatem
577 642 644 687 non
667 622 745 689 alibi
762 644 859 707 quam
882 625 916 688 in
932 626 1004 691 Deo
1021 644 1097 708 pro·
1148 623 1302 706 quianon
1344 622 1471 687 ubitant
1487 621 1548 688 sibi
1568 621 1698 706 quidvis
1714 621 1898 705 imprecari,
1922 642 1986 705 quo
2004 623 2123 686 molins

131 705 273 784 mittere,
305 712 338 770 et
369 706 499 788 quidem
532 708 632 774 talem
668 717 705 773 ut
737 731 772 775 se
804 718 915 776 tamen
947 710 1098 776 omnibns
1148 707 1274 774 fallant.
1328 708 1470 790 Ideoque
1492 727 1557 772 non
1580 707 1665 772 male
1697 728 1718 772 a
1751 706 1945 791 quibasdam
1981 709 2122 774 vertitur

130 789 282 876 procellis
304 792 469 875 expositos
490 813 561 860 esse
582 793 735 859 noverint
763 803 796 860 et
817 799 980 879 patienter
996 794 1097 863 subii·
1148 794 1345 871 Periurinm‚
1385 794 1482 859 debet
1518 792 1607 858 enim
1639 794 1701 858 hoc
1732 812 1853 859 nomen
1886 792 1959 858 allis
1992 790 2121 858 dnobus

130 878 228 942 ciant
278 876 394 961 Ironge
426 899 504 945 vero
537 878 601 944 duo
633 880 714 944 haec
746 882 832 945 inter
864 903 899 948 ee
932 881 1096 959 differunt,
1148 879 1311 964 coniungi.
1336 876 1533 945 Malediount
1549 899 1636 964 ergo,
1658 886 1821 961 qnatenus
1839 877 1881 943 ad
1899 877 2122 943 fraudandum

131 961 196 1028 Dei
213 970 480 1045 contemptorem,
502 964 559 1047 qui
581 984 737 1046 prospera
757 967 888 1031 fortuna
907 966 1004 1032 hodie
1020 967 1095 1031 frui·
1148 971 1182 1028 et
1210 963 1395 1029 nocendum
1425 963 1571 1047 expedit:
1606 965 1683 1029 hine
1711 963 1862 1029 molestia
1890 974 1923 1029 et
1952 964 2122 1046 iniqnitas,

132 1058 196 1126 tur,
220 1046 385 1113 hnmanae
412 1048 603 1114 conditionis
625 1048 781 1129 oblivisci,
810 1064 847 1116 ut
868 1052 928 1117 sibi
951 1052 1096 1134 quietum
1147 1050 1224 1133 quia
1256 1051 1390 1133 laqueos
1420 1070 1463 1115 ex
1496 1048 1587 1128 dolis,
1622 1049 1785 1133 periuriis,
1819 1057 1854 1113 et
1886 1048 2011 1113 malitia
2044 1069 2123 1115 con·

131 1132 247 1199 nidum
270 1131 351 1198 falsa
371 1133 604 1217 imaginatione
621 1155 721 1219 supra
742 1137 844 1203 nubes
868 1138 960 1222 figat:
985 1136 1096 1203 rursus
1148 1144 1264 1213 textos,
1293 1136 1365 1200 eine
1394 1155 1454 1201 suc
1482 1133 1686 1200 incommodo
1708 1134 1873 1218 simplices
1894 1133 2040 1219 effugere
2062 1154 2119 1199 ne·

133 1219 222 1301 pium
246 1215 426 1295 hominum,
456 1219 533 1283 dum
563 1221 664 1284 vitam
688 1241 781 1286 auem
807 1221 848 1286 de
869 1224 924 1287 filo
946 1223 1096 1307 pendere,
1148 1231 1282 1304 queunt.

131 1302 286 1386 milleque
307 1302 465 1369 mortibus
493 1305 656 1371 obsessam
678 1327 749 1372 esse
770 1316 908 1389 reputat,
938 1328 1035 1391 seque
1056 1305 1097 1373 ad
1233 1307 1262 1372 8.
1286 1305 1422 1392 (Sedebit
1441 1306 1477 1370 iu
1498 1303 1651 1391 insidiis.)
1690 1303 1801 1369 Verba
1822 1305 1926 1369 futuri
1949 1306 2120 1387 temporis,

130 1387 284 1455 ferendas
319 1389 482 1471 quaslibet
510 1410 683 1457 aerumnas
711 1392 815 1472 offert,
851 1412 912 1458 nec
940 1414 1033 1460 secus
1061 1393 1097 1457 in
1148 1391 1225 1475 quia
1245 1392 1437 1459 continuum
1459 1401 1569 1458 actum
1591 1387 1774 1474 designant,
1796 1390 1946 1455 consulto
1965 1390 2001 1454 in
2025 1390 2120 1456 aliud

131 1472 255 1539 mundo
276 1472 345 1558 agit
366 1492 404 1540 ac
424 1476 453 1541 ai
473 1473 507 1539 in
529 1477 613 1541 mari
635 1477 809 1559 procelloso
831 1480 973 1563 naviget,
997 1479 1098 1544 solius
1149 1487 1276 1561 tempus
1298 1486 1426 1541 mutare
1447 1477 1551 1541 nolui:
1574 1476 1650 1558 quia
1673 1475 1726 1541 hie
1748 1474 1956 1540 hebraismus
1978 1477 2011 1539 in
2036 1476 2119 1542 alias

131 1570 242 1625 umen
272 1559 397 1643 gratiae
419 1559 483 1626 Dei
512 1560 631 1627 fiducia
660 1564 826 1630 molestias
853 1572 886 1630 et
913 1564 1097 1630 anxietates
1149 1583 1274 1645 quoque
1295 1562 1424 1648 linguas
1444 1562 1598 1627 manavit.
1622 1560 1788 1626 Describit
1811 1579 1888 1643 ergo
1905 1559 2017 1625 David
2040 1561 2118 1645 qnid

132 1664 208 1711 snas
229 1643 333 1710 lenire
355 1646 522 1712 accolaci.
566 1647 658 1713 Dicit
678 1648 814 1731 impius:
838 1649 912 1715 Non
934 1650 1097 1728 movebor,
1148 1647 1253 1714 facere
1274 1649 1399 1713 soleant
1421 1648 1522 1730 impii.
1568 1648 1617 1711 Ac
1645 1646 1905 1730 primoquidem
1932 1644 2118 1712 latronibus

131 1730 182 1797 vel
205 1751 271 1796 non
294 1731 416 1797 notabo
436 1732 472 1797 in
494 1741 700 1816 perpetuum,
728 1734 805 1816 quia
826 1734 950 1801 scilieet
972 1735 1097 1802 roboris
1148 1755 1202 1800 eos
1223 1743 1399 1819 comparat,
1422 1735 1477 1816 qni
1500 1733 1629 1800 riarum
1647 1753 1689 1797 an
1715 1732 1816 1798 ostias
1833 1730 1992 1810 obsident,
2015 1741 2048 1796 et
2070 1732 2119 1797 la·

131 1815 182 1881 sni
211 1814 366 1881 duritiem
395 1815 436 1881 ad
466 1837 580 1883 omnes
608 1818 748 1900 impetus
777 1819 987 1887 sustinendos
1016 1822 1097 1895 satis
1148 1818 1257 1886 tebras
1285 1820 1350 1885 sibi
1378 1818 1535 1901 deligunt,
1568 1838 1609 1883 ex
1641 1753 1758 1900 quibus
1791 1818 1939 1883 incautos
1973 1817 2118 1882 viatores

133 1900 274 1966 validam
300 1919 371 1966 esse
401 1910 503 1983 putat
548 1903 638 1968 Dicit
659 1902 779 1969 fidelis:
808 1905 855 1972 Ut
877 1915 994 1972 nutare
1015 1905 1097 1972 mibi
1148 1905 1403 1988 deprehendant.
1446 1903 1537 1968 Dicit
1564 1904 1663 1968 etiam
1690 1903 1799 1969 oculos
1830 1920 1944 1966 eoram
1973 1903 2118 1968 intentos

129 1986 308 2070 continget,
331 1986 507 2052 imoetiam
520 1987 633 2054 cadere
645 1989 844 2074 subindeque
856 1992 889 2055 in
900 1991 1096 2075 profundum
1147 2011 1228 2073 esec,
1251 1989 1466 2056 similitudino
1488 2011 1508 2053 a
1528 1989 1760 2054 iaculatoribus
1783 1998 1924 2070 sumpta,
1947 1987 2004 2070 qui
2026 1987 2117 2053 colli·

131 2071 287 2155 demergi,
318 2092 382 2136 non
414 2073 477 2137 erit
505 2081 615 2139 tamen
637 2074 780 2142 exitialis
801 2078 913 2143 ruina:
942 2079 1096 2160 quoniam
1147 2086 1248 2154 mant,
1269 2074 1471 2142 semiclausis
1487 2074 1599 2152 oeulis,
1631 2083 1670 2139 ut
1687 2074 1811 2140 rectius
1828 2072 1958 2138 feriant.
2003 2073 2118 2156 Neque

132 2164 293 2240 supponet
332 2155 424 2224 Deus
463 2179 594 2224 manum
636 2181 739 2226 suam.
793 2162 881 2227 Hinc
920 2171 954 2228 et
994 2163 1096 2228 altere
1149 2181 1224 2226 vero
1257 2162 1311 2226 hie
1344 2162 1384 2226 de
1417 2160 1514 2245 vulgo
1547 2158 1710 2223 latronum
1744 2179 1851 2223 sermo
1885 2168 1951 2222 est:
1992 2156 2050 2223 sed
2081 2159 2117 2223 in

130 2242 277 2325 quaestio
306 2241 456 2323 solvitur,
485 2265 560 2308 nam
590 2244 702 2311 fideles
730 2247 765 2310 in
795 2269 830 2312 se
859 2248 939 2329 ipsis
969 2248 1096 2331 trepidi,
1147 2267 1283 2329 magnos
1301 2245 1480 2329 praedones
1499 2245 1622 2328 stylum
1635 2243 1756 2328 dirigit,
1775 2244 1832 2327 qui
1850 2241 1910 2308 sub
1926 2242 2117 2309 honorificis

132 2326 171 2391 ad
199 2328 327 2411 gratiae
349 2329 412 2393 Dei
441 2330 570 2413 asylum
600 2351 735 2413 propere
762 2333 976 2416 confugiunt:
1004 2335 1096 2418 impii
1147 2331 1262 2407 titulis,
1285 2351 1467 2415 pompaque
1485 2339 1518 2394 et
1535 2329 1704 2412 splendore
1722 2329 1845 2413 flagitia
1863 2349 1924 2393 sua
1942 2329 2114 2395 occultant.

131 2431 207 2478 vero
229 2414 380 2496 quamvis
401 2426 619 2498 expavescant
637 2415 677 2480 ad
700 2417 873 2501 strepitum
897 2419 963 2483 lolii
979 2417 1093 2485 caden-
1146 2416 1225 2482 Ideo
1248 2430 1368 2499 [pem
1391 2416 1537 2480 nonnulli
1569 2421 1701 2479 vertunt
1722 2414 1859 2497 palatia:
1891 2414 1981 2496 quasi
2004 2413 2114 2478 David

130 2498 181 2575 tis,
210 2507 244 2562 et
271 2498 305 2561 in
334 2501 492 2565 continua
521 2501 745 2583 inquietudine
766 2513 946 2580 versentur,
975 2505 1096 2571 callum
1147 2523 1202 2567 cos
1232 2523 1274 2566 ex
1303 2501 1486 2586 magnificis
1513 2500 1604 2565 atriis
1631 2501 1783 2583 spoliaria
1810 2499 1924 2564 sedisse
1953 2497 2049 2578 dicat,
2078 2499 2113 2563 in

130 2594 240 2648 tamen
274 2585 415 2666 stuporis
448 2585 509 2652 sibi
539 2586 713 2666 obducunt,
747 2589 799 2653 vel
832 2600 1002 2655 accersunt
1035 2591 1096 2656 sibi
1149 2589 1266 2670 quibus
1299 2589 1434 2653 miseros
1466 2586 1615 2651 homines
1647 2586 1807 2669 iugulent.
1859 2584 1932 2667 Ego
1967 2602 2045 2647 vero
2077 2592 2113 2647 ut

130 2670 279 2734 insanam
308 2671 514 2756 vertiginem,
550 2681 586 2737 ut
614 2682 709 2739 extra
737 2696 772 2739 se
801 2674 896 2756 positi
925 2677 1011 2741 mala
1038 2696 1096 2742 sna
1148 2674 1338 2739 allusionem
1357 2695 1427 2738 esse
1449 2670 1632 2750 concedam,
1655 2671 1846 2735 continuum
1869 2676 1979 2732 mmen
1997 2668 2112 2732 simili·

130 2774 195 2819 non
218 2756 372 2820 sentiant.
415 2756 543 2822 Causae
564 2757 712 2840 redditio,
740 2780 821 2841 quae
843 2761 998 2843 sequitur,
1020 2763 1097 2843 quia
1150 2759 1273 2824 tudinis
1301 2759 1392 2824 filum
1427 2758 1565 2823 retineo:
1599 2769 1697 2839 atque
1729 2757 1777 2820 ita
1808 2756 2014 2836 interpretor,
2047 2775 2112 2818 non

127 2859 190 2905 nou
221 2840 257 2904 iu
296 2840 388 2919 mab,
428 2841 509 2907 duce
540 2863 655 2908 senene
688 2845 811 2929 recipit,
849 2845 901 2911 vel
935 2846 1020 2929 qnod
1053 2867 1096 2913 ex
1149 2865 1241 2911 secus
1263 2865 1301 2911 ac
1322 2844 1465 2909 latrones
1483 2842 1635 2908 villarum
1654 2842 1762 2907 exitus
1780 2840 1938 2918 obsident,
1959 2839 2007 2902 ita
2024 2838 2113 2919 istos,

128 2925 230 3007 priori
260 2925 467 2992 immunitate
496 2950 586 3011 spem
616 2928 717 3012 quieti
739 2938 772 2995 et
794 2929 870 2995 laeti
893 2940 998 2998 status
1019 2952 1096 2997 eon·
1149 2929 1331 3013 ubicunque
1364 2930 1439 3006 sint,
1477 2950 1553 2995 snas
1592 2927 1727 2993 insidias
1759 2925 1903 2991 tendere.
1956 2924 2112 2989 Proximo

128 3010 253 3094 cipiant
279 3010 381 3093 impii,
414 3013 468 3077 vel
491 3014 574 3097 quod
608 3037 643 3079 se
676 3035 695 3078 a
726 3016 891 3081 communi
924 3018 1094 3084 hominum
1149 3036 1244 3081 versu
1274 3016 1338 3080 alia
1366 3016 1608 3097 comparatione
1636 3032 1748 3079 eorum
1777 3010 1947 3077 saevitiam
1980 3007 2113 3093 gratim

127 3095 253 3172 ordine,
284 3095 390 3161 fallaci
424 3099 667 3182 imaginatione,
697 3110 865 3183 separent:
891 3103 986 3169 sicuti
1009 3103 1095 3187 apud
1148 3108 1332 3184 exaggerat,
1356 3100 1467 3165 dicens
1486 3120 1540 3164 cos
1561 3097 1771 3180 adpraedam
1789 3096 1915 3162 inhiare
1933 3114 1998 3160 non
2018 3114 2110 3160 secus

129 3181 266 3247 Iesaiem
288 3181 340 3258 28,
372 3182 421 3248 15.
445 3184 570 3249 dicunt:
601 3185 711 3266 Quum
735 3185 886 3252 transibit
908 3196 1094 3272 tempestas,
1148 3207 1185 3252 ac
1214 3185 1321 3251 leones
1350 3186 1384 3249 in
1407 3186 1475 3250 suis
1495 3184 1625 3249 lustrisz
1648 3202 1787 3264 aequare
1809 3201 1887 3246 vero
1909 3179 2111 3244 truculentas

128 3285 190 3332 nos
211 3274 323 3331 tamen
346 3268 481 3333 minime
502 3271 653 3354 attinget.
1146 3271 1275 3350 bestias,
1300 3271 1402 3335 maior
1424 3278 1474 3334 eet
1495 3268 1691 3344 immanitas,
1714 3286 1810 3349 quam
1833 3265 1996 3331 latronum
2019 3285 2109 3330 more
2235 3306 2246 3329 .

1146 3358 1297 3440 grassari.
1321 3354 1508 3421 Notandum
1532 3362 1641 3420 autem
1659 3351 1745 3436 quod
1767 3350 1899 3417 fraudes
1921 3357 1954 3413 et
1975 3350 2110 3416 iusidias

214 3436 245 3501 l.
268 3436 488 3505 Euamrctioue
509 3458 543 3505 os
563 3440 632 3506 eiua
647 3441 777 3523 plautus
798 3446 848 3520 eet,
872 3444 1094 3526 etsrcudibus,
1146 3462 1274 3525 semper
1309 3441 1483 3507 violentiae
1511 3438 1689 3523 coniungit,
1718 3446 1757 3503 nt
1787 3436 1907 3504 clarius
1940 3436 2110 3518 exprimat,

126 3526 156 3586 et
191 3520 333 3589 muca:
366 3523 424 3589 aab
458 3525 568 3609 linqua
602 3526 678 3604 eius,
713 3527 841 3608 afflictio
875 3533 904 3593 et
930 3530 1093 3613 iniquitas.
1146 3526 1250 3592 modis
1272 3525 1423 3592 omnibus
1445 3529 1581 3592 miseros
1602 3524 1672 3590 fore
1693 3522 1759 3590 Dei
1778 3523 1871 3601 filios,
1893 3521 1958 3587 nisi
1979 3521 2109 3587 coelesti

126 3606 161 3672 8.
192 3606 316 3674 Sedebit
349 3609 384 3674 iu
413 3611 545 3676 auidiis
565 3631 730 3695 paporum,
769 3613 803 3677 iu
831 3613 955 3680 latebris
985 3616 1096 3682 erudit
1145 3612 1267 3677 auxilio
1296 3615 1460 3677 inventur.
1504 3610 1645 3677 Additur
1673 3611 1772 3675 etiam
1799 3609 1903 3673 altera
1931 3606 2109 3672 similitudo

127 3693 333 3759 innocentem:
376 3695 456 3760 oculu'
495 3697 565 3761 eius
603 3698 646 3762 cd
674 3718 847 3779 pauperem
887 3698 1094 3767 collimabant.
1145 3719 1228 3781 quae
1250 3698 1376 3763 dolosas
1393 3699 1557 3780 captiones
1575 3696 1712 3762 saevitia
1729 3695 1848 3760 mixtas
1867 3692 1985 3757 clarius
2003 3691 2110 3774 expri-

126 3777 158 3842 9.
181 3777 887 3864 Insidiabituriuabecouditc‚quasu'1eoiu
903 3784 998 3852 credili
1019 3808 1092 3853 uuo:
1145 3795 1222 3849 mat.
1274 3784 1363 3849 Dicit
1397 3786 1482 3848 enim
1517 3805 1570 3848 ecs
1603 3802 1727 3865 rapere,
1760 3779 1816 3845 sed
1847 3781 1882 3843 in
1911 3787 1980 3842 rete
2013 3797 2107 3841 suum

126 3862 334 3929 insidiabitur
368 3867 412 3931 ed
442 3868 631 3946 rapiendum
659 3888 847 3951 pauperata:
879 3871 981 3952 rapiet
1007 3894 1093 3954 pau·
1146 3869 1313 3947 trahendo,
1337 3867 1452 3952 quibus
1474 3867 1583 3933 verbis
1606 3866 1770 3950 intelligit,
1793 3885 1855 3929 non
1875 3861 1970 3927 modo
1993 3872 2107 3943 aperta

122 3967 230 4030 perum
250 3950 431 4016 adrabeudo
452 3972 520 4015 eum
545 3954 581 4017 iu
601 3958 662 4017 rete
683 3973 784 4018 suum
831 3955 880 4020 10.
911 3956 1030 4021 Atteret
1050 3978 1093 4040 ee,
1145 3954 1179 4019 vi
1200 3965 1233 4018 et
1253 3956 1378 4037 impetu
1397 3954 1484 4035 ipsos
1505 3972 1609 4028 ruere,
1632 3952 1688 4016 sed
1711 3950 1808 4015 simul
1826 3946 1958 4014 tendere
1979 3967 2109 4031 qaoque

122 4033 265 4099 Mida.
298 4040 364 4101 tum
395 4037 492 4118 cadet,
525 4037 560 4101 iu
590 4038 828 4120 fortitudinibus
860 4040 961 4125 cium)
993 4048 1093 4109 cocus
1146 4041 1226 4105 retia
1254 4039 1370 4122 quibus
1399 4038 1570 4122 decipiant.
1614 4037 1686 4102 Hoc
1714 4045 1820 4100 totum
1853 4034 1977 4098 decimo
2010 4054 2107 4098 versu

123 4119 324 4200 assim·
1145 4146 1257 4191 rursus
1288 4124 1438 4200 inculcat,
1468 4132 1597 4208 gestum
1623 4124 1730 4205 ipsum
1760 4121 1852 4203 quasi
1880 4140 1938 4203 per
1970 4119 2107 4202 hypoty-

1144 4211 1237 4293 posin
1260 4209 1361 4277 oculis
1382 4209 1564 4275 subiiciens.
1608 4209 1767 4274 Atterunt
1788 4227 1831 4284 se,
1854 4205 1970 4288 inquit,
1993 4215 2026 4267 et
2052 4202 2108 4268 dc·

211 4289 241 4355 i.
271 4290 505 4377 (Eueecratu'oue
532 4293 654 4378 caete)
682 4293 759 4361 Huc
789 4296 930 4360 tendunt
951 4307 1093 4379 quatuor
1144 4297 1286 4374 mittant,
1308 4316 1349 4359 ne
1371 4294 1494 4360 seilicet
1515 4294 1712 4359 trnoulentia
1733 4311 1793 4357 sua
1814 4291 1926 4374 procul
1947 4299 2104 4355 terreant:

124 4375 183 4442 isti
210 4396 336 4454 versus,
369 4378 398 4442 si
423 4376 514 4442 Deus
543 4379 646 4443 servis
679 4381 747 4444 euie
780 4401 968 4448 succurrere
1002 4383 1091 4462 velit,
1144 4382 1220 4464 qnia
1241 4381 1347 4463 potius
1369 4379 1528 4445 illecebris
1550 4380 1618 4444 suis
1641 4387 1772 4461 captare
1801 4377 1918 4442 volunt
1939 4393 2020 4458 quos
2042 4394 2106 4437 non

124 4483 214 4530 nunc
247 4471 468 4545 opportunam
498 4462 611 4529 adesse
642 4474 787 4550 tempus:
815 4469 889 4550 quia
919 4466 958 4532 ad
983 4478 1091 4535 extre·
1143 4478 1278 4549 pessunt
1300 4465 1363 4530 nisi
1386 4465 1534 4547 propiore
1556 4484 1687 4531 accessu
1711 4461 1848 4527 laedere.
1890 4462 2048 4526 Videmus
2070 4466 2107 4522 ut

123 4567 216 4614 mum
244 4567 347 4629 usque
375 4547 525 4613 licentiae
547 4553 730 4631 proruperit
751 4552 926 4636 impiorum
948 4552 1090 4619 lieentia.
1142 4551 1206 4615 duo
1227 4550 1324 4616 simul
1346 4551 1530 4633 coniungat,
1552 4551 1691 4631 aucupia
1711 4548 1766 4614 rel
1785 4547 1966 4628 decipulas:
1989 4543 2106 4610 deinde

124 4632 239 4699 Primo
259 4635 476 4715 conqueritur,
498 4655 610 4700 eorum
632 4633 762 4717 linguae
779 4638 930 4720 periuriis
948 4647 982 4702 ct
1004 4640 1090 4704 irau·
1142 4636 1503 4721 subitamviolentiam‚
1532 4636 1658 4717 quoties
1680 4636 1712 4699 in
1734 4633 1862 4698 illorum
1887 4652 2003 4696 manus
2024 4629 2104 4693 inci·

124 4717 219 4786 dibus
240 4719 377 4784 refertas
398 4740 477 4797 esse,
500 4729 627 4803 gestare
652 4719 701 4782 vel
723 4724 885 4788 occultare
907 4723 1090 4788 molestiam
1142 4720 1189 4785 dit
1218 4721 1348 4804 praeda.
1402 4721 1488 4786 Nam
1517 4720 1658 4786 secunda
1686 4729 1779 4802 parte
1812 4717 1974 4799 intelligit,
2006 4732 2102 4780 saevo

123 4812 158 4868 et
184 4804 341 4870 iniuriae:
376 4806 452 4887 quia
479 4805 561 4869 nibil
589 4825 663 4871 cum
698 4807 779 4890 ipsis
806 4808 930 4891 negotii
958 4813 1090 4875 tractari
1141 4807 1263 4890 impetn
1286 4815 1415 4889 praeter
1437 4827 1526 4889 spem
1550 4808 1683 4883 irruere,
1708 4805 1784 4869 dum
1807 4801 1969 4884 simplices
1991 4799 2104 4866 vident

122 4898 222 4972 queat
248 4890 311 4955 nisi
344 4910 418 4956 eum
447 4889 576 4956 damno.
606 4870 696 4975 nbx,
720 4893 806 4975 quod
831 4893 1090 4960 maledictionem
1141 4912 1217 4957 suae
1246 4890 1372 4957 libidini
1394 4912 1465 4957 esse
1485 4891 1650 4974 obnoxios,
1679 4912 1716 4956 ac
1737 4890 1766 4954 si
1789 4889 1839 4953 leo
1862 4908 1904 4951 ex
1925 4906 1985 4951 sua
2005 4883 2103 4952 cuba·

123 4983 271 5055 vertunt,
313 4995 379 5040 non
418 4984 468 5042 cst
499 4976 676 5041 verborum
713 4979 890 5044 exsecratio
923 4999 1023 5062 qnam
1055 4982 1090 5045 in
1142 4977 1231 5042 tione
1260 4977 1382 5042 furiose
1409 4987 1621 5062 consurgeret
1649 4976 1689 5040 ad
1712 4974 1866 5057 praedam
1888 4970 2101 5037 lacerandam.

1142 5061 1267 5130 Sensus
1289 5072 1419 5144 apertus
1440 5074 1499 5139 ost,
1522 5063 1663 5145 undique
1681 5060 1872 5125 metuendos
1890 5078 1959 5122 esse
1977 5057 2101 5143 impios,

210 5177 239 5246 ⁸)
256 5196 307 5248 per
324 5196 368 5234 ⁸„
385 5181 480 5247 som,
506 5196 539 5235 0,
556 5197 661 5250 perpe:
688 5198 722 5235 oc
739 5199 790 5250 par
807 5199 849 5236 Μ
873 5182 949 5253 soff„
968 5186 1090 5252 asqavolr
1141 5149 1337 5249 quiescam
1367 5146 1593 5213 crudelitatem
1622 5145 1839 5244 dissimulant,
1868 5143 1969 5210 donec
1997 5143 2102 5239 plagis

121 5245 266 5301 membres.
1140 5255 1208 5300 aurs
1224 5242 1368 5299 irretitos
1385 5241 1518 5298 teneant
1536 5254 1615 5317 ques
1632 5252 1746 5298 vorare
1763 5236 1908 5313 cupiunt.
1931 5231 1971 5297 In
1993 5229 2102 5299 verbrs

230 5331 339 5386 Caluini
351 5348 441 5402 opera.
466 5334 515 5390 Vol
520 5374 528 5391 .
539 5334 630 5388 XXX
635 5335 655 5394 l,
1887 5334 1904 5389 8
