4658 5856
291 397 355 461 aaa
714 484 719 495 ι
1084 390 1300 458 asianus
1322 391 1488 458 xxxvl.
2213 390 2278 457 ceo

292 593 415 650 certum
447 602 517 646 ease
546 591 661 646 testem
681 579 758 663 quid
781 580 853 662 ipsa
874 588 1039 663 suggerat.
1084 582 1132 644 Ac
1155 579 1259 661 primo
1280 605 1282 609 ¹
1310 601 1412 662 usque
1436 579 1596 664 progredi,
1620 588 1656 644 ut
1677 600 1789 645 corum
1811 580 1966 662 iniquitas
1988 579 2031 642 sit
2048 579 2200 643 omnibus
2219 600 2277 645 ex·

292 668 421 752 quidem
450 666 630 732 notandum
659 677 718 741 est,
748 685 815 728 non
844 664 883 730 de
913 665 1058 730 externis
1081 664 1259 730 sceleribus
1310 666 1484 732 sectabilis.
1535 666 1680 731 Vertunt
1709 664 1858 748 quidam:
1886 676 1924 730 ut
1950 666 2019 748 ipse
2042 685 2133 729 suam
2157 665 2279 747 iniqui·

292 755 379 837 loqui
411 751 614 836 prophetam,
642 750 699 815 sed
727 761 899 832 penetrare
927 750 968 815 ad
989 751 1111 815 lentem
1133 750 1258 832 ipsum:
1310 761 1410 816 tatem
1440 750 1481 816 ad
1510 751 1620 816 odium
1649 751 1811 817 inveniat:
1842 772 1879 816 ac
1897 749 2094 833 intelligunt,
2117 750 2278 835 intempe-

293 862 330 906 ac
358 839 387 904 si
416 837 553 904 diceret:
598 835 757 916 Quamvis
786 845 893 901 astuta
915 835 1124 901 simulatione
1147 846 1261 918 tegant
1310 846 1421 902 ranter
1448 858 1503 902 eos
1533 857 1638 916 ruere,
1668 837 1771 903 donec
1793 858 1834 902 ex
1857 837 2008 900 satietate
2030 836 2165 918 obrepat
2187 837 2279 902 fasti·

292 925 386 1008 impii
408 944 500 989 suam
530 923 704 1001 malitiam,
738 922 819 986 mihi
849 938 959 986 tamen
989 921 1067 986 satis
1095 930 1260 1003 comperta
1311 921 1411 988 dium.
1474 923 1579 987 Nemo
1619 923 1705 987 enim
1740 923 1820 987 adeo
1853 942 1993 1004 nequam
2027 932 2076 986 est
2109 922 2185 1003 quin
2216 922 2280 989 sibi

294 1023 354 1091 est,
377 1021 413 1074 ut
435 1008 515 1073 mihi
537 1007 650 1072 videar
673 1028 744 1071 eam
767 1008 954 1090 loquentem
976 1006 1096 1071 audire.
1132 1006 1260 1069 Verum
1310 1009 1475 1074 interdum
1495 1008 1673 1090 displiceat.
1715 1005 1781 1073 Sed
1799 1009 1889 1090 prior
1907 1006 1962 1071 ille
1981 1027 2097 1072 sensus
2115 1010 2279 1090 genuinus

295 1096 426 1179 quidem
444 1108 503 1172 est,
525 1095 600 1176 quia
622 1104 724 1157 ruunt
745 1093 837 1175 impii
859 1101 891 1157 et
908 1092 1036 1175 profani
1054 1091 1203 1156 homines
1225 1092 1259 1154 in
1311 1104 1369 1174 est,
1387 1094 1513 1177 impios,
1533 1095 1683 1176 quamvis
1701 1093 1853 1158 omnibus
1871 1093 1938 1157 sint
1955 1091 2058 1172 exosi,
2076 1093 2153 1174 qnia
2165 1114 2279 1158 eornm

294 1203 391 1247 omne
413 1179 570 1245 scelerum
593 1199 698 1261 genua
721 1181 803 1244 acsi
822 1177 1075 1260 nullaunquam
1094 1174 1260 1241 reddenda
1310 1180 1466 1263 iniqnitas
1496 1178 1660 1262 patefacta
1699 1192 1732 1243 ιι
1761 1178 1963 1260 deprehensa
2000 1177 2098 1242 bilem
2127 1179 2280 1244 omnibus

295 1277 380 1334 esset
399 1264 490 1342 ratio,
514 1264 579 1328 tale
601 1285 643 1328 ex
662 1283 775 1328 eorum
794 1264 861 1329 vita
879 1262 1034 1327 iudicium
1053 1284 1146 1346 posse
1164 1261 1257 1326 ferri:
1310 1274 1436 1330 movet:
1471 1265 1562 1329 nulla
1596 1263 1801 1347 displicentia
1834 1264 1933 1347 tangi,
1969 1265 2046 1346 quin
2079 1264 2187 1345 potius
2217 1264 2281 1329 sibi

294 1352 350 1419 sed
374 1351 434 1416 hoc
455 1349 642 1432 expressius
665 1362 723 1427 est,
754 1348 840 1431 quod
862 1349 997 1413 interior
1019 1351 1164 1431 ipsorum
1185 1367 1259 1429 per·
1311 1350 1467 1432 plaudere
1497 1349 1575 1414 dum
1606 1370 1660 1415 eos
1690 1350 1831 1432 populus
1860 1349 2020 1427 exsibilat,
2052 1359 2085 1413 ιι
2107 1350 2279 1415 scelestam

296 1437 430 1503 versitas
469 1435 573 1501 servis
606 1435 669 1498 Dei
702 1447 815 1516 aperte
847 1456 881 1500 se
916 1434 1040 1516 prodat.
1096 1433 1260 1515 Loquitur
1312 1457 1422 1501 eorum
1451 1436 1551 1500 vitam
1579 1436 1744 1500 exhorret.
1788 1436 1886 1500 Hanc
1914 1436 2015 1518 igitur
2043 1435 2220 1500 amentiam
2244 1437 2280 1500 in

295 1534 404 1589 autem
435 1520 543 1585 David
575 1541 639 1584 non
671 1519 711 1584 de
733 1519 940 1603 quibuslibet,
960 1520 1030 1584 ·sed
1061 1517 1260 1601 deperditis
1310 1522 1376 1587 illis
1399 1520 1534 1586 damnat
1554 1520 1724 1603 propheta,
1757 1521 1841 1603 quod
1864 1540 1920 1584 eos
1942 1541 2007 1586 non
2029 1529 2160 1585 moveat
2180 1521 2280 1587 seele-

293 1608 357 1672 Dei
386 1606 682 1690 contemptoribus:
712 1606 807 1670 multi
830 1605 916 1670 enim
938 1605 1112 1671 lasciviunt
1134 1605 1169 1667 in
1191 1603 1260 1668 suis
1311 1628 1385 1672 rum
1416 1627 1549 1671 suorum
1583 1605 1722 1670 foeditas
1752 1626 1835 1688 quae
1868 1626 1981 1672 omnes
2013 1605 2165 1670 offendit:
2201 1608 2281 1689 quia

294 1693 395 1769 vitiis,
426 1712 507 1773 quos
536 1700 645 1755 tamen
668 1713 732 1756 non
761 1701 896 1773 occupat
918 1691 970 1755 hic
993 1711 1134 1756 vesanus
1156 1688 1258 1753 furor.
1311 1713 1407 1757 omne
1434 1691 1511 1756 beni
1542 1703 1574 1755 ιι
1602 1691 1679 1759 mali
1705 1691 1881 1757 discrimen
1911 1699 2069 1774 quantum
2104 1692 2139 1754 in
2161 1713 2196 1756 se
2218 1703 2280 1771 est,

296 1778 361 1845 Sed
385 1778 441 1842 ubi
463 1777 616 1842 obduruit
637 1777 800 1858 quispiam
823 1775 863 1841 ad
886 1775 1097 1858 peccandum,
1127 1773 1259 1839 tandem
1311 1777 1467 1857 abolent·
1489 1799 1526 1842 ac
1553 1798 1632 1842 suae
1662 1777 1878 1843 conscientiae
1911 1787 2078 1860 stuporem
2108 1777 2281 1857 inducunt,

294 1864 446 1946 impietas
477 1863 561 1927 hanc
589 1863 619 1926 ei
648 1862 826 1927 socordiam
857 1860 966 1941 dictat,
1003 1870 1041 1925 ut
1073 1868 1259 1940 contempto
1311 1883 1353 1927 ne
1374 1863 1447 1928 illos
1476 1862 1517 1927 ad
1548 1863 1805 1946 resipiscentiam
1834 1863 1990 1927 stimulet.
2035 1864 2170 1927 Attente
2192 1872 2281 1929 certe

293 1951 358 2016 Dei
380 1947 499 2014 iudicio
522 1948 592 2012 sine
615 1960 704 2012 metu
728 1955 918 2030 perrumpat
944 1967 1136 2029 quocunque
1158 1942 1259 2009 libido
1311 1947 1566 2014 considerandus
1589 1956 1640 2012 est
1660 1948 1713 2014 hic
1735 1959 1857 2030 stupor,
1879 1948 1964 2030 quod
1982 1947 2132 2013 homines
2151 1949 2184 2012 in
2204 1970 2279 2014 sen·

294 2032 471 2117 impulerit.
511 2032 627 2115 Itaque
646 2032 800 2115 peccandi
817 2033 976 2098 securitas
993 2032 1184 2114 praesertim
1204 2029 1259 2094 ubi
1311 2055 1383 2099 sum
1412 2033 1587 2116 reprobum
1615 2034 1760 2114 coniecti,
1790 2033 1867 2098 dum
1898 2034 1932 2097 in
1954 2054 1989 2098 se
2011 2043 2191 2116 provocant
2213 2056 2283 2098 om·

296 2118 420 2187 accedit
437 2127 644 2201 contemptus
662 2129 694 2183 et
711 2117 899 2195 ludibrium,
922 2118 1014 2201 quasi
1033 2116 1177 2182 Satanae
1196 2115 1260 2179 fas·
1312 2120 1402 2183 nium
1443 2120 1630 2184 mortalium
1666 2118 1749 2196 odia,
1800 2117 1960 2183 malorum
2000 2129 2111 2183 tamen
2145 2142 2280 2185 suorum

297 2208 407 2273 einum
429 2217 480 2269 ιιι
502 2206 586 2286 quod
610 2205 774 2268 hominem
797 2203 1004 2286 desperatum
1022 2201 1141 2286 prodit.
1189 2199 1259 2264 Etsi
1311 2225 1407 2270 sensu
1430 2205 1550 2287 privati
1574 2212 1659 2270 sunt,

297 2302 405 2357 autem
440 2311 514 2357 vera
549 2289 662 2372 religio
696 2290 766 2372 pias
796 2301 923 2354 mentes
955 2289 1101 2355 continet
1132 2287 1166 2352 in
1195 2284 1261 2349 Dei
1397 2289 1426 2354 4.
1461 2288 1583 2375 (Verbo
1615 2291 1682 2355 oric
1717 2288 1809 2375 eiua)
1876 2289 2059 2371 Utrumque
2095 2289 2281 2356 membrum

298 2378 422 2457 timore,
460 2386 493 2440 et
521 2375 636 2457 impias
673 2375 887 2458 cogitationes
917 2373 1030 2457 procul
1060 2382 1163 2437 arcet:
1199 2370 1261 2434 boc
1312 2375 1411 2440 huius
1442 2396 1559 2440 versus
1592 2374 1704 2440 eodem
1737 2375 1851 2439 referri
1884 2383 1998 2457 potest,
2039 2375 2124 2456 quod
2158 2375 2282 2442 scilieet

298 2474 406 2527 tamen
436 2482 500 2526 non
529 2462 637 2526 obstat
665 2462 840 2543 quominus
867 2460 901 2524 in
931 2458 1026 2526 eorde
1054 2480 1113 2524 suo
1135 2455 1260 2539 perspi·
1313 2460 1491 2526 mendaciis
1512 2460 1662 2526 ludentes
1685 2461 1808 2526 nullam
1831 2460 2068 2544 intelligentiae
2093 2460 2199 2526 lucem
2224 2462 2281 2526 ad·

297 2548 385 2615 ciant
404 2545 551 2611 horribili
569 2546 679 2610 furore
697 2546 815 2629 agitari
833 2545 959 2628 impios,
977 2544 1055 2609 dum
1074 2564 1134 2607 nea
1151 2542 1260 2605 Deum
1313 2547 1456 2610 mittant.
1501 2547 1546 2611 Et
1578 2556 1663 2612 certe
1685 2547 1771 2612 hanc
1793 2566 1863 2611 esse
1886 2545 2023 2611 Davidis
2045 2555 2187 2610 mentem
2211 2550 2281 2611 exi·

298 2643 423 2710 curant,
451 2653 512 2696 nec
539 2630 659 2697 iudicio
687 2632 756 2695 eius
778 2642 969 2714 tanguntur.
1014 2627 1148 2714 (Nullus
1169 2627 1261 2692 timor
1312 2631 1419 2709 stimo,
1442 2632 1519 2714 quia
1541 2633 1595 2697 hic
1617 2652 1685 2697 nen
1702 2631 1893 2713 simpliciter
1910 2632 2027 2714 impios
2045 2645 2175 2697 accusat
2193 2632 2280 2714 quod

297 2717 387 2802 Det.)
435 2717 601 2782 Malarum
631 2717 876 2800 suggestionum
906 2717 1005 2781 finem
1036 2713 1178 2779 breviter
1206 2710 1260 2775 do·
1313 2716 1395 2780 dolis
1417 2727 1451 2780 et
1472 2717 1675 2801 captionibus
1697 2718 1778 2782 alios
1799 2716 2070 2794 circumveniant,
2092 2715 2149 2782 sed
2171 2718 2282 2799 potius

298 2812 469 2879 monstrat,
503 2822 619 2885 nempe
652 2813 690 2866 ut
722 2822 820 2866 sensu
843 2801 918 2866 boni
942 2811 976 2866 et
997 2798 1075 2864 mali
1097 2798 1260 2864 exstincto
1312 2800 1398 2883 quod
1420 2801 1501 2865 nihil
1530 2803 1566 2867 in
1594 2802 1674 2884 ipsis
1703 2811 1826 2868 rectum
1850 2803 1901 2877 sit,
1931 2803 1983 2868 vel
2005 2803 2178 2868 sincerum.
2224 2804 2282 2869 Di·

299 2888 352 2954 vel
385 2887 541 2953 suffocato
573 2886 703 2969 quidvis
735 2887 885 2964 audeant,
919 2906 956 2950 ac
986 2887 1015 2951 si
1048 2906 1112 2950 non
1135 2881 1261 2949 sederet
1312 2888 1424 2951 ximus
1449 2888 1515 2951 iam
1545 2897 1629 2967 ante,
1658 2910 1730 2954 eum
1759 2908 1825 2951 non
1849 2908 1945 2970 agere
1966 2886 2006 2951 de
2028 2888 2154 2953 vitiosis
2175 2888 2282 2952 homi·

298 2973 390 3039 Deus
411 2973 447 3036 in
469 2973 556 3038 coelo
574 2973 683 3039 iudex.
719 2971 845 3039 Sensus
868 2992 946 3056 ergo
968 2983 1034 3037 est:
1056 2970 1259 3037 Sceleratum
1313 2973 1408 3038 nibus
1431 2973 1464 3036 in
1494 2974 1610 3055 quibus
1640 2982 1750 3038 manet
1773 2971 1903 3055 aliquod
1926 2974 1988 3038 Dei
2010 2993 2132 3052 semen,
2160 2974 2219 3039 sed
2241 2974 2282 3038 de

299 3058 464 3124 hominem
487 3058 662 3140 alloquitur
684 3058 836 3140 impietas
856 3057 892 3121 in
910 3057 1007 3123 corde
1025 3077 1108 3136 meo,
1131 3073 1205 3120 eum
1219 3051 1260 3117 ad
1312 3058 1458 3144 profanis
1479 3059 1753 3141 contemptoribus
1775 3058 1832 3141 qui
1850 3059 1919 3123 ιιιιι
1936 3059 2076 3141 peccatis
2093 3068 2170 3124 sunt
2187 3080 2281 3143 pror-

299 3158 479 3209 extremam
500 3145 666 3208 vesaniam
686 3143 875 3219 sollicitans,
894 3154 933 3207 ut
951 3143 1074 3208 abiecto
1089 3140 1153 3205 Dei
1173 3146 1264 3203 metu
1313 3167 1369 3211 sus
1395 3141 1525 3210 addicti.
1568 3144 1660 3210 Dicit
1689 3165 1775 3227 ergo,
1803 3143 1869 3208 illis
1898 3164 2027 3226 semper
2055 3142 2186 3209 fallaces
2210 3166 2282 3210 esse

298 3251 333 3296 se
366 3228 407 3294 ad
443 3229 639 3311 peccandum
673 3229 831 3311 proiiciat,
868 3229 929 3295 hoc
962 3240 1029 3312 ιιι,
1063 3228 1137 3292 Non
1169 3243 1261 3291 setus
1312 3229 1348 3295 in
1370 3249 1425 3294 ore
1447 3239 1644 3313 praetextus,
1673 3229 1788 3313 quibus
1810 3249 1923 3295 sanam
1946 3249 2076 3293 omnem
2100 3228 2282 3295 doctrinam

298 3315 381 3380 mihi
412 3327 523 3379 notum
553 3324 604 3379 est
631 3314 785 3396 quidquid
816 3314 967 3380 volutant
994 3314 1086 3397 impii
1109 3313 1142 3375 in
1165 3307 1263 3377 corde
1313 3314 1466 3381 illudant.
1518 3314 1633 3381 Postea
1667 3315 1766 3398 addit,
1800 3314 1885 3381 ultro
1917 3315 2121 3397 supprimere
2150 3337 2281 3381 omnem

299 3421 368 3478 suo,
391 3401 478 3464 acsi
502 3401 591 3465 Deus
613 3421 665 3462 me
688 3410 805 3462 testem
828 3407 862 3464 et
883 3400 1040 3465 arbitrum
1063 3397 1201 3464 locasset
1221 3393 1262 3459 ad
1315 3399 1476 3467 delectum
1506 3400 1583 3466 boni
1611 3413 1643 3466 et
1671 3401 1757 3479 mali,
1787 3400 1865 3483 quia
1894 3400 2044 3466 meliores
2073 3420 2144 3465 esse
2166 3401 2281 3466 nolint.

299 3485 510 3568 retegendam
555 3484 765 3568 hypocrisim,
809 3505 872 3565 qua
914 3483 1137 3549 detestabilem
1170 3501 1262 3546 suam
1316 3485 1445 3553 Scimus
1463 3487 1623 3552 rationem
1641 3486 1681 3552 ad
1701 3487 1783 3552 bene
1796 3486 1957 3570 agendum
1969 3484 2282 3552 hominibusducem

299 3571 458 3636 malitiam
498 3569 657 3652 profunde
689 3569 849 3651 sepultam
883 3590 953 3633 esse
985 3578 1111 3651 putant.
1166 3565 1263 3648 Quod
1315 3593 1394 3638 csse.
1439 3571 1523 3637 Eam
1553 3592 1630 3656 ergo
1660 3572 1738 3637 dicit
1759 3570 1912 3655 reprobos
1934 3571 2083 3654 fugitare,
2113 3573 2282 3638 navitam

300 3678 378 3741 ergo
411 3655 503 3720 nulla
535 3654 599 3718 Dei
631 3654 819 3718 reverentia
850 3654 969 3737 impios
998 3654 1129 3720 cohibet
1151 3671 1171 3715 a
1192 3673 1264 3734 pec·
1315 3678 1410 3722 snam
1428 3657 1463 3721 in
1483 3656 1598 3723 melius
1616 3660 1777 3740 corrigere
1795 3665 1963 3740 cogantur.
1988 3657 2154 3721 Docemur
2171 3668 2284 3723 autem

300 3743 412 3818 cando,
437 3763 478 3806 ex
507 3739 632 3806 occulto
654 3740 716 3804 isto
739 3739 879 3822 alloquio
901 3740 1015 3816 oritur,
1047 3760 1110 3822 quo
1131 3757 1186 3803 eos
1209 3738 1264 3803 de·
1315 3743 1368 3807 his
1391 3741 1507 3821 verbis,
1529 3742 1708 3825 siquando
1731 3764 1751 3807 a
1774 3744 1828 3807 via
1845 3742 2048 3819 defleximus,
2070 3740 2132 3808 hoc
2150 3745 2284 3809 unicum

300 3838 425 3893 mentat
447 3849 507 3892 sua
529 3825 683 3908 pravitas,
706 3836 743 3889 ut
766 3826 934 3890 brutorum
952 3824 1141 3890 animalium
1160 3823 1265 3888 instar
1315 3849 1386 3894 esse
1413 3826 1603 3905 remedium,
1633 3827 1759 3911 aperire
1788 3827 1910 3893 mentis
1938 3826 2058 3906 oculos,
2091 3837 2129 3891 ut
2151 3826 2229 3893 boni
2251 3842 2284 3894 et

300 3915 362 3978 sibi
385 3912 585 3997 indulgeant.
631 3909 716 3990 Quia
738 3910 823 3975 oculi
841 3920 920 3977 sunt
938 3912 1032 3994 quasi
1050 3911 1138 3976 vitae
1155 3908 1263 3993 duces,
1315 3913 1393 3978 mali
1421 3912 1594 3978 discrimen
1617 3910 1658 3976 ab
1685 3933 1794 3978 errore
1817 3934 1876 3978 nos
1898 3921 2045 3980 revocet:
2074 3920 2197 3993 contra,
2227 3915 2285 3980 ubi

301 4010 334 4061 et
366 3998 447 4063 alios
479 4018 591 4064 sensus
625 4008 714 4061 motu
748 4019 806 4061 suo
841 3997 905 4062 huc
938 3997 988 4063 vel
1011 3996 1089 4063 illuc
1111 3994 1264 4060 trahunt:
1315 3998 1389 4081 quis
1407 3997 1657 4080 intelligentiam
1675 3998 1809 4081 respuit,
1826 3999 1888 4065 hoc
1901 3998 2135 4081 desperationis
2150 4000 2285 4084 signum

301 4080 374 4146 ideo
407 4084 526 4149 dicitur
559 4085 656 4147 timor
687 4082 750 4147 Dei
791 4103 861 4148 csse
894 4090 969 4147 ante
1001 4082 1120 4160 ocules,
1163 4102 1263 4162 quum
1316 4104 1395 4149 esse.
1446 4083 1602 4148 Proximo
1637 4103 1733 4148 versu
1766 4092 1899 4149 notatur
1931 4084 2068 4148 interior
2096 4084 2223 4150 malitia
2252 4095 2286 4150 ιι

302 4167 404 4231 vitam
434 4168 601 4232 hominurn
631 4169 724 4251 regit,
757 4188 794 4233 ac
822 4188 1032 4250 quaecunque
1060 4189 1096 4233 se
1119 4175 1263 4255 vertunt,
1315 4168 1477 4253 profunda
1506 4167 1704 4247 obistinatio,
1737 4169 1858 4235 multos
1888 4168 1974 4233 enim
2003 4170 2178 4254 continget,
2209 4171 2286 4236 licet

302 4273 484 4331 occurrens,
525 4252 651 4318 obiectu
692 4274 750 4317 suo
773 4253 924 4318 libidines
957 4255 1130 4319 refraenat.
1174 4252 1265 4336 Ergo
1317 4255 1397 4320 alias
1426 4274 1492 4319 nen
1521 4254 1662 4336 pessime
1692 4254 1800 4319 affecti
1829 4255 1906 4332 sint,
1934 4253 1998 4320 labi
2028 4265 2062 4320 ιι
2084 4254 2284 4340 delinquere,

303 4339 464 4405 contraria
487 4337 638 4419 loquendi
659 4338 761 4403 forma
783 4338 946 4421 significat
968 4339 1085 4417 David,
1108 4339 1178 4404 sine
1199 4337 1264 4402 Dei
1316 4341 1392 4424 quia
1420 4352 1552 4422 repente
1581 4360 1616 4403 se
1644 4339 1740 4403 offert
1768 4340 1903 4405 occasio.
1954 4339 2064 4408 David
2091 4350 2203 4408 autem
2231 4366 2285 4409 re·

303 4433 451 4506 respectu
480 4423 648 4487 licentiose
678 4424 789 4506 vagari
818 4423 945 4506 impios,
975 4425 1053 4506 quia
1075 4445 1129 4489 eos
1151 4443 1265 4490 excae·
1317 4427 1441 4508 probos,
1472 4424 1527 4489 ubi
1554 4422 1705 4489 subducti
1733 4435 1810 4489 sunt
1837 4427 1877 4491 ab
1908 4425 2075 4491 hominum
2097 4441 2284 4513 conspectu,

303 4511 390 4577 cavit
411 4530 471 4574 sua
492 4507 645 4590 pravitas.
1316 4511 1451 4578 consilia
1472 4507 1557 4574 male
1579 4508 1695 4592 agendi
1724 4510 1813 4576 intus
1835 4530 1973 4593 coquere
1996 4510 2087 4578 dicit:
2117 4522 2214 4595 atque
2236 4515 2285 4580 ita

389 4591 824 4680 umectantemque)
868 4594 1075 4660 Atrectibua
1094 4596 1145 4662 vel
1163 4595 1266 4679 signis
1316 4597 1466 4680 quamvis
1506 4593 1598 4658 nulla
1636 4615 1672 4660 se
1706 4595 1857 4661 illecebra
1889 4596 2027 4674 obiiciat,
2065 4597 2194 4662 nullam
2229 4621 2284 4666 eos

304 4681 447 4748 ostendit
476 4679 602 4744 nullum
633 4680 742 4762 vigere
774 4678 836 4743 Dei
859 4680 1008 4744 timorem
1031 4680 1116 4764 apud
1138 4681 1266 4765 impios,
1317 4684 1431 4747 incitet
1458 4679 1581 4744 malum
1609 4681 1804 4765 exemplum,
1838 4682 1900 4748 sibi
1930 4682 2009 4765 ipsis
2031 4703 2101 4746 esse
2123 4684 2282 4749 scelerum

304 4769 380 4850 quia
402 4768 435 4831 iu
458 4765 634 4831 sceleribus
653 4764 700 4827 ita
717 4785 752 4827 se
771 4764 949 4828 oblectant:
972 4775 1009 4830 ut
1027 4767 1099 4831 aliis
1117 4768 1266 4833 omnibus
1318 4778 1448 4833 autores
1469 4786 1506 4830 ac
1528 4767 1702 4850 magistros
1725 4767 1844 4851 absque
1863 4769 1968 4832 alieno
1986 4767 2139 4851 impulsu.
2181 4770 2283 4835 Porro

305 4851 527 4928 exsecrabiles,
546 4851 679 4914 foveant
696 4856 804 4912 tamen
821 4869 912 4912 suam
929 4851 1149 4931 pertinaciam,
1169 4873 1266 4935 seque
1317 4873 1416 4935 quum
1440 4852 1499 4915 hae
1522 4862 1600 4914 nota
1617 4852 1772 4935 reprobos
1791 4854 1955 4936 insigniat,
1978 4852 2064 4935 quod
2083 4853 2283 4920 meditentur

305 4939 392 5001 ultro
425 4937 466 5000 ad
499 4933 699 5018 pergendum
733 4934 903 4998 obdurent.
959 4936 1069 5000 Primo
1102 4935 1180 5001 dicit
1213 4960 1267 5004 eos
1318 4937 1438 5003 scelera
1467 4956 1565 5018 super
1595 4938 1699 5003 cubile
1730 4956 1839 5002 suum:
1874 4936 2030 5002 docentur
2052 4938 2164 5004 fideles
2187 4940 2282 5024 longe

305 5022 471 5087 blanditiis
500 5022 586 5086 alere
616 5041 677 5085 sua
705 5021 794 5097 vitia,
826 5040 866 5083 ne
889 5020 949 5084 sibi
972 5021 1132 5103 peccando
1154 5022 1267 5106 displi·
1317 5022 1380 5085 alio
1414 5041 1472 5086 sua
1504 5022 1612 5086 studia
1645 5024 1789 5088 conferre
1822 5021 1875 5086 ubi
1905 5024 1964 5088 soli
1985 5034 2071 5102 sunt,
2105 5045 2224 5108 nempe
2245 5035 2283 5089 ut

306 5122 406 5171 ceant.
454 5107 519 5171 Sed
549 5128 646 5189 quum
676 5105 775 5181 addit,
803 5106 895 5171 darec
915 5106 1094 5171 inueniatur
1115 5108 1269 5188 iniquitas
1317 5108 1419 5172 vitam
1439 5127 1530 5172 suam
1550 5106 1765 5172 examinando
1789 5108 1890 5171 malas
1919 5109 2129 5191 cogitationes
2148 5120 2282 5176 strenue

306 5194 348 5257 cd
377 5193 491 5274 οιιιιιιι,
530 5192 581 5257 his
610 5191 718 5256 verbis
749 5202 880 5256 notatur
909 5201 1055 5256 extrema
1082 5191 1267 5271 obstinatio,
1318 5212 1393 5258 ase
1415 5191 1582 5275 repellant.
1626 5191 1770 5257 Additur
1792 5190 1908 5257 deinde
1931 5194 2119 5275 pertinacia,
2142 5195 2228 5278 quod
2247 5196 2280 5259 in

307 5298 421 5344 sensus
455 5276 541 5342 enim
575 5288 634 5356 est,
667 5276 755 5342 Dum
790 5278 851 5343 sibi
883 5276 963 5342 falso
996 5276 1171 5343 adulantur
1203 5276 1281 5342 huc
1318 5279 1374 5344 via
1394 5278 1522 5361 obliqua
1552 5288 1584 5343 et
1611 5298 1765 5360 perversa
1794 5279 1955 5357 insistant,
1989 5280 2049 5344 hoa
2071 5292 2120 5345 est
2142 5282 2280 5348 scientes
