4658 5856
159 319 223 387 ssi
281 386 291 409 ‚
983 314 1201 383 ramnus
1223 316 1336 383 axii.
1624 336 1632 348 ’
2086 324 2150 389 588

161 506 385 578 deficiendum.
419 503 563 587 Oblique
582 525 659 570 vero
678 502 875 581 subindicat,
897 524 965 569 non
983 516 1049 568 tam
1068 503 1129 569 sibi
1183 526 1254 570 esse
1276 504 1363 585 dicit,
1393 507 1468 589 qnia
1496 529 1630 574 suorum
1659 512 1850 592 patientiam
1880 486 2051 594 nunquam
2081 513 2149 577 fru-

159 616 257 684 quam
280 594 353 658 Deo
377 591 498 657 bellum
519 591 648 655 inferri:
674 592 759 653 sicut
781 589 867 672 apud
889 597 1001 672 poetas
1022 591 1129 673 pingi·
1181 602 1321 657 stratur:
1355 593 1513 676 Reposita
1535 594 1667 680 (inquit)
1689 610 1778 662 certa
1799 604 1849 662 eet
1870 618 1995 664 merces
2016 597 2149 665 silentio

161 701 216 752 tur
236 682 389 765 impietas
411 678 474 745 sub
491 674 701 761 giganiimr)
722 695 868 758 persona.
905 675 1022 757 Neque
1040 676 1129 739 enim
1181 698 1262 754 meo,
1285 677 1419 760 ideoque
1441 700 1494 744 me
1511 679 1676 759 cohibebo,
1698 704 1741 749 ne
1758 683 1923 749 festinatio
1944 703 2018 749 mea
2034 684 2149 749 salutis

159 771 240 838 satis
268 765 408 833 animosi
429 763 494 828 Dei
517 764 626 828 hostes
654 761 714 827 sibi
745 759 906 836 videntur,
939 761 1004 826 nisi
1031 771 1131 846 caput
1180 783 1272 828 meae
1294 783 1426 830 cursum
1448 766 1628 848 perturbet.

160 858 300 924 efferant
332 872 433 935 supra
472 847 586 914 nubes.
641 847 791 912 Primum
822 845 931 912 David
964 846 999 910 in
1034 846 1131 911 tertia

160 961 301 1028 persona
331 940 378 1004 sio
400 937 440 1001 de
461 956 497 1001 se
518 934 677 1016 loquitur,
708 942 878 996 notamen
908 931 1065 997 divinitus
1094 951 1130 997 se
1267 935 1297 1000 8.
1327 934 1382 1001 Ao
1403 934 1508 1000 Donni
1536 939 1627 1004 salus
1647 959 1732 1017 nuc,
1762 944 1790 1004 ef
1814 940 1918 1022 picria
1944 960 2028 1023 men,
2057 960 2151 1022 repes

160 1028 340 1093 exaltatum
363 1024 461 1088 fuisse
477 1019 651 1103 intelligat.
685 1017 883 1100 Quanquam
906 1018 1130 1100 potestatium
1179 1019 1381 1102 fortitudinis
1402 1041 1504 1105 meae,
1533 1044 1605 1103 spes
1626 1044 1695 1088 meo
1715 1026 1752 1089 in
1773 1024 1849 1090 Deo.
1893 1025 1925 1090 9.
1957 1024 2086 1106 Spernte
2114 1028 2150 1090 in

160 1111 330 1181 commode
346 1106 486 1189 intelligi
498 1105 561 1169 Dei
578 1104 683 1187 ipsius
700 1104 853 1168 elevatio:
874 1125 1003 1168 summa
1020 1116 1130 1168 tamen
1181 1125 1214 1170 eo
1235 1107 1478 1188 omnitempore
1501 1110 1634 1189 popule,
1664 1109 1811 1190 effundite
1838 1129 1943 1176 eorum
1972 1111 2053 1192 foce
2079 1112 2149 1178 eins

160 1200 226 1266 buc
256 1195 354 1268 redit,
384 1194 503 1275 impios
531 1201 598 1254 toto
626 1199 744 1256 conatu
775 1189 962 1255 incumbere
991 1189 1033 1254 ad
1055 1208 1130 1254 eum
1181 1191 1275 1256 eorde
1296 1196 1415 1259 omno:
1447 1191 1536 1259 Dens
1563 1214 1634 1275 spes
1654 1194 1754 1259 nobis.
1795 1195 1899 1262 seraa
1944 1197 1995 1262 10.
2021 1197 2149 1262 Verum-

162 1279 413 1368 opprimendum
434 1298 531 1360 quem
552 1276 645 1341 Deus
667 1277 795 1351 extulit,
826 1283 860 1339 et
882 1275 915 1339 in
938 1296 998 1340 sna
1020 1274 1131 1340 altitu·
1181 1282 1285 1341 mosen
1306 1280 1434 1344 condas
1459 1278 1523 1358 filii
1543 1280 1669 1360 Adam,
1699 1282 1896 1347 ωεηᾶαοὸωη
1922 1282 1986 1363 filii
2006 1283 2085 1362 virs,
2114 1284 2149 1347 in

162 1371 239 1437 diue
262 1366 332 1432 vult
354 1364 448 1431 tueri.
485 1362 645 1444 Sequitur
666 1374 787 1437 autem,
808 1361 929 1425 bellum
952 1381 1007 1426 eos
1028 1361 1131 1425 susci·
1181 1368 1298 1427 statero
1315 1369 1351 1427 nt
1366 1365 1558 1430 adscendent
1573 1367 1638 1446 ipsi
1650 1386 1733 1448 pree
1749 1369 1886 1433 ooniwte
1900 1368 2008 1433 sim
2038 1369 2088 1432 11.
2102 1368 2153 1433 Ne

162 1477 239 1540 pere
267 1474 343 1520 cum
370 1449 458 1527 Deo,
486 1449 542 1531 qui
570 1469 653 1531 opus
681 1447 752 1514 eius
781 1459 928 1511 evertere
959 1455 1129 1511 conantur.
1182 1448 1346 1520 wniidotis
1373 1450 1407 1514 in
1436 1451 1634 1532 oppressione
1661 1457 1690 1517 et
1712 1455 1845 1533 paeda,
1876 1474 1915 1519 ne
1943 1455 2151 1520 mnasonis:

162 1541 238 1607 Huc
255 1538 397 1623 pertinet
411 1533 592 1601 secundum
610 1533 802 1611 membrum,
820 1532 951 1615 dilipere
966 1532 1131 1613 fabarias:
1182 1533 1312 1599 dionius
1332 1535 1364 1599 si
1385 1535 1527 1617 affluent,
1549 1556 1603 1601 eor
1623 1557 1662 1601 ne
1682 1539 1835 1618 opponite.

161 1629 238 1710 quia
255 1624 379 1691 scilicet
397 1621 427 1686 le
452 1621 575 1685 'timam
593 1620 663 1685 eius
680 1619 880 1683 vocadonem
899 1638 962 1682 non
980 1618 1131 1695 ferentes,

161 1731 319 1796 perversa
340 1643 477 1773 cousihh
498 1703 642 1789 qnotidie
664 1704 825 1770 excudere
854 1723 920 1767 nou
947 1703 1131 1779 cessabant,
1269 1704 1299 1769 8.
1322 1704 1391 1790 (Ao
1413 1704 1517 1771 Deum
1533 1709 1622 1773 seins
1642 1706 1734 1794 nien.)
1779 1709 1974 1775 Accumulat
1995 1709 2153 1792 quidquid

161 1818 245 1881 quae
280 1798 313 1860 in
348 1796 495 1876 ipsorum
531 1793 639 1873 capita
674 1789 872 1867 reciderent,
911 1789 996 1855 sicut
1032 1789 1132 1853 etiam
1183 1798 1292 1871 potest
1313 1789 1353 1854 ad
1376 1810 1411 1855 se
1434 1793 1653 1858 retinendum:
1677 1797 1753 1876 quia
1775 1794 1860 1859 nihil
1881 1796 2065 1860 infirmitati
2087 1813 2155 1859 car·

161 1883 296 1950 Psalmo
317 1881 348 1959 4,
369 1880 390 1944 3
412 1878 509 1944 dixit:
539 1876 620 1942 Filii
641 1875 707 1940 viri
735 1894 903 1958 usquequo
932 1875 1037 1958 gloria
1060 1895 1133 1938 mea
1183 1875 1237 1940 nis
1269 1892 1402 1940 nostrae
1434 1878 1610 1958 proclivius
1643 1890 1695 1943 est
1722 1899 1819 1962 qnam
1852 1880 1952 1945 dilabi
1981 1880 2023 1944 ab
2053 1899 2152 1964 vagos

162 1965 355 2054 opprobrio?
375 1964 510 2049 diligitis
526 1963 716 2045 vanitatem,
731 1959 888 2043 quaeritis
905 1958 1131 2025 mendacium?
1184 1981 1322 2025 errores.
1366 1960 1559 2029 Futebimur
1583 1986 1650 2029 nno
1671 1965 1782 2044 verbo,
1812 1986 1877 2030 non
1900 1965 2033 2031 aliunde
2055 1986 2151 2047 quam

164 2054 275 2121 Selab.
319 2050 518 2133 Quanquam
548 2058 655 2131 potest
687 2048 787 2113 etiam
820 2045 980 2112 mendacii
1013 2066 1133 2111 nomen
1185 2046 1320 2129 abipso
1350 2048 1524 2129 petendam
1553 2050 1694 2115 salutem
1723 2070 1811 2116 esse:
1844 2049 1901 2116 sed
1931 2052 2001 2117 eius
2030 2053 2153 2116 virtute

162 2139 278 2206 referri
300 2136 342 2203 ad
364 2136 508 2202 occultas
529 2132 671 2211 fraudes,
693 2131 811 2215 quibus
831 2130 987 2197 insidiose
1010 2130 1134 2196 adorie-
1185 2132 1294 2211 diffisi,
1323 2131 1400 2198 hinc
1422 2133 1498 2197 inde
1519 2138 1689 2218 cupiemus
1711 2156 1875 2202 accersere
1896 2135 2043 2202 subsidia
2070 2157 2153 2219 qnae

162 2227 285 2291 bantur
306 2230 458 2288 sanctum
481 2223 604 2285 virum:
629 2219 706 2301 quia
728 2239 805 2283 mox
826 2217 985 2299 sequitur,
1006 2238 1058 2283 ore
1077 2236 1134 2281 sno
1185 2218 1347 2283 defectum
1369 2219 1553 2300 suppleant.
1589 2221 1758 2304 Quotquot
1779 2242 1857 2306 ergo
1876 2222 1990 2306 elogiis
2011 2223 2153 2289 celebrat

162 2310 365 2388 benedixisse,
395 2327 491 2389 quam
512 2311 615 2372 tumen
634 2306 670 2370 in
691 2305 782 2370 corde
803 2302 1029 2369 moncons.
1075 2302 1133 2369 Ut·
1184 2302 1294 2368 David
1316 2305 1496 2387 potentiam
1518 2306 1582 2372 Dei
1605 2306 1647 2372 ad
1666 2308 1873 2387 servandum,
1894 2308 2032 2372 totidem
2054 2307 2153 2372 fultu-

163 2417 292 2479 cunque
313 2397 366 2476 sit,
388 2402 502 2460 contra
518 2412 647 2457 omnem
666 2388 847 2474 perfidiam,
869 2410 982 2455 omnes
1002 2388 1134 2454 fraudes
1185 2389 1230 2453 ris
1263 2389 1304 2452 ad
1337 2392 1555 2456 constantiam
1589 2415 1624 2459 se
1656 2394 1844 2458 confirmat:
1884 2392 2020 2458 totidem
2054 2394 2151 2457 etiam

164 2496 197 2546 et
226 2500 329 2546 noxas
359 2481 420 2545 hoc
449 2498 515 2543 uno
544 2499 579 2543 se
600 2476 710 2541 munit
739 2473 864 2551 David,
898 2475 982 2556 quod
1012 2476 1047 2539 in
1069 2473 1133 2537 Dei
1184 2475 1307 2539 fraenis
1339 2479 1516 2558 compescit
1543 2479 1651 2543 carnis
1678 2500 1757 2543 suae
1780 2481 1959 2556 levitatem,
1990 2499 2033 2543 ne
2054 2498 2152 2560 quam

163 2568 320 2633 fulturam
346 2565 547 2642 recumbens,
576 2563 700 2628 frustra
721 2558 874 2625 omnibus
895 2559 1044 2625 adversis
1065 2579 1133 2623 ma·
1186 2559 1301 2625 salutis
1334 2581 1412 2628 suae
1445 2573 1571 2644 partem
1604 2564 1681 2629 alibi
1715 2585 1812 2647 quam
1842 2565 1877 2629 iu
1907 2566 1978 2629 Deo
2006 2576 2150 2647 quaerat.

163 2652 270 2719 chinis
292 2652 469 2731 impetitur.
1186 2646 1365 2727 Postquam
1389 2670 1464 2713 vero
1486 2649 1586 2730 probe
1611 2671 1646 2715 se
1668 2652 1835 2727 animavit,
1865 2670 2049 2715 sermonem
2075 2670 2150 2714 oon·

249 2738 279 2803 6.
303 2734 541 2821 (Vennntomen
568 2733 611 2797 ac
635 2730 763 2816 Deum.)
806 2730 949 2796 Videtur
977 2727 1134 2811 quaedam
1187 2731 1346 2796 vertitad
1365 2733 1456 2808 alios,
1475 2734 1565 2800 etad
1583 2738 1798 2801 certaminum
1817 2738 2004 2801 societatem
2023 2736 2151 2810 invitat,

165 2845 236 2889 esse
260 2822 496 2905 repugnantiae
518 2819 650 2902 species.
684 2818 771 2882 Nam
793 2818 877 2899 quod
898 2829 974 2881 ante
992 2816 1134 2880 animam
1188 2837 1270 2898 quae
1296 2819 1452 2884 victoriae
1481 2830 1514 2885 et
1542 2822 1701 2904 triumphi
1730 2823 1852 2903 pariter
1880 2823 1948 2886 sint
1976 2832 2151 2886 consortes.

165 2930 259 2974 suam
284 2908 398 2971 fecisse
427 2907 570 2982 iactavit,
600 2923 687 2969 nnnc
718 2904 866 2968 hortatur
888 2917 924 2967 nt
946 2901 1052 2967 faciat.
1097 2899 1135 2966 Si
1187 2900 1344 2983 Populum
1376 2905 1561 2988 appellans,
1600 2908 1683 2972 mihi
1722 2908 1856 2972 dubium
1892 2928 1960 2971 uon
1992 2916 2043 2971 est
2074 2907 2164 2989 quin'

164 2997 232 3060 iam
261 2994 332 3058 Deo
361 2992 479 3058 silebat
510 2992 581 3057 eius
610 2990 737 3069 anima,
771 3009 924 3071 quorsum
959 3008 1040 3069 opus
1073 2986 1135 3051 fuit
1187 2986 1327 3054 ludaeos
1345 2991 1511 3071 designet:
1534 2994 1608 3075 quia
1626 3004 1801 3075 antequam
1818 2993 1972 3076 gentibus
1989 2992 2153 3057 illuxisset

166 3101 289 3146 novum
310 3077 478 3143 silentium
501 3076 611 3155 indici,
634 3076 728 3157 quasi
751 3072 1029 3139 tumultuaretur?
1068 3071 1135 3137 Sed
1187 3074 1310 3156 religio,
1342 3085 1374 3140 et
1397 3077 1461 3142 Dei
1488 3079 1617 3157 notitia,
1647 3099 1712 3143 uon
1742 3079 1818 3143 alibi
1848 3098 1945 3162 qnam
1974 3079 2008 3142 in
2031 3078 2153 3142 Iudaea

165 3163 345 3232 notandum
361 3174 419 3241 est,
439 3182 605 3244 nunquam
621 3162 763 3226 itabens
779 3169 909 3244 pacatas
923 3179 994 3225 esse
1009 3167 1135 3222 mentes
1188 3159 1298 3242 vigere
1328 3172 1455 3243 poterat
1478 3182 1554 3245 spes
1574 3186 1612 3230 ac
1634 3164 1699 3229 Dei
1721 3165 1898 3230 invocatio:
1928 3175 1963 3228 et
1983 3163 2071 3229 clare
2093 3164 2153 3228 ele·

166 3262 296 3318 nostras
318 3251 396 3333 quin
419 3251 566 3313 sentiant
586 3268 697 3312 caecos
716 3259 840 3312 motus:
864 3243 1135 3327 quemadmodum
1187 3256 1276 3310 ctum
1301 3249 1455 3328 populum
1479 3270 1498 3312 a
1519 3250 1665 3331 profanis
1687 3250 1840 3333 gentibus
1866 3249 2036 3314 discernit:
2067 3251 2152 3314 acsi

165 3341 192 3402 si
216 3358 307 3401 mare
328 3348 531 3400 commoveat
557 3332 641 3398 levis
664 3353 754 3408 aura,
785 3352 850 3397 non
873 3340 910 3395 ut
931 3351 1050 3412 magno
1072 3331 1136 3393 fei·-
1186 3329 1317 3408 diceret,
1347 3334 1518 3417 indignum
1548 3357 1620 3400 esse
1650 3337 1712 3400 nisi
1735 3357 1770 3400 se
1792 3345 1878 3401 totos
1899 3334 1972 3399 Deo
2001 3333 2153 3400 addicant

165 3444 246 3488 vore
276 3432 414 3504 surgant
442 3421 575 3499 fluctus,
607 3420 651 3483 sit
680 3432 791 3483 tamen
821 3417 929 3500 aliqua
958 3417 1135 3482 fluctuatio.
1186 3417 1341 3482 Abrahae
1370 3421 1437 3498 filii,
1467 3421 1584 3504 quibus
1613 3421 1773 3503 patefacta
1801 3432 1851 3485 est
1879 3422 1950 3485 eins
1975 3421 2092 3503 gratia,
2122 3437 2153 3482 et

167 3507 280 3590 Quum
302 3526 381 3589 ergo
400 3527 465 3570 non
482 3507 554 3570 sine
573 3504 684 3585 aliqua
702 3503 875 3568 iactatione
896 3524 932 3566 se
949 3503 1136 3566 contineant
1185 3521 1264 3583 quos
1286 3503 1322 3567 in
1345 3527 1441 3570 suum
1466 3508 1681 3589 patrocinium
1705 3508 1835 3589 recepit.
1884 3507 2020 3588 Tempus
2043 3518 2152 3570 autem

142 3597 296 3677 ,piorum
326 3605 467 3668 mentes,
497 3611 564 3654 uon
587 3588 643 3654 abs
667 3611 702 3654 re
725 3588 834 3652 David
861 3588 1003 3652 animam
1033 3607 1136 3664 suam,
1185 3608 1281 3652 omne
1303 3590 1456 3675 intelligit
1477 3593 1548 3658 sive
1570 3612 1771 3675 prosperum,
1794 3594 1864 3656 sive
1887 3591 2079 3657 adversum:
2110 3591 2152 3655 si·

167 3701 250 3764 quae
272 3680 338 3743 iam
360 3679 469 3760 quieta
491 3689 578 3752 erat,
607 3676 821 3741 conticescere
843 3674 947 3751 iubet,
977 3693 1015 3735 ac
1037 3673 1065 3737 si
1088 3671 1135 3735 di·
1186 3674 1346 3756 gnifioans
1382 3698 1553 3762 perperam
1590 3700 1643 3744 eos
1676 3677 1781 3743 facere
1818 3679 1873 3759 qui
1909 3677 1950 3741 ad
1983 3677 2152 3741 minimam

167 3776 264 3840 ceret,
286 3764 349 3847 sibi
366 3763 473 3847 magis
490 3784 528 3827 ac
545 3762 651 3844 magis
673 3759 909 3843 proficiendum
931 3779 1002 3823 esse
1021 3759 1057 3822 in
1075 3758 1136 3822 hoc
1186 3779 1348 3841 quamque
1365 3764 1610 3829 inclinationem
1628 3764 1754 3838 cedunt,
1773 3784 1811 3829 ac
1828 3762 2003 3828 declinant.
2031 3762 2153 3841 Quam·

168 3851 307 3926 silentio,
342 3848 566 3915 doneocarne
589 3847 751 3912 intutum
774 3846 908 3911 subacta
937 3845 1136 3930 compositus
1187 3845 1237 3909 vis
1258 3845 1366 3928 itaque
1396 3850 1627 3914 afflictionibus
1655 3870 1731 3914 suos
1760 3848 1873 3930 probet
1895 3849 1996 3925 Deus,
2027 3848 2152 3912 fortiter

168 3940 211 4001 sit
232 3936 273 4000 ad
295 3934 360 3999 Dei
385 3935 587 4016 obsequium.
624 3931 754 3997 Deinde
777 3932 924 3997 videmus
947 3939 985 3995 ut
1005 3931 1136 4014 saepius
1186 3930 1221 3994 in
1243 3949 1301 4012 spe
1323 3944 1357 3996 et
1378 3935 1553 4000 tolerantia
1576 3935 1729 4000 standum
1758 3955 1829 3999 esse
1857 3934 2008 3998 admonet
2032 3931 2150 3998 David.

168 4023 209 4086 ad
228 4041 348 4085 novam
368 4019 628 4103 inquietudinem
651 4018 764 4083 titillet
782 4016 886 4084 Satan
908 4018 964 4099 qui
983 4019 1137 4084 videntur
1186 4015 1272 4080 Nam
1290 4016 1491 4101 hypocritae,
1510 4020 1617 4102 quiin
1636 4023 1731 4085 rebus
1748 4021 1842 4084 laetis
1859 4019 1932 4084 Deo
1949 4018 2152 4100 plaudentes,

168 4108 289 4188 optime
318 4105 430 4171 sedati.
475 4105 522 4172 Ut
549 4113 658 4169 autem
688 4125 801 4169 sumus
828 4102 1012 4182 instabiles,
1041 4103 1136 4170 etad
1187 4101 1323 4168 simulac
1349 4107 1488 4188 contigit
1515 4107 1639 4187 aliquid
1667 4105 1805 4188 adversi,
1836 4106 1954 4170 animis
1984 4103 2151 4179 deficiunt,

169 4194 277 4256 varios
306 4203 414 4256 motus
444 4191 517 4273 plus
542 4190 622 4255 satis
644 4190 747 4271 proni,
776 4210 858 4272 opus
880 4198 931 4253 est
952 4208 1040 4255 nova
1060 4208 1137 4255 oon·
1187 4207 1254 4252 non
1272 4188 1342 4252 sine
1362 4193 1455 4273 gravi
1474 4192 1545 4256 eius
1562 4192 1683 4257 iniuria
1702 4192 1835 4256 ianuam
1852 4189 2067 4273 praecludunt
2084 4191 2153 4254 eius

167 4276 363 4343 firmatione.
407 4274 519 4355 Quare
547 4297 589 4341 ne
616 4278 775 4339 miremur
803 4275 832 4338 si
855 4273 963 4339 David
993 4276 1136 4341 animam
1187 4275 1361 4356 potentiae.
1405 4274 1544 4341 Dandus
1572 4278 1681 4359 itaque
1710 4277 1818 4341 honor
1846 4288 1897 4341 est
1924 4275 2011 4352 Deo,
2047 4295 2089 4338 ne
2117 4277 2152 4338 iu

168 4384 271 4440 suam,
294 4382 377 4444 quae
395 4362 459 4425 iam
478 4362 608 4426 silentio
625 4369 755 4425 assueta
770 4368 849 4436 erat,
873 4381 986 4426 rursus
1004 4361 1135 4426 tacitam
1186 4361 1389 4442 gravissimis
1411 4362 1594 4444 quibusque
1615 4363 1709 4427 malis
1731 4362 1828 4427 solari
1846 4381 1906 4426 nos
1924 4361 2054 4426 desinat
2074 4359 2154 4426 haee

169 4471 240 4514 esee
268 4446 374 4513 iubet:
409 4446 486 4528 quia
515 4447 602 4511 inter
632 4447 741 4510 carnis
773 4445 936 4526 impulsus
969 4467 1135 4529 uunquam
1186 4444 1350 4527 cogitatio,
1373 4465 1471 4527 penes
1492 4447 1600 4528 ipsum
1618 4469 1689 4513 esse
1707 4447 1814 4512 exitus
1830 4447 1954 4512 mortis.
1987 4446 2060 4510 Iam
2078 4447 2154 4529 qnia

169 4536 311 4618 perfecte
340 4532 534 4615 quiescimus
558 4545 594 4595 ut
615 4531 758 4597 decebat.
802 4532 848 4596 Et
877 4532 1058 4612 periculum
1088 4544 1138 4596 est
1186 4532 1222 4594 in
1252 4533 1419 4613 angustias
1452 4533 1691 4597 contrahuntur
1723 4531 1821 4598 corda
1852 4531 2025 4598 hominum
2057 4532 2155 4597 rebus

170 4642 211 4686 ne
239 4618 461 4684 exorientibus
488 4617 626 4682 subinde
657 4618 753 4682 novis
775 4616 882 4681 ventis
912 4617 1061 4683 turbetur
1087 4617 1136 4680 in·
1187 4616 1344 4693 adversis,
1367 4630 1399 4679 et
1420 4616 1482 4681 hoc
1504 4618 1583 4682 vitio
1605 4618 1688 4683 nihil
1711 4618 1799 4682 aliud
1819 4638 1917 4700 quam
1939 4638 1975 4682 se
1992 4619 2084 4701 ipsos
2101 4638 2155 4682 ex·

169 4706 269 4771 terior
287 4718 400 4769 nostra
418 4700 651 4785 tranquillitas:
676 4702 810 4783 ideoque
829 4703 978 4785 exemplo
990 4701 1138 4781 Davidis,
1187 4712 1341 4782 asperent
1362 4713 1474 4766 eontra
1496 4703 1614 4785 Deum,
1637 4724 1882 4786 moeroremque
1903 4724 1998 4768 suum
2021 4717 2153 4788 augent,

170 4790 211 4856 ad
233 4790 435 4874 pergendum
465 4808 527 4853 nos
553 4787 733 4852 hortemur.
778 4786 909 4852 Silentii
931 4788 983 4852 sui
1005 4809 1137 4854 oausam
1186 4788 1344 4868 optimum
1367 4787 1547 4852 remedium
1570 4788 1704 4853 adhibet
1725 4789 1843 4869 David,
1866 4800 1903 4853 ut
1924 4788 2037 4854 fideles
2058 4810 2155 4855 curas

170 4879 272 4959 ponit,
293 4875 370 4958 quia
392 4875 452 4940 etsi
475 4895 541 4938 non
563 4871 673 4937 atatim
697 4873 892 4954 respondeat
912 4872 1016 4953 Deus,
1044 4874 1078 4938 in
1101 4894 1138 4937 ee
1188 4895 1264 4938 suae
1285 4873 1317 4935 iu
1342 4871 1448 4935 Deum
1477 4874 1693 4950 exonerando,
1724 4873 1960 4956 quodammodo
1986 4880 2058 4940 unte
2086 4876 2156 4939 eins

170 4979 281 5027 tamen
304 4970 374 5025 tuto
395 4970 514 5044 speret.
548 4959 635 5023 Nam
651 4959 903 5039 exspectationem
923 4978 1017 5023 mom
1035 4980 1056 5022 a
1071 4957 1140 5025 Deo
1188 4958 1288 5024 oenias
1308 4958 1402 5021 eorda
1422 4978 1483 5022 sno
1504 4960 1670 5040 effundant.
1715 4958 1917 5044 Quantisper
1944 4962 2034 5026 euim
2060 4961 2155 5026 obse-

1188 5055 1297 5108 ratum
1320 5054 1369 5105 est
1390 5063 1445 5113 cor
1465 5043 1584 5120 dolore,
1606 5067 1774 5127 nunquam
1797 5057 1919 5111 exeunt
1940 5046 2061 5112 liberae
2084 5066 2155 5130 pre·

257 5166 285 5234 a)
309 5165 350 5219 L,
371 5165 498 5234 pancas,
519 5168 612 5231 pom:
643 5165 760 5233 Jupiter.
804 5161 905 5229 Mam
931 5178 995 5218 „w
1016 5163 1140 5231 mm,
1188 5148 1262 5225 ces..
1287 5127 1439 5226 Ergone
1461 5130 1601 5193 obruant
1623 5150 1682 5196 nos
1705 5132 1922 5231 tentationum
1944 5153 2054 5232 cnara,
2077 5132 2157 5199 hino

169 5235 226 5290 ross·
240 5237 362 5302 opposta
1189 5212 1281 5278 nobis
1304 5213 1424 5277 levatio
1445 5213 1584 5297 petenda
1605 5227 1664 5296 est,
1693 5215 1777 5299 quod
1799 5218 1997 5302 aegritudini
2025 5230 2157 5286 nostrae
