4658 5856
948 345 1164 415 PSALMUS
1186 347 1282 413 XVl.
2048 350 2111 415 150

438 529 647 602 Pssumis
672 530 768 600 xvl.
1114 556 1118 685 q
1142 535 1230 600 rium
1255 535 1286 600 ei
1308 534 1452 600 tribuens
1478 530 1596 610 David,
1624 553 1660 598 se
1683 542 1716 597 et
1737 553 1796 598 sua
1817 536 1926 600 omnia
1947 536 2017 601 eius
2039 557 2109 603 esse

1142 620 1316 771 Eraedicat.
1340 620 1460 686 Postea
1481 619 1624 701 inopiam
1648 638 1740 683 suum
1763 620 1891 685 fatetur.
1915 620 2109 705 Quanquam

120 735 308 792 attentio
335 735 422 790 David
454 752 483 790 ee
509 736 560 790 Dei
592 736 692 790 tutelae
718 738 901 794 commendat:
934 741 1032 794 deinde
1059 714 1118 795 ex¹
1166 727 1205 773 ⁰0
1241 707 1401 789 P⁰⁸t⁰¹i¹¹⁸
1430 706 1611 770 membrum
1646 701 1772 770 d¹¹⁰b¹¹⁸
1805 708 1908 773 m⁰di⁸
1941 722 2110 790 ⁰¹P⁰¹¹¹¹⁰t

225 805 405 860 meditatione
430 805 621 859 beneficiorum
648 807 705 859 eins
731 808 765 860 od
791 808 893 874 gratias
919 810 1037 878 agendae
1063 826 1093 863 ee
1115 856 1119 902 1
1142 793 1349 875 interpretes.
1393 791 1478 856 Nem
1508 791 1584 874 quia
1653 770 1708 886 Sy
1737 792 1820 889 verti
1849 802 1972 875 potest:
2001 792 2110 876 Super

224 874 354 928 aseendit.
378 874 417 928 itt
433 890 595 943 quemquam
612 890 661 927 ⁸¹¹⁰
679 875 752 928 onitu
771 875 837 928 nihil
855 877 913 931 Deo
930 879 1092 943 commodet,
1116 915 1118 947 ι
1143 888 1184 958 te,
1216 877 1347 961 quidam
1382 897 1511 942 sensum
1547 801 1652 944 hun]
1674 880 1818 955 eliciunt,
1860 877 1967 943 Deum
2009 880 2109 944 nullis

224 945 430 1066 {demicte}
445 942 958 1084 uffifflizug‘Jefffigffc‘iigffl‘
967 947 1094 1085 52:2⁰3
1116 966 1118 1029 l
1144 965 1264 1028 nostris
1283 964 1446 1028 beneficiis
1463 965 1601 1041 onerari,
1621 971 1658 1027 ut
1675 962 1848 1045 quidquam
1869 966 1962 1029 nobis
1980 964 2109 1030 debeat:

224 1081 311 1135 eertee
333 1081 370 1133 en
393 1080 507 1134 ferretne
538 1081 567 1132 in
590 1097 645 1134 une
694 1097 726 1134 ee
750 1083 921 1151 acquiescere
977 1085 1004 1138 ur
1026 1084 1093 1139 ninii
1143 1070 1181 1114 ²⁰
1214 1049 1444 1114 beneficentiae
1478 1068 1596 1113 nomen
1630 1050 1761 1132 passive
1802 1049 1974 1131 accipiunt,
2013 1069 2051 1115 ⁸⁰
2083 1054 2110 1114 si

224 1151 280 1204 ente
297 1149 392 1203 deesse
409 1121 520 1218 patitur'.
923 1122 930 1147 ’
957 1102 975 1154 q
1143 1134 1253 1201 David
1283 1147 1460 1213 assereret,
1494 1133 1651 1217 quidquid
1679 1134 1740 1199 sibi
1770 1132 1926 1200 divinitus
1959 1135 2109 1201 collatum

1144 1231 1203 1300 est,
1228 1242 1291 1286 uon
1314 1220 1486 1304 provenire
1503 1241 1546 1284 ex
1564 1220 1760 1303 obligatione
1781 1219 1892 1303 aliqua
1915 1222 1965 1285 vel
1985 1223 2109 1286 merito.

208 1303 362 1371 Mfctbem
385 1302 532 1370 Doridis.
1145 1306 1319 1374 Sententia
1350 1315 1460 1370 tamen
1490 1304 1576 1392 (meo
1606 1303 1738 1390 iudicio)
1767 1304 1865 1370 latius
1894 1314 1993 1389 patet,
2024 1306 2109 1390 quod

1144 1393 1291 1458 homines
1332 1392 1543 1474 quantumvis
1582 1391 1694 1455 sedulo
1734 1411 1768 1457 se
1811 1391 2000 1473 impendere
2039 1392 2111 1457 Deo

207 1474 260 1540 De
295 1494 374 1541 voce
403 1475 563 1540 Mietham
599 1497 664 1541 non
695 1478 851 1544 convenit
879 1480 976 1543 etiam
1005 1478 1093 1543 inter
1143 1489 1312 1557 conentur,
1341 1476 1421 1542 nillil
1445 1487 1554 1541 tamen
1578 1485 1743 1561 praestare
1766 1490 1903 1558 queant:
1926 1478 2002 1560 qnia
2024 1478 2111 1544 scili·

120 1562 293 1629 Hebraeos
322 1560 527 1644 interpretes.
581 1561 722 1643 Quidam
753 1585 773 1628 a
802 1576 887 1648 om
919 1564 1092 1642 deducunt,
1143 1578 1195 1631 cet
1218 1563 1258 1628 ad
1281 1584 1355 1628 eum
1380 1584 1481 1646 usquc
1503 1583 1568 1629 non
1593 1564 1758 1645 pertingat
1780 1560 1933 1645 quidquid
1956 1565 1990 1627 in
2010 1583 2111 1628 manu

123 1669 162 1714 ac
186 1648 215 1714 si
242 1654 330 1712 esset
358 1667 493 1712 aureum
525 1648 663 1799 iqsibgne.
710 1648 775 1714 Alii
810 1659 928 1733 putant
961 1650 1093 1714 initium
1115 1702 1119 1737 ,
1143 1660 1255 1716 nostra
1277 1659 1344 1715 est:
1367 1670 1434 1712 non
1458 1648 1651 1798 mododquia
1673 1648 1741 1730 ipse
1763 1648 1885 1797 uirilius
1907 1649 1953 1712 rei
1976 1647 2110 1732 indiget,

121 1754 193 1800 esse
219 1732 374 1799 nauminia
403 1742 483 1798 tune
511 1754 578 1799 cea
602 1735 647 1799 ris
676 1744 709 1800 et
739 1736 818 1799 noti.
870 1735 955 1800 Aliie
1007 1736 1094 1801 otius
1144 1759 1179 1803 se
1208 1755 1273 1800 uno
1303 1745 1476 1802 contentus
1516 1756 1550 1799 ee
1617 1736 1670 1799 uia
1699 1754 1757 1798 nos
1803 1755 1939 1799 enorum
1963 1735 2110 1798 omnium

123 1818 254 1886 videtur
303 1838 374 1884 esse
413 1817 646 1885 modulationis
684 1822 825 1905 species:
873 1757 1005 1904 quibusp
1032 1754 1119 1907 οςοΙ
1146 1824 1239 1889 vacui
1270 1829 1304 1887 et
1324 1822 1419 1904 egeni
1443 1785 1573 1886 sumus:
1595 1756 1656 1886 iliae
1678 1819 1854 1903 quidquam
1878 1819 1969 1884 nobis
1993 1840 2109 1903 euppc·

121 1905 291 1971 assentior.
336 1904 495 1988 Sequitur
517 1926 607 1970 mox:
1147 1912 1195 1989 tit,
1224 1929 1286 1990 quo
1315 1908 1417 1972 simus
1447 1926 1524 1988 erga
1546 1926 1621 1971 eum
1639 1904 1799 1970 liberales.
1843 1905 1896 1969 Ex
1919 1905 1980 1971 huo
2003 1919 2111 1969 tamen

1117 2004 1120 2077 j
1147 1995 1294 2060 doctrina
1324 2004 1477 2074 sequetur
1510 1991 1591 2056 illud
1624 1990 1710 2076 quod
1743 1991 1833 2073 prius
1866 1991 1972 2073 attigi,
2006 1990 2116 2054 Deum

210 2075 338 2141 &alodi
358 2096 407 2141 ate
428 2075 528 2158 Deus,
550 2078 586 2141 in
607 2083 633 2141 te
654 2077 780 2158 confido.
1118 2082 1121 2127 ῖ
1147 2080 1272 2145 nullius
1301 2079 1427 2143 meritis
1456 2075 1616 2161 obstringi
1647 2097 1749 2160 posse,
1784 2090 1821 2141 ut
1853 2077 1897 2140 sit
1926 2076 2116 2141 hominibus

1117 2168 1122 2203 ¹
1147 2165 1283 2232 debitor.
1328 2163 1467 2230 Summa
1494 2176 1554 2239 est,
1585 2184 1685 2246 quum
1716 2160 1757 2227 ad
1786 2162 1897 2226 Deum
1924 2160 2116 2240 accedimus,

208 2247 367 2321 Precatio,
390 2267 454 2330 qua
476 2267 511 2312 se
529 2248 638 2313 David
659 2250 695 2313 in
715 2248 778 2313 Dei
796 2247 893 2313 fidem
911 2250 1094 2316 committit.
1118 2258 1121 2321 Ξ
1146 2251 1330 2318 exuendam
1354 2271 1424 2315 esse
1445 2269 1574 2313 omnem
1598 2247 1837 2314 confidentiam.
1881 2247 1967 2312 Nam
1990 2250 2016 2312 si
2040 2248 2116 2330 quid

122 2334 193 2400 Nec
221 2331 373 2481 V⁰¹⁰.(¹¹l⁸
401 2331 619 2481 alibilsaepe)
641 2334 705 2485 Boi
733 2333 892 2399 auxilium
922 2336 956 2399 in
985 2336 1094 2419 aliquo
1118 2328 1121 2497 ἰ
1147 2359 1246 2423 penes
1278 2358 1338 2402 nos
1367 2336 1623 2484 eeeedfingffieus,
1653 2335 1730 2417 quia
1752 2334 1959 2416 praeeipuam
1981 2333 2117 2398 lionoris

122 2430 212 2484 certo
243 2437 387 2501 perrone
417 2430 569 2502 imporat
611 2441 646 2486 se
698 2421 732 2484 in
756 2428 860 2485 totam
890 2421 990 2486 vitam
1036 2423 1096 2487 etit
1147 2425 1199 2490 sui
1251 2435 1353 2488 artem
1383 2421 1412 2485 ei
1457 2433 1528 2485 etra
1554 2421 1639 2485 'mus
1678 2439 1746 2484 non
1775 2419 1895 2483 mirum
1925 2429 1975 2483 est
2002 2421 2028 2482 si
2058 2440 2116 2484 nos

122 2505 186 2571 sibi
203 2525 277 2570 esee
294 2503 478 2569 custodem:
512 2468 610 2573 sicdti
629 2527 694 2571 non
714 2505 812 2571 aliter
828 2527 925 2589 quam
945 2442 1095 2573 subpsius
1117 2504 1121 2600 Ι
1147 2444 1308 2594 repudiet.
1352 2505 1389 2572 Si
1412 2526 1491 2571 vero
1513 2517 1628 2571 nostra
1641 2471 1802 2587 'obsequia
1830 2506 2037 2589 agnoscimus
2060 2525 2117 2586 per

122 2589 286 2675 praesidio
297 2590 359 2655 tuti
375 2611 488 2656 eumue
501 2603 571 2656 tum
584 2591 620 2656 in
633 2593 710 2675 vita,
730 2591 974 2659 tuminmorte.
997 2592 1094 2674 Quod
1118 2612 1121 2661 ι
1146 2617 1182 2663 se
1211 2593 1307 2659 nihili
1328 2612 1407 2668 esse,
1437 2592 1592 2675 nulloque
1614 2593 1718 2675 pretio
1740 2589 1849 2674 digna,
1879 2590 1959 2655 haec
1982 2589 2113 2653 humili·

123 2676 296 2777 defidueia
316 2677 473 2775 sequitur,
497 2676 691 2742 tantundem
716 2677 802 2742 valet
824 2699 862 2744 ac
884 2679 912 2743 si
934 2678 1028 2744 nobis
1039 2699 1095 2744 ore
1118 2666 1122 2774 l
1148 2696 1197 2747 tas
1219 2679 1312 2764 quasi
1334 2678 1465 2744 suffitus
1495 2692 1546 2743 est
1568 2676 1643 2743 boni
1664 2676 1782 2758 odoris,
1812 2676 1867 2758 qui
1890 2675 1956 2740 illis
1978 2677 2115 2759 gratiam

121 2761 483 2915 Βοῗιὲάιέὲιὲρῦιιιιιὲζξέ
501 2764 635 2912 Ἇρίιιιιιε
652 2773 794 2913 satnotus,
814 2764 923 2828 Deum
941 2762 982 2914 gd
999 2784 1096 2916 opess
1147 2767 1328 2937 corriget&
1348 2852 1409 2916 m·
1496 2851 1532 2864 ..
1571 2854 1617 2914 m
1735 2847 1822 2934 Μ
1879 2850 1893 2909 f

122 2870 145 2913 n
319 2869 393 2912 rus
484 2870 581 2913 nam
604 2870 757 2932 paraum
778 2870 858 2929 esse,
888 2870 941 2914 mo
965 2872 983 2913 o
1006 2871 1060 2916 cer
1256 2903 1263 2918 .
1327 2873 1346 2915 o
1398 2871 1426 2915 ts
1466 2871 1554 2915 uren
1616 2868 1755 2913 rosata.
1824 2868 1866 2911 no
1890 2866 2115 2911 ereccosensu

123 2934 187 3000 fide
209 2932 431 3084 etlstabilibin
455 2953 529 2998 eum
556 2936 793 3013 recumbamus,
824 2956 890 3000 non
914 2936 994 3002 alios
1017 2957 1094 3002 vero
1148 2959 1261 3006 omncs
1278 2872 1549 3020 accipiuntqhunc
1568 2934 1682 3014 locum,
1705 2957 1742 3000 ac
1760 2934 1786 2999 si
1805 2933 1980 2998 subiiceret
1996 2931 2115 3082 Davigl,

122 3020 157 3084 in
178 3028 252 3085 tute
266 3039 319 3083 am
348 3039 368 3082 a
411 3040 449 3084 eo
470 3021 601 3104 suscipi,
631 3021 693 3086 nisi
722 3022 777 3104 qui
806 3042 841 3086 se
863 3022 892 3085 ei
922 3024 1095 3087 exanimo
1148 3046 1250 3090 unum
1280 3022 1368 3088 huno
1398 3022 1459 3086 Dei
1488 3024 1551 3085 rite
1580 3020 1707 3085 colendi
1736 3019 1867 3084 modum
1901 3038 1981 3096 esse,
2015 3019 2042 3083 si
2098 3039 2116 3082 e

123 3104 364 3172 commendant.
381 3104 489 3170 Simul
500 3115 611 3171 tomen
620 3107 773 3171 monendi
785 3127 907 3186 sumus,
920 3106 1094 3187 Davidem,
1148 3110 1268 3176 sanctis
1296 3109 1366 3173 eius
1389 3108 1493 3171 servis
1521 3106 1604 3170 bene
1626 3106 1745 3170 mereri
1767 3104 1946 3179 studemus,
1974 3114 2116 3170 atcerte

123 3191 369 3342 ιιιιίδιιὶιιιιιιιὲιᾶο
390 3190 551 3340 mitiorum
569 3192 719 3275 procellis
741 3194 883 3276 agitatus
905 3193 1011 3274 fuerit,
1035 3204 1095 3259 stc·
1147 3198 1223 3279 quia
1249 3194 1340 3259 nulla
1370 3200 1483 3258 nostra
1512 3190 1667 3256 beneficia
1696 3189 1737 3254 ad
1767 3190 1872 3253 Deum
1908 3190 2115 3271 perveniunt,

123 3278 202 3343 tisse
248 3296 287 3341 ac
354 3296 433 3342 esn
456 3276 583 3343 nixum.
1146 3282 1258 3347 fideles
1298 3279 1395 3344 subro
1420 3290 1454 3342 at
1492 3277 1528 3342 in
1565 3297 1660 3342 suum
1701 3277 1816 3349 locum,
1856 3295 1934 3358 erga
1964 3293 2045 3356 quos
2078 3296 2113 3340 se

1146 3377 1296 3433 exerceat
1332 3301 1446 3430 noega
1478 3365 1605 3428 caritas.
1660 3363 1726 3427 Hic
1758 3381 1835 3443 crgo
1869 3361 2036 3444 legitimus
2066 3372 2116 3425 est

210 3449 242 3513 2.
266 3447 362 3514 Dices
384 3447 535 3513 reteeae:
557 3449 716 3514 Dominus
732 3468 819 3514 omas
838 3469 879 3529 es,
901 3448 1096 3531 beneficentto
1147 3452 1209 3517 Dei
1244 3451 1362 3526 cultus,
1395 3470 1494 3534 quum
1529 3449 1677 3514 homines
1706 3449 1792 3512 inter
1822 3468 1856 3512 se
1890 3464 2004 3510 mutuo
2037 3456 2113 3511 sunt

121 3554 191 3599 mea
212 3554 276 3599 aon
293 3535 336 3598 ad
356 3539 394 3598 te.
424 3535 453 3599 3.
479 3534 603 3599 Sanctis
623 3536 679 3615 qui
698 3536 736 3598 ia
756 3539 841 3599 terra
862 3540 937 3600 sant
953 3541 983 3599 et
996 3556 1094 3617 prae·
1146 3539 1289 3603 benefici.
1327 3538 1398 3602 Etsi
1421 3546 1528 3601 autem
1552 3534 1592 3600 ad
1615 3535 1767 3619 indignos
1788 3552 1916 3617 quoque
1938 3530 2115 3597 extendere

119 3620 229 3702 cloria,
251 3620 354 3685 manis
374 3620 518 3685 volentos
539 3640 608 3684 mea
629 3621 664 3683 in
685 3621 776 3701 ipsis.
1145 3646 1180 3689 se
1197 3624 1317 3690 caritas
1340 3634 1453 3687 nostra
1480 3622 1575 3686 debet
1596 3619 1706 3706 (sicuti
1730 3630 1823 3701 pater
1845 3618 1991 3685 coelestis
2014 3616 2114 3681 solem

1145 3731 1242 3774 suum
1260 3710 1337 3774 oriri
1356 3708 1435 3775 facit
1452 3728 1551 3790 super
1569 3707 1671 3772 bonos
1689 3714 1723 3770 ct
1741 3706 1853 3782 malos,
1872 3702 1991 3782 Matth,
2012 3702 2042 3782 5,
2058 3703 2114 3790 45)

208 3792 239 3857 2.
262 3789 373 3876 (Dteee
403 3790 560 3877 lebetae.)
603 3791 778 3856 Praefatur
806 3790 915 3855 David
947 3814 982 3857 se
1011 3793 1092 3857 nihil
1145 3795 1261 3861 merito
1291 3805 1400 3859 tamen
1432 3793 1539 3857 David
1568 3802 1697 3857 sanctos
1726 3791 1799 3856 aliis
1827 3790 1978 3874 praefert,
2012 3808 2049 3853 ae
2078 3791 2114 3854 in

120 3898 217 3960 posse
239 3878 310 3944 Deo
331 3877 489 3957 conferre,
517 3899 583 3941 non
613 3878 707 3942 modo
738 3877 814 3959 quia
841 3877 933 3941 nulla
954 3898 990 3942 re
1012 3877 1095 3943 indi·
1144 3880 1248 3966 gradu
1270 3881 1385 3944 altiore
1408 3879 1501 3944 locat.
1533 3878 1604 3960 Ego
1627 3897 1704 3943 vero
1727 3877 1803 3942 lieet
1824 3876 1908 3941 hanc
1931 3873 2112 3939 doctrinam

120 3962 288 4114 ⁸⁰⁸11t3⁸⁰d
310 3962 388 4046 quia
409 3961 449 4111 arfi
473 3983 549 4110 enlm
569 3963 637 4113 sni?
658 3962 819 4045 obsequiis
842 3964 1092 4113 prlomcriendum
1145 3969 1204 4033 sub
1235 3965 1344 4031 verbis
1372 3965 1511 4029 Davidis
1539 3962 1772 4045 comprehendi
1801 3982 1867 4026 non
1889 3980 2015 4044 negem,
2037 3960 2114 4110 gon·

121 4071 167 4114 nn
245 4070 284 4115 su
329 4056 398 4114 etat
443 4060 568 4113 acutas
632 4049 731 4113 omini
766 4063 872 4113 morta
885 4048 906 4112 i.
981 4059 1094 4116 nterea
1168 4054 1217 4118 'us
1240 4064 1447 4117 tamencum
1489 4072 1524 4114 ro
1549 4050 1617 4113 redi
1640 4049 1795 4113 arbitror:
1826 4067 1944 4113 neme
1993 4066 2036 4110 uo
2080 4069 2114 4113 se

120 4144 234 4201 tamma
255 4069 400 4200 edibiam
423 4132 561 4218 colligit:
585 4144 617 4199 et
639 4136 715 4217 quia
735 4144 861 4218 gratam
884 4135 984 4200 habet
1003 4136 1093 4201 Deus
1144 4075 1318 4222 {bplicabit
1346 4135 1387 4200 ad
1410 4073 1487 4218 pior?
1501 4071 1563 4199 Dgei
1586 4134 1737 4212 cultores,
1767 4143 1801 4199 et
1822 4133 1887 4198 illis
1903 4067 2020 4197 psociiis
2040 4134 2113 4212 erit,

119 4230 270 4287 nostram
292 4222 460 4303 pietatem,
482 4241 518 4284 sa
539 4241 641 4285 unum
664 4242 706 4285 ex
728 4220 908 4286 cultoribus
931 4222 1001 4285 eius
1023 4221 1093 4287 fore
1145 4224 1197 4289 vel
1227 4242 1351 4289 comes:
1385 4223 1481 4286 sicuti
1510 4241 1624 4286 omnes
1648 4221 1709 4286 Dei
1739 4220 1823 4285 filios
1845 4219 2007 4283 fraternae
2036 4238 2113 4283 con·

121 4308 304 4388 profitetur.
348 4305 452 4370 Porro
481 4314 519 4369 ut
547 4327 582 4370 se
611 4305 652 4370 ad
682 4306 743 4372 hoc
764 4306 906 4372 officium
930 4308 1092 4372 efficacius
1145 4309 1322 4374 inustionis
1347 4328 1435 4372 nexu
1458 4308 1545 4372 inter
1572 4329 1606 4372 se
1626 4305 1793 4371 devinctos
1815 4325 1887 4370 esse
1909 4313 2046 4388 oportet,
2076 4317 2113 4369 ut

121 4392 282 4470 hortetur,
312 4391 456 4456 animam
484 4410 577 4455 suam
601 4391 782 4474 compellat.
827 4392 890 4456 Eiet
912 4392 999 4455 enim
1023 4414 1091 4458 ver·
1143 4393 1256 4459 eodem
1279 4394 1397 4459 affectu
1420 4405 1453 4457 et
1474 4392 1580 4458 studio
1603 4404 1730 4476 patrem
1752 4413 1847 4458 snum
1868 4390 1987 4456 colant.
2016 4389 2112 4457 Nunc

120 4478 199 4543 bum
231 4477 382 4544 feminini
416 4476 546 4561 generis
582 4478 670 4560 qnod
710 4476 842 4542 nonnisi
880 4478 915 4541 in
948 4478 1090 4544 animam
1143 4481 1304 4555 videmus,
1328 4478 1501 4557 Davidem,
1524 4488 1695 4563 postquam
1713 4479 1882 4544 confessus
1904 4475 2056 4541 estnihil
2078 4497 2113 4541 se

118 4566 285 4648 competit.
329 4562 368 4628 ei
397 4563 450 4628 cui
479 4563 585 4645 magis
614 4563 740 4646 placeat
765 4563 801 4626 in
830 4570 977 4647 tempore
999 4584 1090 4646 prae-
1143 4567 1285 4647 reperire
1307 4565 1392 4646 quod
1417 4565 1487 4630 Deo
1510 4565 1636 4641 afferat,
1656 4564 1709 4629 cui
1732 4585 1767 4628 se
1785 4572 1892 4627 totum
1915 4561 2019 4639 debet,
2038 4559 2112 4626 ideo

119 4651 220 4751 terito
234 4649 355 4733 legere,
373 4647 496 4747 dixisti,
519 4668 584 4747 non
602 4649 759 4749 reclamo:
781 4649 857 4731 quia
877 4649 916 4713 de
935 4649 1090 4714 continuo
1142 4650 1182 4715 ad
1216 4658 1346 4715 sanctos
1378 4651 1525 4715 animum
1557 4649 1707 4730 adiicere,
1742 4652 1818 4732 quia
1850 4648 1944 4712 Deus
1970 4667 1989 4709 a
2017 4655 2111 4711 coetu

118 4756 290 4836 animasur
309 4734 667 4812 sensudrsserrt,aes1
686 4732 939 4834 drxrssottlvlrhr
958 4734 1089 4836 q.¹¹.¹d⁰¹.¹¹
1141 4736 1287 4801 fidelium
1309 4737 1343 4800 in
1366 4736 1488 4836 mundo
1509 4735 1666 4802 celebrari
1685 4734 1775 4836 velit,
1797 4745 1831 4801 et
1852 4756 1887 4834 ιιι
1906 4732 1994 4796 huno
2011 4732 2110 4830 finem

118 4831 251 4972 peffis
268 4821 440 4970 ιιιιίίῖἓιιιῡ
451 4828 516 4970 elqltn
529 4840 568 4887 ac
594 4840 795 4970 persuasslum,
825 4820 1090 4972 ffhssguntlssm
1141 4843 1198 4887 eos
1223 4822 1436 4971 adoptagerrt,
1469 4831 1512 4922 ut¹
1534 4824 1594 4887 sub
1624 4841 1884 4971 auspsscustnrst
1909 4829 1943 4966 ξιξ
1975 4831 2112 4967 epinges

116 4928 160 4973 ve
249 4927 324 4973 cus
441 4927 459 4970 e
539 4927 581 4972 ex
603 4927 656 4970 me
679 4926 714 4971 re
737 4927 802 4970 rre:
853 4926 957 4971 anos
1015 4928 1089 4970 men
1142 4926 1247 4972 sanor
1303 4928 1379 4972 ucu
1413 4929 1638 4973 unanimesa
1682 4929 1728 4970 n.
1813 4927 1869 4971 oce
1916 4923 1961 4967 ra
1983 4923 2024 4967 ue
2081 4925 2111 4970 rc

116 5014 172 5058 me
201 4992 380 5076 adiungam
414 4990 548 5076 socium,
581 5005 618 5057 ut
651 5012 725 5056 eum
758 4991 893 5056 laudum
925 4993 1090 5058 sacrificiis
1140 4993 1239 5069 locus,
1269 4992 1396 5057 nullum
1423 4996 1548 5077 gratius
1578 4928 1874 5059 Deogasacrificium
1903 4923 1983 5069 cssg,
2012 5010 2110 5072 quam

114 5078 216 5144 simul
236 5078 390 5144 colamus.
434 5076 511 5141 Duo
533 5088 642 5143 autem
666 5078 719 5143 hic
739 5077 891 5143 distincte
913 5088 1089 5160 ponuntur,
1142 5079 1196 5143 ubi
1218 5078 1303 5143 serio
1324 5078 1470 5143 animum
1493 5079 1663 5144 adiicimus
1685 5077 1726 5143 ad
1744 5077 1929 5143 societatem
1947 5073 2109 5143 fidelium:

115 5163 229 5265 Deum
256 5164 409 5262 inreusuo
435 5183 529 5262 poem
551 5167 661 5264 omnia
683 5184 702 5228 a
724 5163 817 5228 nobis
839 5165 996 5264 exigere,
1009 5185 1090 5248 quos
1141 5172 1180 5229 ut
1220 5171 1346 5262 sancto·
1376 5163 1506 5247 pietatis
1545 5162 1677 5230 vinculo
1717 5162 1893 5242 coniuncti,
1932 5160 2109 5228 fraternam

113 5251 181 5316 srbr
210 5258 302 5317 tenet
333 5270 366 5313 rn
389 5247 528 5314 solidum
551 5251 733 5328 obstrictos,
763 5270 839 5314 nam
862 5248 966 5314 hanla
988 5271 1091 5333 impe·
1142 5250 1402 5316 benevolentiam
1424 5250 1578 5314 colamus.
1623 5249 1715 5316 Haeo
1742 5258 1792 5314 est
1813 5255 2001 5314 sanctorum
2023 5267 2109 5314 com-

1855 5350 1904 5405 10·
