4658 5856
160 328 223 394 775
690 372 693 378 -
931 324 1147 394 PSALMUS
1170 325 1371 392 LXXXIII.
2084 326 2141 390 716

159 518 238 601 piat.
283 516 375 580 Idem
398 514 521 582 scilicet
543 516 676 600 spiritus
699 516 753 596 qui
776 515 899 582 invicta
919 515 977 581 illa
997 515 1126 580 fortitu·
1179 515 1359 597 scripturae
1390 536 1451 579 usu
1482 515 1561 580 satis
1591 522 1669 579 nota
1698 526 1757 581 est.
1804 513 1899 596 Quod
1930 521 2040 580 autem
2071 513 2147 580 dicit

161 603 235 666 dine
257 602 412 667 instruxit
433 603 523 684 pium
545 624 665 686 regem,
694 601 861 666 Psalmum
886 602 972 667 huno
995 604 1053 664 toti
1076 621 1127 665 eo·
1179 601 1287 665 Assur
1320 621 1393 664 oum
1426 600 1499 666 aliis
1530 602 1632 683 suieee
1664 601 1825 666 brachium
1855 600 1935 682 filiis
1968 600 2038 679 Lot,
2074 601 2147 667 hinc

161 688 277 754 clasiae
306 686 450 765 dictavit,
481 701 517 752 nt
545 709 579 752 se
601 687 764 769 intrepide
785 687 826 751 ad
849 709 942 770 opem
966 687 1029 751 Dei
1051 707 1127 750 coa·
1179 695 1266 752 certe
1311 704 1377 750 non
1417 707 1533 770 parum
1572 696 1709 771 augetur
1748 688 1935 771 indignitas.
1998 685 2148 751 Nefariae

162 776 270 838 ferret.
302 776 351 838 Ac
373 773 469 838 hodie
491 794 615 856 quoque
638 773 731 838 nobis
754 775 853 838 verba
875 774 980 857 praeit
1001 793 1043 835 ne
1066 769 1129 836 Dei
1179 771 1381 837 crudelitatis
1403 773 1525 848 fuisset,
1555 773 1676 838 exteris
1698 773 1852 856 gentibus
1873 772 2043 856 suppetias
2065 771 2149 837 ferre

163 860 360 923 invocationi
399 859 529 923 ienuam
575 860 764 941 praecludat
802 859 905 923 ullum
946 858 1128 923 discrimen.
1180 867 1293 922 contra
1321 879 1396 923 suos
1426 867 1597 941 cognatos:
1629 878 1715 922 nnnc
1733 879 1832 942 quum
1855 858 2029 923 classicum
2052 858 2148 941 primi

161 943 246 1009 Nem
269 954 306 1008 ut
326 945 362 1008 in
386 965 444 1008 nos
465 945 630 1028 conspiret
650 954 738 1009 totus
760 944 911 1021 mundus,
941 965 1054 1008 murus
1075 942 1129 1006 hic
1179 953 1309 1023 canunt,
1332 952 1364 1008 et
1386 943 1473 1008 ultro
1492 955 1662 1009 accersunt
1681 944 1836 1028 Assyrios
1853 954 1886 1008 et
1904 944 2056 1025 reliquos,
2081 965 2149 1025 per·

161 1030 305 1095 aheneus
328 1031 495 1113 oppositus
513 1041 563 1095 est
581 1030 621 1093 ad
640 1029 863 1095 defensionem
881 1032 974 1114 regni
993 1028 1127 1103 Christi,
1179 1027 1295 1093 dandis
1323 1030 1392 1094 suis
1418 1029 1582 1107 fratribus,
1610 1050 1719 1095 nonne
1742 1030 1856 1094 merito
1879 1028 2081 1094 detestabiIis
2103 1038 2151 1095 est

160 1115 208 1181 Ut
229 1116 306 1199 quid
329 1115 571 1180 tumultuentur
593 1126 715 1199 gentes,
745 1127 805 1182 etc.
829 1116 917 1181 Psal.
940 1116 969 1194 2,
992 1136 1075 1179 vers.
1099 1113 1128 1176 1.
1180 1124 1245 1176 tam
1277 1115 1413 1178 barbara
1440 1115 1573 1179 feritas?
1619 1116 1703 1179 Nam
1729 1125 1766 1179 ut
1788 1114 1949 1198 Iosephus
1970 1116 2041 1196 ipse
2064 1135 2149 1180 com·

161 1200 230 1266 Nec
251 1222 328 1265 vero
351 1201 557 1265 mediocriter
575 1202 667 1266 nohis
685 1202 824 1284 prodest,
846 1202 880 1265 in
901 1202 962 1267 hoc
979 1198 1128 1281 exemplo
1179 1212 1349 1274 memorat,
1380 1201 1451 1266 sina
1481 1221 1567 1265 noxa
1596 1210 1628 1266 et
1656 1201 1815 1266 maleficio
1844 1221 1903 1283 per
1931 1221 2047 1265 eorum
2070 1202 2151 1264 fines

161 1289 253 1368 quasi
282 1288 313 1349 in
345 1286 483 1369 speculo,
514 1308 646 1352 cernere
679 1286 756 1370 quid
784 1287 825 1351 eb
853 1288 947 1351 initio
976 1286 1128 1351 ecclesiae
1180 1288 1379 1350 transierant
1408 1286 1593 1352 Israelites:
1624 1288 1701 1368 quia
1729 1284 1792 1350 Dei
1822 1284 1977 1350 mandato
2000 1287 2150 1369 sanguini

162 1371 225 1436 Dei
248 1373 429 1456 contigerit,
454 1394 494 1436 ne
516 1372 612 1438 hodie
634 1393 694 1437 nos
716 1372 828 1439 eadem
852 1374 904 1438 vel
923 1372 1038 1436 similis
1056 1391 1128 1434 con·
1180 1391 1240 1434 suo
1264 1382 1481 1454 pepercerant.
1521 1370 1634 1452 Quum
1657 1393 1734 1455 ergo
1757 1371 1907 1436 viderant
1929 1371 2098 1437 Moabitae
2119 1384 2151 1436 et

162 1457 240 1521 ditio
270 1458 409 1521 nimium
438 1458 603 1539 percellat,
638 1458 715 1522 dum
745 1469 831 1523 totus
861 1456 1003 1523 mundus
1036 1456 1129 1520 nohis
1182 1458 1388 1521 Ammonitas
1411 1458 1524 1541 vigere
1546 1457 1632 1539 apud
1655 1458 1771 1522 frat-res
1793 1479 1869 1523 snos
1891 1457 2064 1540 sanguinis
2087 1479 2152 1522 me·

161 1552 211 1607 est
242 1543 388 1608 infestus.
444 1543 603 1608 Videmus
641 1545 727 1608 enim
762 1554 799 1610 ut
831 1543 986 1608 diabolico
1018 1542 1129 1606 furore
1180 1544 1327 1619 moriem,
1350 1565 1457 1608 nonne
1481 1552 1596 1607 mutuo
1618 1544 1716 1607 etiam
1739 1542 1873 1608 colenda
1894 1543 1974 1625 ipsis
1997 1552 2069 1607 erat
2093 1543 2151 1607 hu·

161 1636 262 1692 totum
291 1629 401 1692 orbem
428 1629 461 1692 in
490 1650 550 1694 nos
574 1630 756 1693 inflammet
778 1650 869 1712 pepe.
913 1628 1029 1710 Itaque
1051 1648 1128 1709 quo·
1181 1630 1331 1710 manitas,
1354 1627 1495 1712 nequid
1518 1627 1634 1693 hostile
1656 1628 1845 1693 tentarent?
1869 1626 1926 1693 sed
1945 1628 2008 1694 hoc
2027 1649 2152 1711 quaque

160 1733 290 1795 cunque
324 1728 489 1778 vertamus
522 1715 645 1790 oculos,
685 1716 819 1780 totidem
852 1715 964 1780 infesti
996 1715 1037 1777 ad
1072 1734 1129 1776 nos
1182 1713 1335 1778 eeclesiae
1368 1715 1460 1796 quasi
1493 1715 1591 1779 fatale
1619 1723 1685 1792 est,
1718 1736 1783 1779 non
1813 1714 1909 1779 modo
1938 1714 1979 1778 ab
2010 1717 2153 1779 externis

161 1798 315 1864 delendos
344 1804 506 1865 exercitus
535 1811 715 1874 occurrent,
745 1801 802 1866 sed
832 1800 886 1865 ubi
908 1799 1129 1873 statuerimus,
1181 1798 1328 1864 hostibus
1346 1800 1471 1882 impeti,
1490 1800 1546 1864 sed
1565 1799 1640 1883 plus
1659 1799 1880 1865 molestiarum
1900 1799 1941 1863 ab
1960 1798 2152 1864 adulterinis

161 1885 244 1948 nihil
271 1885 365 1950 nobis
388 1886 532 1950 accidere
555 1887 640 1965 novi,
672 1887 774 1951 veteri
795 1887 946 1952 ecclesiae
967 1887 1032 1949 fato
1055 1906 1128 1948 con·
1182 1885 1339 1950 fratribus
1369 1886 1515 1950 sufferre.
1560 1886 1665 1951 Sicuti
1696 1884 1791 1949 hodia
1820 1885 1904 1949 nulli
1932 1886 2152 1966 importunius

160 1969 365 2035 firmabimur
397 1970 437 2033 ad
466 1972 688 2054 tolerantiam,
722 1973 823 2037 donec
853 1973 1006 2036 virtutem
1036 1990 1128 2034 suam
1181 1970 1217 2033 in
1240 1992 1298 2036 nos
1320 1972 1491 2036 insaniunt
1513 1991 1609 2054 quam
1633 1971 1809 2055 degeneras
1833 1970 2026 2037 Christiani.

162 2066 296 2138 repente
331 2057 421 2121 Deus
454 2069 600 2134 exseret,
633 2077 715 2139 quae
748 2057 818 2121 sola
851 2056 891 2121 ad
925 2054 1130 2138 dissipandos

162 2162 275 2206 omnes
293 2142 404 2205 mundi
424 2152 558 2208 conatus
576 2143 724 2208 sufficiet.
757 2144 913 2208 Porrone
928 2141 1130 2224 ambigerent
1269 2141 1316 2207 10.
1348 2141 1416 2207 Fac
1448 2143 1514 2207 illis
1545 2143 1626 2207 sicut
1659 2140 1866 2218 Mediuuitis,
1899 2144 1982 2206 suut
2013 2140 2150 2216 Sisarae,

161 2227 273 2291 fideles
295 2247 336 2289 an
356 2227 417 2291 sibi
441 2239 589 2310 peratum
609 2238 694 2294 esset
712 2250 730 2293 a
747 2229 836 2292 coelo
854 2228 1022 2306 auxilium,
1044 2226 1130 2290 clere
1180 2227 1260 2291 eiust
1282 2226 1385 2304 Iohia,
1404 2229 1440 2293 ia
1461 2232 1594 2292 torrente
1616 2226 1718 2294 Giton.
1768 2227 1814 2291 ll.
1841 2226 2011 2291 Perierunt
2033 2227 2068 2290 ic
2090 2226 2151 2291 En·

162 2314 304 2376 affirmat
331 2313 498 2397 propheta,
528 2314 649 2379 bellum
679 2334 751 2379 cum
776 2315 847 2378 Deo
872 2316 1037 2396 suscipere
1059 2312 1128 2394 qui·
1181 2313 1247 2391 dor,
1275 2313 1403 2395 fueruat
1430 2318 1546 2378 dacus
1567 2318 1678 2377 terroe.
1725 2313 1775 2378 12.
1802 2313 1884 2378 Pone
1905 2333 1965 2391 eos,
1990 2315 2152 2394 principes

162 2418 288 2479 cunque
321 2399 490 2463 ecelesiam
522 2401 689 2479 infestant,
729 2421 812 2482 quae
845 2400 1026 2466 sustinetur
1059 2398 1130 2461 cius
1183 2418 1290 2462 corum
1317 2400 1398 2462 sicet
1431 2399 1517 2477 Oreb,
1551 2399 1697 2463 crima
1726 2398 1796 2475 Ζεῦ,
1825 2403 1852 2462 at
1880 2399 1975 2464 sicuti
2005 2397 2098 2478 Zehu,
2127 2402 2152 2461 ct

160 2483 350 2566 patrocinio.
403 2485 532 2551 Scimus
565 2486 653 2550 enim
686 2507 750 2568 qua
779 2484 850 2570 lege
879 2485 1069 2567 pronuntiet
1094 2503 1129 2546 se
1181 2485 1273 2548 aucti
1305 2483 1475 2561 Selmena,
1509 2504 1612 2549 omisca
1638 2485 1802 2566 principes
1838 2504 1953 2549 corum.
2010 2483 2062 2547 13.
2094 2483 2152 2564 Qui

161 2569 253 2634 nohis
286 2569 354 2634 fore
386 2572 625 2648 auxiliatorem,
658 2571 725 2651 Qui
757 2572 862 2654 tangit
895 2590 966 2648 ros,
997 2567 1129 2654 (inquit)
1181 2570 1556 2635 diccructsHaereditote
1562 2571 1781 2653 possideamus
1792 2569 1881 2636 nohis
1891 2569 2071 2635 habitaculo
2081 2569 2150 2634 Dei.

160 2656 268 2737 tangit
297 2656 452 2738 pupillam
480 2656 565 2720 oculi
595 2657 668 2730 mei,
698 2656 796 2719 Zeoh.
825 2676 895 2737 cap.
926 2656 954 2731 2,
986 2676 1068 2719 vers.
1099 2653 1147 2718 8.·

161 2741 204 2804 Et
228 2740 312 2821 quod
336 2740 458 2804 dictum
481 2740 546 2804 fuit
568 2740 631 2804 alio
650 2740 782 2805 Psalmo
806 2741 845 2805 de
863 2740 1065 2820 patriarchis,
1088 2736 1129 2802 ad
1269 2738 1318 2803 10.
1342 2736 1533 2825 (Factae.)
1576 2741 1750 2822 Postquam
1782 2740 1822 2806 de
1852 2739 2058 2825 gravissimis
2085 2740 2151 2804 suis

160 2845 272 2889 omnes
289 2823 400 2889 fideles
415 2826 618 2890 extenditur:
637 2824 688 2889 Ne
704 2825 847 2909 tangatis
859 2826 1008 2891 Christos
1026 2844 1127 2888 meos:
1182 2824 1445 2907 oppressionIbus
1463 2826 1630 2907 conquesti
1647 2838 1723 2889 sunt
1741 2826 1863 2908 fideles,
1882 2847 1944 2908 quo
1962 2826 2152 2908 propensior

160 2920 194 2974 et
222 2931 263 2974 ne
292 2911 362 2975 sitis
391 2911 518 2975 molesti
550 2912 717 2994 prophetis
746 2912 837 2992 meis,
867 2911 954 2976 Psal.
978 2910 1050 2988 105,
1080 2908 1128 2974 15.
1182 2919 1266 2974 esset
1288 2909 1379 2975 Deus
1408 2911 1449 2975 ad
1473 2931 1566 2993 opem
1590 2910 1766 2989 ferendam,
1797 2934 1883 2977 nnnc
1906 2913 1938 2975 in
1964 2914 2151 2976 memoriam

160 2995 245 3060 Nam
275 2997 461 3061 unctionem
485 3018 549 3078 qua
571 3018 629 3062 nos
652 2998 804 3081 signavit,
835 2997 999 3063 saltasse
1022 2997 1129 3080 clypei
1181 3005 1341 3059 revocant
1372 3016 1469 3080 quam
1503 3017 1598 3079 saepe
1628 2995 1806 3079 desperatis
1837 2997 1947 3080 populi
1975 2999 2027 3062 aui
2059 2996 2152 3061 rebus

160 3080 240 3158 loco,
270 3083 325 3163 qui
352 3102 410 3147 nos
434 3083 541 3147 salvos
565 3098 598 3146 et
620 3084 798 3148 incolumes
820 3093 971 3165 praestet.
1013 3080 1129 3162 Quan-
1182 3081 1361 3145 remedium
1384 3081 1541 3146 attulerit.
1580 3082 1677 3148 Unde
1699 3082 1852 3167 colligere
1874 3093 2063 3166 promptum
2085 3082 2153 3161 fuit,

161 3187 258 3249 quem
282 3168 384 3250 igitur
406 3190 470 3232 non
493 3168 672 3232 intulerant
694 3189 734 3231 ex
757 3169 901 3250 professo
920 3168 1038 3232 bellum
1058 3167 1129 3230 Deo
1182 3166 1290 3231 Deum
1321 3168 1467 3232 consulto
1498 3169 1657 3232 auxilium
1687 3189 1782 3232 suum
1813 3169 1952 3248 differre,
1981 3167 2060 3232 dum
2084 3189 2152 3250 pre·

161 3255 216 3337 qui
246 3253 298 3317 hio
329 3267 543 3318 numerantur
574 3253 702 3336 populi:
731 3254 806 3335 quia
827 3263 938 3318 tamen
961 3253 1016 3317 uhi
1038 3253 1130 3317 Deus
1182 3262 1318 3317 muntur
1346 3254 1416 3318 eius
1445 3255 1542 3331 servi,
1573 3263 1610 3318 ut
1637 3254 1830 3318 mirabiliter
1851 3254 1885 3318 in
1908 3254 2026 3318 ultima
2048 3273 2152 3318 neces·

160 3339 281 3403 iniuste
312 3360 386 3404 suos
409 3340 520 3422 impeti
543 3340 643 3418 videt,
675 3340 817 3403 medium
840 3361 874 3404 se
896 3339 1066 3404 constituit
1088 3337 1128 3401 ad
1183 3340 1280 3403 sitate
1320 3339 1456 3420 perditis
1498 3350 1675 3404 succurrat.
1730 3339 1823 3405 Duas
1856 3351 1964 3404 autem
1998 3340 2152 3404 historias

150 3424 367 3489 'sustinendos
394 3425 550 3489 insultus:
582 3426 697 3489 merito
720 3424 800 3488 dicit
822 3425 990 3508 propheta,
1018 3445 1130 3489 omnes
1182 3424 1296 3488 miscet
1314 3424 1488 3505 Propheta,
1512 3426 1588 3507 quia
1606 3424 1717 3489 debuit
1735 3447 1800 3489 uno
1818 3435 1972 3490 contextu
1991 3425 2155 3508 prosequi,

160 3509 233 3573 illos
262 3508 374 3574 foedus
404 3512 564 3595 pepigisse
594 3521 707 3575 contra
736 3512 854 3575 Deum.
901 3509 1004 3576 Sicuti
1034 3509 1130 3573 hodie
1183 3509 1250 3574 Fac
1271 3509 1337 3573 illis
1357 3511 1438 3574 sicud
1459 3508 1652 3575 Modiaaitia
1678 3509 1987 3576 {occurreremus
2034 3510 2154 3575 Inserit

161 3595 307 3677 papistae
335 3617 434 3677 quum
463 3595 617 3661 danobis
641 3594 815 3678 perdendis
837 3596 973 3662 consilia
995 3596 1129 3675 agitant,
1183 3603 1293 3659 autem
1314 3594 1438 3659 cladem
1459 3596 1553 3661 Iebin
1577 3608 1610 3660 at
1633 3594 1780 3662 Sisarae:
1809 3596 1865 3660 ssd
1887 3597 1922 3660 in
1944 3595 2154 3661 distinctione

161 3681 188 3745 si
212 3682 283 3762 quis
306 3691 400 3765 roget
422 3703 461 3746 an
485 3683 634 3747 fortiores
657 3683 727 3746 Dec
753 3683 819 3745 sint
840 3681 952 3761 futuri,
982 3681 1130 3764 protinus
1183 3701 1247 3745 non
1278 3680 1419 3745 multum
1447 3681 1509 3745 fuit
1532 3684 1698 3757 momenti,
1730 3682 1806 3764 quia
1827 3682 1908 3746 setis
1931 3682 2073 3746 habehat
2094 3681 2154 3746 sibi

163 3768 334 3849 excipient,
369 3767 430 3831 sibi
460 3789 525 3832 nou
555 3789 625 3833 esse
653 3768 686 3831 in
713 3768 823 3831 animo
849 3768 1018 3851 gigantum
1041 3787 1131 3830 more
1182 3774 1215 3829 et
1244 3766 1377 3848 reliquis
1407 3766 1555 3832 fidelibus
1585 3787 1762 3851 suggerere
1793 3788 1875 3850 quae
1898 3768 1988 3832 Deus
2017 3766 2097 3831 olim
2120 3767 2154 3830 in

161 3852 285 3917 coelum
307 3854 468 3932 invadere,
491 3853 547 3918 sed
571 3856 647 3936 quia
670 3853 859 3935 pronuntiat
882 3852 982 3923 Deus.
1005 3853 1131 3934 quoties
1182 3850 1349 3915 liberando
1367 3853 1485 3934 populo
1502 3853 1631 3934 saepius
1648 3852 1793 3917 ediderat
1811 3852 1978 3918 miracula.
2012 3851 2155 3917 Summa

162 3940 284 4003 iniuste
302 3937 471 4015 laedimur,
491 3962 526 4004 se
545 3960 672 4022 quoque
691 3938 823 4003 violari:
847 3960 888 4003 ex
906 3938 982 4003 fidei
999 3937 1132 4019 specula
1183 3938 1268 4001 enim
1292 3935 1354 4001 huo
1378 3937 1489 4012 tendit,
1514 3939 1628 4012 Deum,
1653 3941 1707 4021 qui
1728 3938 1825 4003 toties
1847 3939 2028 4021 profligetis
2052 3938 2155 4002 hosti·

163 4022 260 4106 longe
291 4044 351 4088 nos
383 4027 568 4109 prospicere
601 4025 755 4089 convenit
785 4024 870 4106 quod
904 4025 966 4108 ipsi
999 4022 1130 4088 tandem
1184 4023 1243 4088 bus
1272 4022 1407 4106 parides
1432 4044 1510 4087 ovas
1542 4044 1617 4089 suas
1639 4045 1656 4088 e
1678 4023 1826 4088 faucibus
1850 4025 1999 4106 luporum
2022 4024 2155 4107 eripuit,

163 4109 280 4173 effectu
303 4111 373 4191 ipso
394 4114 544 4176 sentient.
591 4109 772 4175 Coresultorc
793 4111 890 4185 corde,
921 4109 1051 4192 qnidam
1074 4131 1130 4172 ex·
1184 4129 1246 4172 nen
1281 4109 1413 4173 destitui
1447 4130 1534 4174 nunc
1565 4109 1677 4173 eadem
1712 4110 1842 4173 virtute.
1894 4109 2025 4175 Scimus
2055 4129 2156 4190 quam

164 4204 298 4275 ponunt,
328 4206 461 4260 strenue
492 4208 523 4261 et
546 4218 664 4279 magno
687 4196 793 4260 studio
815 4194 1003 4272 deliberare,
1034 4193 1132 4260 sicuti
1183 4194 1318 4259 mirifice
1341 4194 1458 4276 populo
1480 4215 1538 4276 per
1560 4215 1693 4259 manum
1711 4192 1876 4261 Gedeonis
1898 4195 2078 4276 opitulatus
2100 4195 2156 4270 sit,

164 4279 254 4343 Fieri
284 4302 326 4344 ex
356 4284 464 4345 animo
494 4282 632 4346 dicimus
661 4281 744 4363 quod
767 4284 805 4345 tit
832 4281 916 4345 serio
940 4281 1131 4361 ardentique
1183 4278 1284 4344 ludio.
1315 4281 1345 4344 6.
1399 4278 1514 4344 Videri
1547 4281 1632 4344 enim
1667 4281 1772 4363 potuit
1804 4301 1929 4344 merum
1963 4279 2158 4358 ludibrium,

167 4366 296 4430 effectu.
341 4365 407 4432 Sed
436 4368 544 4451 potius
567 4368 628 4432 hec
650 4388 730 4432 voce
752 4367 936 4431 reconditos
958 4376 1050 4430 astus
1073 4386 1130 4429 no·
1183 4365 1363 4446 quodcum
1385 4363 1585 4430 validissimo
1608 4367 1752 4431 exercitu
1770 4364 1921 4449 congredi
1940 4386 2038 4430 ausus
2057 4367 2160 4429 fuerit

165 4460 235 4514 tere
268 4451 370 4516 voluit
402 4452 576 4535 propheta,
610 4452 649 4516 de
678 4453 795 4535 quibus
824 4451 921 4534 paulo
951 4462 1026 4516 ante
1055 4471 1131 4516 con·
1184 4451 1331 4533 Gedeon,
1361 4472 1426 4515 non
1457 4451 1520 4516 nisi
1551 4461 1710 4517 trecentos
1738 4452 1859 4515 milites
1887 4472 1998 4516 secum
2020 4452 2158 4527 ducens,

165 4547 296 4618 questus
318 4547 376 4602 est.
423 4539 569 4603 Tentoria
592 4537 703 4617 Edem,
726 4536 858 4619 quidam
876 4539 1069 4621 interpretes
1092 4534 1132 4599 ad
1184 4539 1375 4619 praesertim
1403 4537 1459 4617 qui
1488 4537 1622 4602 servitio
1653 4538 1785 4617 assueti,
1816 4536 1883 4601 solo
1907 4535 2158 4602 dominatorum

165 4621 315 4687 bellicum
333 4635 527 4707 apparatum
547 4623 703 4702 referunt,
726 4643 762 4687 ao
780 4623 808 4686 si
827 4622 948 4688 diceret
965 4622 1132 4706 prophete,
1184 4622 1339 4704 adspectu
1380 4623 1493 4686 terreri
1527 4631 1686 4704 poterant.
1742 4622 1845 4704 Atqui
1877 4623 1998 4686 factum
2031 4635 2084 4687 est
2119 4635 2159 4687 ut

164 4708 295 4772 venisse
317 4708 398 4772 bene
421 4713 596 4774 instructos
619 4728 691 4771 cum
716 4708 863 4772 tentoriis
881 4708 921 4772 ud
940 4707 1132 4791 protrahen·
1184 4706 1384 4772 Madianitae
1406 4707 1528 4773 mutuis
1551 4707 1743 4773 vulneribus
1764 4705 1982 4773 conciderent.
2025 4707 2159 4773 Eadem

166 4791 244 4856 dum
264 4793 399 4858 ballum:
421 4795 477 4860 sed
495 4795 623 4860 videtur
641 4794 750 4875 potius
768 4794 912 4858 alludere
927 4793 968 4858 ed
984 4795 1131 4878 gentium
1183 4793 1247 4857 Dei
1276 4793 1382 4877 gratia
1402 4794 1436 4856 in
1460 4793 1557 4858 caede
1579 4792 1710 4859 Sisarae
1732 4804 1764 4858 at
1786 4795 1872 4877 regis
1893 4793 1987 4857 Iabin
2012 4794 2158 4871 refulsit,

166 4878 296 4942 illarum
336 4902 473 4959 morem,
512 4882 587 4963 quia
619 4879 680 4945 sub
714 4879 931 4943 tabernaculis
964 4879 1133 4961 degebant
1183 4879 1334 4943 Indicum
1364 4878 1483 4942 4nam
1512 4880 1667 4962 crispiciis
1689 4880 1834 4944 mulieris
1857 4877 1951 4943 ambo
1974 4891 2056 4944 sunt
2079 4900 2158 4962 pro·

168 4962 364 5046 Quanquam
394 4967 605 5051 hyperbolica
626 4977 677 5030 est
698 4965 859 5046 loquutio:
893 4987 930 5030 ac
953 4966 979 5029 si
1003 4965 1132 5040 diceret,
1157 4971 1161 5082 p
1183 4965 1286 5048 fligati
1314 4964 1495 5039 aBerach,
1525 4966 1580 5046 qui
1608 4966 1797 5048 ingentibus
1825 4985 1936 5030 eorum
1959 4965 2060 5047 copiis
2083 4967 2158 5029 exi·

167 5052 296 5131 tuguria
326 5050 456 5116 illorum
486 5053 555 5117 suis
576 5052 655 5116 locis
677 5052 775 5115 fuisse
798 5051 920 5126 evulsa,
950 5060 1043 5115 tanta
1064 5057 1134 5114 erat
1207 5070 1282 5113 uam
1305 5069 1438 5113 manum
1461 5070 1622 5132 opponere
1644 5071 1742 5115 ausus
1763 5061 1822 5115 cst.
1866 5050 1945 5114 Dux
1967 5053 2065 5115 etiam
2085 5053 2158 5133 ipse

167 5134 310 5200 bellandi
349 5137 520 5221 cupiditas.
577 5139 627 5202 De
668 5137 806 5221 singulis
840 5146 948 5200 autem
980 5136 1133 5220 gentibus
1183 5070 1296 5200 {isara
1326 5155 1389 5199 oon
1418 5135 1544 5200 fortiter
1573 5136 1606 5199 in
1631 5134 1752 5219 proelio
1782 5136 1942 5210 occubuit,
1973 5135 2030 5201 sed
2053 5157 2157 5218 quum

165 5223 292 5287 curiose
331 5244 397 5287 non
441 5223 580 5302 dissero,
620 5223 696 5306 quia
729 5223 832 5286 maior
864 5242 940 5305 pars
973 5222 1134 5306 frequenti
1185 5223 1219 5284 in
1249 5219 1390 5285 latebras
1420 5222 1565 5305 fugisset,
1594 5220 1744 5285 muliebri
1773 5242 1872 5286 manu
1899 5241 2072 5304 percussus
2094 5232 2156 5287 est.
