4658 5856
213 338 273 404 331
1010 330 1226 400 Paruulus
1249 331 1419 398 XXXIII.
2146 338 2210 406 332

299 525 348 589 13.
389 521 440 609 (E
457 521 555 602 coelia,
581 519 647 606 cto.)
691 519 907 602 Prosequitur
943 519 1080 586 eandem
1114 519 1186 586 doc·
1239 540 1273 585 se
1295 528 1450 603 reputant
1473 522 1626 588 mortales
1649 545 1727 604 esse,
1758 525 1844 592 hanc
1865 546 1994 610 quoqne
2022 548 2060 593 su
2084 528 2208 594 erbiam

213 611 342 686 trinam,
373 630 438 674 non
470 608 592 673 versari
621 606 745 672 scilicet
775 605 906 671 fortuito
938 626 991 671 res
1012 606 1185 687 humanas,
1238 606 1341 689 magis
1356 605 1495 672 obdurat
1512 608 1613 674 stulta
1628 610 1721 693 vulgi
1738 609 1919 690 admiratio,
1943 612 2020 677 dum
2094 633 2208 680 eorum

213 696 269 764 sed
291 697 401 760 Deum
424 694 549 760 occulte
571 691 712 775 dirigere
734 691 893 774 quidquid
916 691 1035 775 agitur.
1069 692 1183 770 Porro,
1236 692 1415 775 potentiam
1438 691 1645 776 obstupescit.
1691 693 1788 777 Quod
1811 699 1960 780 sineque
1981 719 2042 763 rex
2063 699 2131 764 suis
2154 721 2208 766 co·

211 782 275 848 Dei
299 782 454 847 intuitum
475 779 547 844 ideo
569 776 785 859 commendat,
806 786 844 841 nt
865 797 924 843 nos
944 777 1084 842 vicissim
1107 776 1183 842 fidei
1236 777 1309 861 piis,
1339 797 1399 843 nec
1420 778 1514 862 giges
1536 799 1594 845 suo
1617 779 1741 860 robore,
1770 781 1906 849 simulac
1937 793 2070 848 ventum
2093 797 2142 851 est
2164 785 2206 850 ad

211 868 315 934 oculis
336 865 533 932 invisibilem
563 863 635 929 eius
663 863 901 947 providentiam
931 862 1097 947 adspicere
1120 862 1183 928 dis·
1236 861 1366 945 aliquod
1390 862 1575 945 discrimen,
1597 867 1708 933 salvus
1729 867 1857 934 evadit:
1879 869 2000 934 frustra
2014 878 2118 935 totum
2143 871 2207 936 hn-

212 974 333 1023 camus.
358 951 430 1017 Etsi
452 952 539 1017 enim
561 947 602 1014 ob
617 949 727 1014 oculos
752 946 846 1014 nobis
864 949 994 1014 assidue
1009 959 1184 1014 versantur
1236 968 1371 1014 manum
1395 969 1510 1033 genus,
1534 950 1647 1018 relicta
1669 952 1733 1017 Dei
1755 953 1972 1036 providentia,
1994 954 2035 1019 ad
2057 963 2207 1021 terrenas

213 1041 302 1107 clara
323 1039 395 1103 eius
416 1036 618 1113 documenta,
647 1034 751 1100 maior
780 1043 891 1099 tamen
913 1056 989 1118 pars
1011 1034 1182 1099 hominum
1235 1055 1312 1117 opes
1334 1034 1566 1118 circumspicit.
1610 1037 1706 1104 Unde
1728 1039 1876 1121 sequitur
1908 1039 1991 1105 nihil
2016 1060 2087 1106 esse
2107 1063 2206 1107 mise-

212 1125 362 1200 caccutit,
391 1131 425 1188 ct
450 1144 508 1207 pro
537 1142 598 1187 sua
622 1120 776 1187 caecitate
799 1120 962 1186 fortunam
986 1140 1113 1186 caecam
1136 1120 1184 1184 fa·
1236 1121 1304 1185 rius
1327 1128 1394 1184 tam
1413 1120 1553 1186 fortibus
1574 1143 1670 1206 quam
1693 1124 1841 1204 infirmis,
1865 1087 1967 1192 donec
1988 1126 2022 1191 in
2038 1126 2100 1192 Dei
2115 1148 2210 1210 prae-

212 1212 329 1290 bricat,
360 1210 425 1273 imo
457 1228 521 1291 quo
555 1206 688 1272 uberius
722 1218 755 1269 et
787 1205 931 1290 pleniore
964 1207 1054 1290 copia
1088 1226 1181 1270 suam
1236 1205 1355 1270 sidium
1385 1205 1586 1273 recumbant.
1630 1208 1786 1275 Proximo
1816 1230 1914 1275 versu
1943 1208 2004 1276 sub
2032 1231 2112 1278 vooe
2134 1214 2208 1295 equi

213 1298 390 1364 bonitatem
409 1294 444 1358 in
462 1313 521 1358 nos
539 1290 687 1371 effundit,
711 1292 818 1356 minus
840 1290 882 1355 ad
903 1312 979 1357 eum
1000 1291 1180 1358 attollimus
1235 1291 1373 1375 quodvis
1406 1291 1521 1356 auxilii
1554 1314 1659 1377 genus
1691 1315 1750 1377 per
1782 1295 2010 1381 synecdochen
2039 1295 2207 1381 designat:

213 1403 328 1450 sensus
361 1391 497 1456 nostros,
531 1378 587 1444 sed
621 1385 828 1461 praepostere
860 1378 894 1442 in
928 1386 1063 1443 externa
1097 1397 1182 1460 quae
1235 1378 1263 1442 si
1298 1375 1429 1460 quidem
1463 1378 1496 1441 in
1529 1398 1648 1461 genere
1680 1381 1792 1459 sentit,
1826 1381 1883 1463 qni
1916 1383 2057 1447 terrenis
2089 1383 2207 1449 mediis

213 1470 425 1536 circumstant
447 1463 563 1542 media,
585 1464 644 1528 fixi
665 1462 847 1528 subsidunt.
888 1463 985 1527 Hanc
1008 1462 1182 1546 indignlta
1235 1463 1337 1528 vitam
1365 1481 1457 1526 suam
1487 1464 1587 1545 probe
1615 1467 1775 1530 munitam
1807 1467 2008 1545 existimant,
2038 1476 2077 1532 ut
2103 1469 2208 1552 pluri·

213 1563 279 1619 tem
303 1553 441 1634 castigat
462 1551 632 1634 propheta,
654 1549 729 1631 quia
750 1547 840 1613 nulla
863 1550 995 1632 gravior
1018 1550 1089 1614 Deo
1111 1548 1182 1613 ficri
1235 1569 1325 1613 mum
1357 1548 1391 1611 in
1425 1547 1496 1630 ipsc
1525 1550 1661 1615 articulo
1690 1551 1834 1628 destitui,
1867 1562 1900 1616 et
1929 1553 2047 1618 misere
2077 1552 2208 1620 delusos

213 1648 321 1725 potest
351 1637 480 1714 iniuria,
513 1655 611 1718 quam
641 1634 696 1699 ubi
724 1633 812 1699 coelo
835 1636 958 1699 otiosus
988 1633 1181 1699 includitur:
1235 1635 1350 1718 perire.
1383 1641 1419 1697 ut
1447 1634 1508 1700 hoc
1537 1634 1631 1701 modo
1660 1656 1770 1701 eorum
1801 1635 1976 1703 stultitiam
1998 1638 2090 1704 Dens
2119 1659 2209 1705 coar·

235 1724 290 1790 uia
312 1721 446 1807 perinde
468 1730 518 1786 cst
539 1741 577 1786 ac
598 1721 626 1786 si
647 1719 681 1784 in
704 1720 852 1803 sepulcro
881 1720 1002 1786 iaceret
1024 1719 1182 1803 sepultus.
1235 1729 1324 1804 guat.
1359 1719 1482 1783 Verum
1506 1720 1638 1803 quidem
1661 1733 1719 1801 est,
1742 1744 1801 1788 nec
1823 1722 1946 1787 frustra
1967 1744 2061 1807 reges
2083 1726 2208 1790 armari

213 1746 331 1892 Qualis
359 1808 447 1873 enim
476 1806 540 1871 Dei
569 1806 645 1883 vita,
679 1805 708 1870 si
736 1806 818 1870 nihil
840 1813 963 1886 cernat,
994 1805 1045 1871 vel
1068 1807 1184 1873 curet?
1235 1803 1354 1890 gladio,
1384 1822 1444 1869 neo
1466 1826 1707 1888 supervacuum
1738 1828 1808 1873 esee
1830 1829 1986 1891 equorum
2010 1830 2117 1892 usum,
2146 1832 2207 1876 nec

214 1896 335 1972 Porro,
375 1894 435 1958 sub
468 1911 548 1957 voce
578 1891 651 1956 solli
684 1912 704 1955 a
734 1891 1006 1974 consequentibus
1042 1891 1184 1958 ostendit
1235 1896 1319 1973 quas'
1340 1891 1430 1954 Dens
1463 1909 1540 1973 opes
1572 1901 1606 1956 ct
1635 1894 1743 1975 copias
1772 1893 1812 1956 ad
1846 1892 2003 1958 tuendam
2033 1894 2205 1960 hominum

215 2002 311 2066 quam
335 1978 495 2045 absurdus
518 1977 562 2042 sit
584 1985 705 2059 stupor,
729 1975 837 2041 Deum
868 1999 965 2042 sensu
996 1987 1029 2042 et
1059 1976 1184 2042 intelli·
1236 1977 1336 2041 vitam
1366 1975 1569 2057 suppeditat,
1604 1997 1675 2043 esse
1704 1978 1851 2059 inutiles,
1886 1979 2044 2062 siquidem
2077 1991 2205 2046 rectum

238 2067 326 2132 entia
359 2064 491 2129 nudare.
547 2061 719 2147 Significat
757 2062 854 2140 enim,
888 2063 1012 2128 coelum
1045 2084 1110 2129 non
1143 2064 1183 2129 ad
1235 2063 1373 2143 quisque
1390 2060 1523 2126 modum
1542 2062 1576 2127 in
1596 2083 1659 2129 usu
1681 2064 1751 2146 ipso
1770 2074 1910 2129 teneret:
1933 2064 1991 2130 scd
2008 2067 2084 2148 quia
2103 2068 2207 2131 maior

215 2088 357 2229 delicias,
391 2161 428 2214 ut
456 2149 620 2215 somniant
641 2148 802 2231 Epicurei,
829 2147 966 2213 otiosum
997 2169 1069 2214 esse
1097 2149 1184 2232 pala·
1235 2168 1320 2230 pars,
1338 2167 1402 2229 quo
1419 2146 1568 2230 pluribus
1587 2149 1692 2214 cincta
1709 2158 1758 2214 eat
1780 2151 2002 2229 munimentis,
2020 2171 2057 2215 eo
2075 2152 2207 2236 longius

215 2238 309 2315 tium,
331 2234 389 2301 scd
409 2235 531 2316 regiam
553 2256 572 2301 e
593 2255 656 2317 qua
677 2234 850 2316 imperium
872 2254 966 2300 suum
990 2255 1048 2318 per
1070 2254 1184 2300 omnes
1235 2234 1336 2297 aDeo
1351 2232 1480 2310 recedit,
1498 2234 1641 2316 falsaque
1656 2236 1889 2320 imaginatione
1906 2246 2036 2319 portum
2054 2237 2096 2302 ab
2114 2239 2206 2303 omni

215 2322 329 2389 mundi
358 2332 467 2405 partes
497 2330 654 2387 exerceat.
700 2318 797 2401 Quod
825 2319 854 2385 si
880 2320 915 2384 in
944 2321 1107 2386 coelorum
1131 2342 1183 2386 sa·
1234 2317 1383 2384 molestia
1398 2317 1579 2384 immunem
1595 2319 1656 2385 sibi
1678 2322 1789 2405 fingit:
1811 2321 1882 2386 iure
1898 2323 1989 2388 Deus
2005 2322 2090 2387 hano
2111 2344 2204 2388 vesa-

215 2409 320 2477 orario
349 2407 457 2472 sedem
481 2405 522 2472 ad
544 2407 653 2472 orbem
683 2403 862 2489 regendum
891 2407 952 2470 sibi
980 2406 1107 2486 locavit,
1136 2427 1184 2471 se
1235 2404 1324 2468 niam
1357 2403 1541 2471 frustratur.
1596 2405 1683 2471 Hinc
1716 2408 1754 2471 lit
1785 2416 1823 2471 ut
1854 2425 1950 2490 saepe
1983 2407 2055 2474 sine
2086 2408 2205 2474 effectu

215 2495 336 2578 quitur,
365 2493 498 2557 minime
527 2493 693 2576 negligere
715 2512 768 2555 ros
791 2500 947 2570 terrenas,
976 2491 1032 2557 sed
1055 2513 1183 2558 summa
1235 2491 1372 2554 effluant
1393 2488 1456 2552 Dei
1479 2490 1581 2555 dona:
1613 2493 1766 2574 quoniam
1789 2513 1828 2558 ea
1850 2493 1990 2558 mundus
2020 2492 2061 2558 ab
2090 2503 2206 2560 autore

215 2580 341 2646 ratione
363 2591 396 2643 et
417 2578 577 2662 sapientia
599 2599 655 2642 eas
676 2576 846 2641 moderari.
1236 2595 1398 2657 separans,
1421 2576 1490 2639 eius
1512 2597 1637 2658 quoque
1658 2576 1884 2645 benedictione
1905 2579 2064 2661 privatur.

302 2665 351 2730 15.
375 2663 455 2750 (Qui
472 2664 568 2745 finxit
589 2663 684 2727 amul
704 2660 821 2747 eorda.)
861 2662 1002 2727 Videtur
1024 2661 1085 2729 hoc
1108 2661 1184 2728 data

215 2771 313 2836 opera
346 2751 443 2815 luisse
474 2747 629 2825 additum,
664 2767 726 2830 quo
759 2747 820 2812 sibi
850 2756 939 2812 certo
968 2747 1184 2831 persuadeant
1323 2747 1372 2812 18.
1416 2746 1496 2811 Ecce
1527 2747 1634 2812 oculas
1663 2746 1797 2814 Ielovcc
1829 2768 1924 2828 asper
1954 2749 2095 2816 timeres
2124 2771 2205 2835 euos,

215 2836 336 2914 fideles,
372 2846 536 2917 utcunque
571 2854 606 2898 se
639 2832 783 2909 astutiis,
816 2831 995 2912 fraudibus,
1028 2844 1061 2898 et
1093 2835 1182 2899 olan·
1235 2834 1291 2917 qui
1317 2837 1442 2915 operam
1470 2833 1504 2897 io
1530 2833 1747 2899 misericordia
1777 2836 1860 2900 eiua:
1904 2833 1954 2898 19.
1982 2835 2021 2902 Ut
2045 2836 2165 2916 eripiat
2186 2859 2208 2902 c

216 2922 352 2986 destinis
374 2917 499 2985 artibus
517 2918 694 2985 subducere
716 2941 735 2984 a
752 2919 816 2984 Dei
834 2928 1008 3002 conspectu
1026 2929 1184 2986 conentur
1235 2924 1329 2984 mute
1350 2919 1475 2984 animoa
1496 2938 1611 2997 eorum,
1631 2924 1659 2983 et
1679 2920 1810 3002 vivificet
1831 2939 1883 2986 coe
1903 2920 1941 2984 io
1958 2921 2051 3003 fame.

215 3006 317 3091 impii,
340 3018 373 3070 et
394 3005 456 3070 sibi
478 3024 634 3072 cavernas
657 3004 815 3070 effodere:
846 3005 908 3069 Dei
939 3013 1049 3069 tamen
1073 3005 1183 3072 oculos

215 3101 388 3178 penetrare
415 3091 450 3156 in
479 3092 559 3156 istas
588 3090 748 3157 tenebras.
792 3089 845 3156 Ab
873 3091 945 3174 ipsa
966 3099 1074 3156 autem
1098 3111 1185 3158 crea·
1322 3090 1372 3155 18.
1395 3087 1488 3175 (Ecce
1505 3088 1634 3175 oculas.)
1667 3089 1845 3174 Postquam
1868 3090 1986 3171 docuit,
2008 3090 2091 3157 nibil
2107 3114 2208 3177 saepe

216 3179 305 3243 tione
338 3176 557 3256 ratiocinatur,
590 3177 660 3241 fieri
691 3197 758 3241 non
791 3197 884 3260 posse
914 3177 992 3259 quin
1024 3177 1113 3243 Deus
1142 3178 1183 3242 ad
1235 3174 1390 3260 prodesse
1410 3194 1619 3258 quaecunque
1647 3185 1806 3258 putantur
1833 3175 1874 3242 ad
1896 3175 2033 3243 tuendos
2055 3178 2208 3244 homines

215 3264 377 3329 rationem
410 3271 443 3326 et
475 3262 628 3327 iudicium
663 3262 796 3327 consilia
829 3262 1000 3326 hominum
1034 3262 1183 3346 factaque
1235 3262 1359 3345 optima
1380 3281 1451 3325 csso
1473 3259 1643 3344 praesidia,
1671 3263 1738 3326 imo
1772 3262 1868 3327 nihili
1890 3282 1970 3338 esse,
1998 3263 2053 3329 nbi
2083 3264 2207 3330 inillis

215 3358 319 3430 vocet,
342 3348 419 3431 quia
441 3349 501 3412 etsi
522 3349 686 3413 flexuosos
702 3349 838 3431 quisque
854 3369 1000 3414 recessus
1018 3348 1050 3413 in
1074 3349 1184 3415 animo
1235 3348 1360 3414 locatur
1384 3346 1488 3411 salus:
1517 3347 1582 3410 iam
1611 3368 1652 3411 ex
1674 3349 1821 3432 opposito
1851 3348 2063 3428 demonstrat,
2091 3349 2209 3415 fideles

216 3455 274 3499 suo
299 3434 449 3511 occultat,
479 3439 517 3497 ut
544 3434 626 3498 mire
655 3434 710 3497 alii
740 3433 780 3498 ab
803 3432 875 3498 aliis
898 3433 1059 3517 differant,
1090 3454 1127 3500 ac
1148 3434 1182 3499 in
1237 3433 1386 3516 quamvis
1408 3451 1513 3514 neque
1534 3453 1654 3516 magna
1675 3434 1823 3515 potentia
1844 3433 1912 3499 sint
1925 3433 2074 3517 praediti,
2097 3455 2206 3518 neque

215 3527 308 3584 tanta
331 3520 489 3583 varietate
511 3519 645 3583 confusa
666 3518 710 3584 sit
731 3517 848 3600 caligo:
871 3518 935 3582 Dei
950 3528 1059 3583 tamma
1075 3520 1185 3585 oculos
1235 3519 1351 3603 opibus
1372 3514 1547 3594 abundent,
1571 3520 1666 3584 unica
1688 3527 1796 3585 tamen
1820 3520 1884 3585 Dei
1901 3520 2009 3603 gratia
2029 3519 2108 3584 satis
2130 3541 2206 3587 esse

215 3625 281 3671 non
310 3604 486 3688 perstringi
520 3624 628 3686 neque
660 3603 830 3678 offuscari,
865 3605 942 3685 quin
975 3602 1109 3670 idonens
1142 3605 1186 3670 sit
1236 3614 1333 3684 tutos,
1356 3611 1389 3668 et
1409 3614 1566 3686 perpetuo
1588 3604 1695 3669 salvos
1718 3604 1796 3670 fore.
1830 3605 1903 3671 Non
1921 3604 2207 3689 parnmillustrat

215 3692 323 3774 operis
351 3689 403 3754 aui
432 3688 589 3774 cognitor.
641 3688 731 3773 Ergo
760 3709 819 3772 per
847 3688 1038 3755 adverbium
1077 3689 1185 3754 Simul
1235 3689 1413 3772 propbetas
1435 3697 1578 3753 mentem
1608 3688 1689 3754 haec
1712 3693 1918 3774 comparatio,
1947 3689 2031 3774 qnod
2055 3712 2150 3776 reges
2172 3701 2206 3757 et

214 3795 282 3841 non
304 3775 470 3859 intelligit,
493 3794 559 3839 uno
575 3776 728 3857 temporis
743 3782 908 3839 momento
923 3775 1063 3840 formata
1086 3776 1185 3841 luisse
1237 3775 1388 3858 gigantes
1427 3773 1510 3837 nibil
1551 3774 1641 3839 iuvet
1672 3776 1927 3861 inexpugnabile
1958 3797 2054 3841 snum
2089 3776 2205 3842 robur:

214 3860 386 3926 hominum
416 3859 521 3939 corda,
549 3858 605 3925 sed
634 3861 744 3925 omnia
771 3858 812 3925 ad
841 3881 943 3925 unum
973 3870 1007 3924 et
1038 3861 1109 3926 eine
1131 3881 1186 3925 ex·
1236 3869 1366 3926 sanctos
1397 3879 1474 3924 vero
1505 3860 1538 3923 in
1571 3859 1657 3924 fame
1690 3875 1722 3924 et
1755 3864 1892 3946 penuria
1924 3862 2017 3928 Dens
2049 3862 2205 3944 vivificet,

216 3948 364 4029 ceptione
394 3947 532 4011 formata
560 3967 641 4022 esse,
670 3955 708 4010 ut
735 3946 859 4010 frustra
886 3946 1035 4011 notitiam
1065 3947 1185 4013 fictoris
1236 3966 1273 4013 ac
1300 3945 1328 4011 si
1350 3946 1501 4009 restituat
1522 3944 1624 4009 vitam
1656 3949 1805 4013 mortuis.
1848 3948 1946 4013 Nunc
1968 3946 2087 4013 melius
2113 3959 2205 4014 tene·

216 4032 267 4096 sni
294 4031 396 4095 latere
426 4032 479 4096 vel
512 4031 737 4115 subterfugere
771 4039 937 4098 conentur.
982 4032 1058 4098 Huc
1087 4031 1183 4096 etiam
1237 4053 1309 4096 mus
1335 4050 1490 4113 quorsum
1520 4030 1681 4113 propheta
1710 4040 1816 4098 totum
1846 4032 1960 4099 mundi
1989 4033 2090 4098 robur
2120 4034 2208 4099 deie-

216 4126 363 4199 spectare
387 4124 491 4199 potest
513 4117 686 4193 sententia,
709 4116 869 4182 Homines
891 4119 1038 4182 erraticis
1059 4118 1184 4202 cogita·
1235 4119 1326 4192 uerit,
1350 4136 1416 4178 non
1440 4125 1475 4179 ut
1497 4117 1651 4198 prostrati
1674 4117 1803 4185 iaceant
1823 4118 1974 4184 homines
1996 4118 2130 4199 scilicet,
2152 4120 2209 4184 vel

215 4203 342 4266 tionmn
369 4222 500 4266 suarum
530 4202 695 4286 figmentis
725 4223 791 4266 non
820 4201 968 4267 minuere
990 4202 1054 4266 Dei
1083 4204 1184 4286 impe·
1236 4201 1462 4285 desperatione
1479 4201 1573 4265 fracti
1593 4215 1804 4285 marcescant,
1827 4205 1883 4270 ssd
1899 4213 1937 4269 ut
1954 4204 2102 4288 deposita
2115 4207 2208 4271 omni

215 4289 301 4352 rium
335 4287 507 4370 quominus
540 4308 659 4352 arcana
698 4308 757 4352 sua
789 4286 993 4370 providentia
1025 4298 1186 4371 temperet
1236 4287 1388 4370 superbia
1415 4287 1610 4352 contrahant
1638 4309 1750 4355 omnes
1780 4311 1856 4356 suos
1885 4311 2002 4356 sensus
2030 4289 2072 4356 ad
2101 4311 2207 4357 unum

216 4393 299 4458 quae
332 4381 448 4455 putant
477 4371 611 4436 fortuito
640 4372 796 4438 accidere.
841 4371 1001 4437 Videmus
1029 4375 1115 4438 enim
1147 4383 1185 4438 ut
1235 4374 1355 4451 Deum,
1385 4380 1419 4436 et
1447 4370 1486 4437 ab
1509 4372 1580 4438 eius
1608 4375 1710 4439 tutela
1731 4378 1835 4441 vitam
1858 4396 1950 4441 suam
1973 4377 2116 4460 pendere
2137 4387 2207 4444 sta·

215 4480 319 4526 vanas
353 4478 427 4540 spes
459 4457 520 4521 sibi
548 4456 736 4522 fabricando
769 4457 833 4522 Dei
871 4457 1027 4522 virtutem
1060 4459 1125 4523 buc
1152 4468 1185 4524 ct
1235 4466 1341 4523 tuant
1385 4459 1488 4523 Porro
1515 4459 1645 4523 oculum
1667 4460 1731 4525 Dei
1762 4461 1802 4526 ad
1832 4461 2010 4528 servandos
2038 4483 2114 4529 suos
2133 4463 2207 4529 cul·

215 4544 294 4610 illuc
327 4543 535 4620 transferant,
576 4562 635 4607 nec
668 4544 738 4608 eius
770 4562 830 4624 ope
863 4564 897 4608 se
930 4551 1046 4625 putent
1079 4565 1183 4628 egere,
1235 4555 1322 4609 tores
1344 4544 1507 4609 intentum
1530 4565 1600 4609 esse
1623 4545 1743 4625 dicens,
1771 4549 1844 4632 plus
1867 4549 2032 4632 exprimit,
2054 4569 2153 4632 qnam
2176 4551 2206 4616 si

216 4628 371 4713 quamdiu
400 4626 440 4692 ad
470 4649 505 4693 se
527 4626 664 4692 tuendos
686 4626 801 4693 mediis
824 4636 857 4693 et
878 4627 1085 4694 adminiculis
1107 4641 1185 4695 sunt
1236 4630 1381 4712 dixisset,
1404 4626 1444 4693 ad
1467 4651 1521 4696 eos
1536 4631 1744 4699 sustinendos
1761 4655 1897 4699 manum
1913 4635 1984 4698 eins
1998 4645 2032 4700 st
2045 4635 2205 4701 virtutem

215 4715 381 4781 instructi:
414 4713 549 4796 ideoque
583 4715 744 4795 sequitur:
775 4713 848 4778 Noa
876 4720 1019 4779 cecatur
1050 4734 1115 4794 rex,
1148 4726 1185 4781 ut
1235 4716 1402 4781 sulficere:
1431 4717 1507 4797 quia
1535 4716 1692 4800 obrepere
1713 4718 1854 4786 infirmis
1882 4727 2011 4802 poterat
2032 4720 2205 4802 dubitatio,

215 4800 376 4876 ostendat,
400 4801 502 4864 vitam
526 4799 693 4863 hominum
717 4819 782 4862 non
811 4801 942 4882 propria
965 4802 1096 4881 virtuto,
1127 4800 1183 4866 sed
1235 4823 1276 4866 an
1305 4800 1346 4865 ad
1375 4801 1522 4883 singulos
1550 4822 1621 4867 eam
1649 4805 1826 4871 extendere
1848 4806 1940 4872 Deus
1969 4806 2083 4872 vellet:
2113 4828 2205 4874 nunc

216 4887 314 4952 unius
328 4887 392 4952 Dei
417 4888 522 4969 gratia
543 4896 630 4950 stare
651 4884 854 4950 incolumem.
886 4885 986 4969 Reges
1007 4888 1185 4971 etplpcolcs
1235 4906 1313 4951 vero
1336 4884 1412 4951 dum
1434 4888 1541 4970 ipsum
1564 4889 1658 4971 quasi
1687 4891 1720 4955 in
1743 4893 1888 4958 excubiis
1917 4893 2083 4958 sedentem
2106 4893 2205 4959 indu·

216 4973 419 5055 potissimum
455 4972 616 5053 nominat,
649 4970 703 5053 qui
733 4978 820 5034 sorte
846 4971 1012 5036 communi
1040 4974 1184 5055 exempti
1234 4974 1287 5048 cit,
1322 4983 1359 5036 ut
1391 4971 1538 5040 fidelibus
1570 4977 1756 5058 prospiciat,
1793 4999 1858 5043 non
1891 4990 1943 5044 est
1972 4999 2031 5045 cur
2063 4980 2204 5062 quisque

217 5057 277 5121 sibi
308 5058 461 5123 videntur
490 5067 584 5122 extra
614 5057 752 5121 telorum
782 5056 902 5119 iactum
933 5078 1012 5134 essa,
1041 5059 1124 5140 quod
1155 5059 1182 5124 si
1234 5057 1373 5138 amplius
1402 5059 1549 5142 trepidet,
1578 5082 1615 5125 ac
1637 5082 1748 5126 secum
1771 5063 1937 5149 disceptet,
1968 5064 2008 5130 de
2035 5067 2203 5149 praesenti

216 5142 292 5223 quid
315 5142 445 5208 adversi
466 5142 632 5219 acciderit,
664 5142 792 5207 facilem
814 5141 875 5205 sibi
897 5143 1022 5206 exitum
1045 5145 1181 5226 promit-
1233 5143 1297 5207 Dei
1316 5143 1438 5208 anxilio
1456 5155 1573 5225 certus,
1596 5145 1691 5211 modo
1709 5148 1769 5212 sub
1792 5151 1861 5214 eius
1882 5151 2090 5235 providentia
2110 5153 2205 5235 quie·

216 5236 301 5291 tunt.
345 5228 497 5310 Denique
526 5228 658 5294 virtutis
680 5248 759 5294 suae
788 5226 982 5292 confidentia
1003 5229 1096 5307 ebrii,
1125 5231 1180 5294 vix
1233 5237 1289 5294 tus
1310 5238 1449 5295 maneat.
1494 5230 1584 5298 Hinc
1605 5233 1723 5298 clarius
1753 5234 1859 5301 elucet
1879 5257 1977 5320 qnam
2006 5257 2085 5302 vere
2112 5237 2207 5321 prius
