4658 5856
197 340 259 406 827
975 333 1190 402 PSALMUS
1212 334 1415 403 LXXXIX.
2133 333 2200 401 828

198 530 328 595 vionem
362 548 427 592 non
461 525 624 591 tribuunt:
663 525 719 589 sed
751 525 924 608 proferunt
956 524 991 587 in
1024 522 1168 589 medium
1222 546 1316 591 mens
1338 525 1527 610 prophetae,
1551 527 1730 592 notandum
1754 534 1893 592 estnon
1917 524 2198 591 dsunohomine

197 638 278 698 quas
307 614 440 697 sanguis
461 622 495 676 et
518 632 592 675 caro
615 622 799 695 suggerunt
820 611 1027 688 tentationes,
1059 620 1098 674 ιιι
1119 611 1171 673 in·
1223 631 1298 675 eum
1315 611 1413 694 loqui,
1436 611 1493 676 sed
1509 619 1629 678 statum
1647 614 1740 697 regni
1755 613 1903 679 conferre
1918 612 2005 676 vitas
2020 611 2195 677 humanae.

198 702 389 766 firmitatem
417 719 482 781 qua
512 704 707 780 premuntur
735 705 864 760 mature
886 696 978 761 Deus
1011 695 1170 761 sublevet.
1222 696 1300 763 Huc
1328 717 1408 782 ergo
1438 697 1543 762 tendit
1571 698 1785 781 querimonia,
1815 696 1924 761 Deum
1945 697 2061 763 iecisse
2084 708 2121 761 ut
2145 719 2197 762 ro·

197 788 313 870 Itaque
336 785 455 850 mirum
481 804 544 848 non
564 796 623 861 est,
646 784 680 847 in
699 781 848 846 horribili
866 780 1076 865 dissipatione
1097 802 1169 863 pro·
1222 803 1325 865 gnum
1358 793 1556 861 senesceret,
1596 805 1634 850 eo
1668 784 1799 849 tandem
1833 782 1986 849 deficeret
2019 790 2196 866 antequam

198 873 332 957 phetam
355 869 476 952 aliquid
499 869 691 933 humanitus
714 869 812 932 luisse
830 888 972 950 passum,
996 880 1033 932 ut
1050 868 1172 931 diceret
1222 868 1352 933 veniret
1380 867 1421 932 ad
1449 869 1572 934 iustam
1599 871 1839 936 maturitatem:
1872 868 2008 952 perinde
2035 888 2074 934 ae
2096 869 2124 933 si
2146 868 2195 933 iu·

197 958 333 1023 minime
374 955 518 1038 conspici
557 953 643 1037 quod
677 955 767 1019 Deus
800 956 1000 1036 promiserat.
1057 953 1171 1035 Neque
1223 974 1349 1034 venem,
1380 954 1458 1019 dum
1481 956 1630 1039 vigorem
1652 956 1759 1022 adhuc
1780 954 1913 1039 colligit,
1943 974 2032 1021 mors
2056 954 2197 1020 violenta

198 1046 285 1109 enirn
307 1056 379 1107 erat
400 1042 522 1106 ferreae
544 1040 673 1119 mentis,
695 1050 733 1104 ut
751 1040 861 1103 omnia
879 1038 993 1103 videns
1008 1038 1172 1103 contraria
1223 1051 1299 1105 ante
1328 1048 1458 1123 tempus
1484 1041 1632 1124 abripiat
1677 1042 1722 1107 Et
1744 1041 1906 1108 concinna
1928 1049 1979 1106 est
2000 1041 2064 1105 ista
2085 1039 2197 1104 simili-

198 1129 299 1195 verbo
333 1128 409 1202 Dei,
448 1125 536 1191 tristi
569 1125 625 1190 illo
658 1126 855 1207 confusoque
887 1125 1072 1208 spectaculo
1106 1145 1170 1188 non
1222 1124 1318 1191 tudo:
1350 1126 1427 1208 quia
1454 1128 1481 1191 si
1505 1128 1682 1210 respicitur·
1697 1127 1880 1211 promissio,
1910 1126 1969 1192 vix
1994 1126 2075 1192 dum
2099 1126 2194 1209 plane

199 1225 404 1298 tangeretur:
428 1211 483 1277 sed
507 1210 607 1276 libere
629 1212 663 1275 in
687 1210 750 1274 Dei
772 1221 983 1292 conspectum
1006 1210 1169 1292 prodiens,
1222 1212 1408 1277 effloruerat
1435 1233 1589 1296 regnum,
1619 1234 1718 1296 quum
1748 1214 1833 1277 intor
1862 1213 1986 1295 primos
2015 1232 2094 1283 suos
2123 1232 2196 1295 pro·

199 1300 378 1366 remedium
408 1298 549 1380 quaerit,
584 1319 626 1361 ne
655 1297 864 1361 absorbeatur
891 1317 1050 1372 moerore,
1085 1295 1169 1377 quod
1223 1317 1365 1380 grossus,
1396 1307 1531 1380 reponte
1553 1300 1648 1381 gravi
1669 1302 1766 1364 ruina
1787 1298 2006 1364 deformatum
2033 1308 2095 1381 est,
2125 1308 2195 1361 tan·

199 1387 319 1451 factum
342 1396 437 1458 esset,
460 1385 487 1448 si
511 1386 600 1448 intus
624 1383 773 1447 fraenum
795 1378 949 1462 rodendo,
972 1382 1171 1465 neglexisset
1223 1384 1360 1466 demque
1400 1385 1544 1450 evanuit.
1599 1386 1704 1451 Porro
1743 1385 1901 1450 memoria
1934 1381 2116 1449 tenendum
2148 1393 2196 1449 est

201 1474 260 1537 hoe
282 1471 444 1535 levamen.
489 1467 585 1549 Quod
613 1489 691 1533 mox
713 1469 812 1545 addit,
842 1466 882 1533 de
898 1469 1034 1548 proiecto
1056 1469 1093 1532 ia
1114 1472 1172 1532 ter-
1222 1468 1308 1551 quod
1336 1468 1496 1548 diximus,
1528 1470 1605 1535 dum
1636 1471 1821 1553 expostulat
1851 1469 2012 1552 propheta
2041 1478 2197 1535 eventum

199 1577 269 1622 rom
298 1556 478 1633 diedemate,
512 1575 578 1619 non
607 1554 737 1619 videtur
765 1562 948 1635 competere
976 1554 1012 1617 in
1043 1552 1192 1633 tempus‘
1223 1575 1289 1618 non
1327 1554 1524 1639 respondere
1557 1557 1621 1622 Dei
1653 1554 1942 1641 promissionibus,
1984 1574 2051 1620 non
2088 1566 2196 1619 tamen

199 1641 403 1708 Rehabeam:
434 1640 498 1705 nisi
528 1640 609 1704 sorte
638 1640 790 1705 laceratio
814 1641 915 1720 regni,
945 1649 1079 1704 vocetur
1102 1640 1169 1701 dia·
1222 1660 1360 1724 arguere
1390 1639 1499 1705 Deum
1528 1641 1699 1719 mendacii,
1729 1642 1785 1708 sed
1815 1642 1879 1706 alio
1906 1640 1972 1706 fine
1991 1650 2034 1706 'et
2062 1639 2196 1707 consilio

199 1729 337 1793 domatis
367 1728 528 1809 proiectis.
574 1724 640 1791 Sed
666 1746 749 1806 quae
770 1734 882 1807 postea
904 1724 1078 1803 adduntur,
1107 1725 1169 1789 nisi
1221 1727 1368 1809 profarre
1391 1727 1478 1792 hano
1500 1729 1762 1812 repugnantiam,
1786 1739 1821 1792 ut
1843 1727 1996 1792 fiduciam
2017 1726 2136 1792 orandi
2158 1749 2196 1792 ex

199 1813 408 1899 hyperbolice
438 1813 590 1894 accipias,
625 1813 807 1876 necessario
838 1812 952 1874 referri
982 1810 1102 1874 debent
1129 1811 1169 1874 ad
1222 1814 1285 1877 Dei
1317 1813 1586 1895 promissionibus
1618 1814 1765 1898 colligat:
1800 1835 1880 1897 quas
1913 1833 2013 1895 quum
2043 1812 2197 1878 obiiceret

198 1901 354 1964 maiorem
384 1897 519 1963 cladem.
572 1897 646 1962 Hoc
676 1899 702 1960 si
732 1898 867 1978 placeat,
896 1917 960 1961 non
991 1896 1054 1960 orit
1076 1905 1170 1960 autor
1222 1898 1302 1975 Deo,
1332 1918 1508 1981 persuasus
1538 1907 1607 1964 erat
1635 1902 1708 1964 fieri
1738 1901 1834 1965 aliter
1856 1920 1919 1964 non
1943 1918 2037 1981 posse
2058 1898 2141 1981 quin
2163 1919 2197 1962 se

200 1986 324 2051 Psalmi
358 1984 485 2062 Ethan,
519 1982 575 2048 ille
608 2004 694 2047 unus
727 2004 767 2046 ex
797 1992 934 2064 quatuor
967 1982 1171 2065 sapientibus
1221 2003 1371 2049 veracem
1401 1984 1595 2050 ostenderet.
1640 1985 1727 2050 Nam
1748 1986 1844 2051 sicuti
1870 1985 2026 2068 plerique,
2057 1983 2196 2067 quiade

199 2092 336 2155 quorum
366 2071 403 2133 lit
430 2070 552 2134 mentio
577 2069 613 2133 in
635 2088 726 2134 saura
748 2069 885 2134 historia
908 2069 936 2134 1.
959 2067 1042 2151 Reg.
1064 2068 1095 2151 4,
1118 2069 1170 2133 31.
1204 2068 1368 2150 profectu
1399 2067 1589 2155 desperant,
1620 2071 1708 2136 intus
1741 2072 1872 2137 sorbent
1905 2092 2001 2136 suum
2033 2069 2196 2135 dolorem:

201 2156 311 2238 Quare
333 2157 369 2219 in
392 2177 427 2219 re
449 2154 557 2232 dubia,
581 2154 681 2219 libera
703 2154 746 2217 sit
767 2155 883 2237 cuique
901 2151 1076 2236 probabilis
1095 2174 1171 2219 con·
1222 2155 1270 2219 ita
1301 2155 1415 2221 fideles
1448 2177 1511 2238 quo
1545 2155 1679 2222 liberius
1712 2157 1822 2223 Deum
1857 2155 2023 2239 appellant
2056 2154 2097 2220 de
2131 2157 2196 2220 suis

202 2244 345 2308 iacturae
368 2242 491 2305 electio.
1223 2242 1402 2324 promissis,
1432 2261 1470 2306 eo
1499 2241 1617 2307 fortius
1646 2242 1814 2308 luctantur
1843 2263 1915 2307 eum
1941 2241 2136 2318 diffidentia,
2166 2253 2197 2307 et

287 2328 338 2391 41.
362 2327 562 2413 (Dirupisli.)
607 2325 803 2408 Quanquam
826 2327 890 2391 alio
912 2345 1043 2391 oausam
1064 2338 1169 2389 trans·
1222 2347 1257 2392 se
1279 2326 1321 2392 ad
1343 2326 1424 2392 beno
1447 2328 1646 2409 sperandum
1668 2330 1826 2393 animant.

201 2414 340 2480 scribere
363 2426 551 2496 promptum
573 2422 659 2478 esset
676 2432 735 2476 our
753 2412 880 2477 dirutae
904 2421 1015 2477 essent
1037 2413 1171 2476 fractae·

201 2521 265 2583 que
304 2499 520 2576 munitiones,
564 2499 616 2581 pie
651 2510 761 2563 tamen
795 2508 971 2580 sancteque
1004 2496 1172 2579 Propheta
1309 2499 1360 2564 47.
1392 2498 1551 2581 Ueqaequo
1574 2499 1713 2564 choooh
1733 2500 1931 2565 absconditus
1952 2500 2017 2563 eris
2034 2505 2194 2580 perpetuo,
2271 2544 2295 2569 .

200 2586 309 2652 Deum
339 2586 484 2667 agnoscit
510 2593 667 2667 autorem,
696 2584 771 2665 quia
802 2584 996 2667 principium
1020 2583 1101 2647 illud
1124 2604 1171 2647 re·
1225 2584 1345 2650 ardebit
1365 2590 1514 2666 tortosam
1535 2586 1620 2667 ipris
1640 2586 1817 2668 iadipaotio
1834 2585 1916 2649 tuo?
1949 2585 2001 2650 48.
2021 2585 2197 2651 Recordare
2239 2599 2301 2642 Ξ

200 2673 293 2746 tinet,
316 2691 383 2735 uon
409 2672 552 2753 potuisse
578 2671 642 2734 nisi
660 2690 698 2734 eo
716 2670 810 2748 irato,
834 2669 918 2751 quod
936 2670 1005 2750 ipse
1023 2678 1172 2733 erexerat
1224 2671 1315 2734 cuius
1337 2672 1407 2734 ceci
1429 2690 1482 2753 epo
1503 2672 1581 2735 sim:
1610 2691 1667 2736 car
1686 2672 1809 2753 frustra
1829 2690 1967 2737 creasses
1987 2689 2094 2735 omues
2113 2672 2196 2752 filios
2236 2683 2303 2727 ’ὃ

201 2777 349 2840 regnum,
377 2755 510 2820 libidine
532 2756 702 2820 hominum
722 2754 882 2837 dissipari.
927 2754 1045 2818 Postea
1067 2764 1170 2818 meta·
1224 2753 1409 2819 uminum?
1446 2755 1497 2819 49.
1525 2757 1602 2836 Quis
1623 2759 1673 2821 cir
1693 2759 1781 2840 oioci,
1804 2762 1832 2821 et
1852 2777 1913 2822 aon
1933 2755 2046 2822 uidebit
2062 2763 2195 2835 morum,
2237 2792 2308 2829 c,

201 2842 335 2926 phoriee
358 2839 504 2922 deplorat
525 2843 708 2923 expositum
725 2842 759 2904 in
779 2840 931 2923 praedam
951 2840 1049 2905 luisse
1068 2841 1171 2903 viato-
1224 2840 1352 2906 rcdimci
1373 2841 1512 2905 alcimum
1533 2861 1626 2905 suom
1647 2864 1664 2907 a
1685 2863 1781 2907 mona
1802 2843 1964 2924 sepulcri?
2006 2840 2110 2908 Sciob.

200 2928 300 3005 ribus,
334 2925 605 3008 quemadmodum
640 2927 669 2991 si
701 2947 779 3010 ager
809 2926 859 2991 vel
892 2925 1019 3003 hortus,
1054 2924 1171 2989 dirutis

200 3013 365 3090 maceriis,
399 3011 439 3076 ad
468 3013 693 3095 spoliationem
724 3023 841 3094 pateat.
890 3012 1001 3095 Auget
1028 3010 1093 3076 alia
1120 3011 1171 3075 in·
1308 3011 1360 3076 47.
1384 3010 1590 3096 (Uequequo.)
1624 3012 1688 3078 Ubi
1711 3021 1905 3096 conquestus
1924 3023 1975 3078 est
1992 3012 2032 3078 de
2049 3012 2195 3097 indignis
2226 3022 2317 3079 88

202 3100 362 3184 dignitato
390 3098 475 3180 quod
500 3121 558 3181 per
580 3118 615 3164 se
633 3099 708 3182 plus
730 3100 809 3164 satis
832 3119 932 3182 grave
955 3110 1032 3177 erat,
1063 3097 1171 3162 dicens
1224 3098 1378 3164 ecclesiae
1396 3096 1552 3181 cladibus,
1571 3100 1636 3164 iam
1655 3120 1689 3163 se
1708 3099 1870 3164 convertit
1888 3098 1930 3164 ad
1946 3118 2069 3181 preces.
2102 3098 2196 3165 Unde
2220 3108 2319 3158 et

194 3184 311 3267 probro
339 3183 448 3249 lraberi
470 3185 598 3266 poesim
627 3206 648 3249 o
675 3185 797 3250 vicinis.
849 3184 962 3267 Neque
992 3184 1078 3248 enim
1113 3183 1170 3247 du·
1224 3185 1378 3266 sequitur,
1399 3203 1479 3265 quas
1498 3182 1656 3250 hactenus
1675 3185 1818 3267 proludit
1836 3205 1930 3251 voces
1945 3183 2075 3259 doloris,
2095 3204 2197 3266 quun·
2212 3212 2274 3227 ο
2291 3200 2321 3237 1·

204 3273 291 3355 bium
319 3280 369 3335 est
395 3271 475 3351 quin
504 3271 630 3353 profani
662 3271 810 3336 homines
839 3271 874 3334 in
907 3271 1072 3335 occasione
1105 3282 1171 3332 tam
1224 3290 1322 3352 quam
1346 3268 1522 3333 manabant
1543 3291 1586 3333 ex
1608 3271 1714 3335 carnis
1736 3291 1844 3350 sensu,
1867 3272 1967 3335 luisse
1990 3281 2100 3334 tamen
2123 3277 2323 3335 cumsjt1

201 3355 366 3441 plausibili
389 3364 540 3438 proterve
557 3355 798 3436 insultaverint,
820 3356 958 3422 Hioeine
976 3355 1106 3420 divinus
1124 3364 1174 3417 est
1226 3356 1290 3419 fide
1312 3355 1508 3420 coniunctas.
1542 3355 1627 3420 Nam
1650 3356 1809 3422 inereduli
1832 3354 2060 3421 tumultuando
2084 3369 2323 3439 quam-017

201 3443 257 3508 ille
279 3463 338 3506 rex
360 3442 485 3524 angelis
508 3442 727 3522 excellentior,
752 3445 846 3507 cuius
869 3442 984 3506 solium
1008 3462 1083 3506 cum
1106 3439 1173 3505 sole
1228 3440 1279 3506 vis
1301 3440 1341 3504 ad
1365 3440 1524 3505 orandum
1547 3441 1727 3523 prosiliant,
1758 3442 1842 3507 nihil
1864 3454 1973 3507 tamen
1994 3452 2112 3524 petunt
2134 3438 2325 3507 sistier

202 3540 236 3594 et
256 3528 335 3592 luna
357 3534 520 3593 staturum
547 3527 637 3592 erat‘l
682 3528 787 3593 Porro
810 3549 909 3610 quum
933 3530 967 3591 in
990 3527 1098 3591 Deum
1122 3547 1173 3590 re·
1225 3526 1384 3591 simulate.
1421 3526 1586 3608 Propheta
1606 3548 1686 3592 vero
1708 3547 1818 3610 preces
1837 3539 2012 3593 annectens
2030 3528 2100 3591 suis
2118 3547 2266 3610 que-⁴·
2278 3534 2327 3575 θ·

201 3615 346 3683 siderent
374 3613 455 3678 haec
480 3612 667 3692 maledicta,
696 3617 813 3679 merito
842 3612 1001 3696 propheta
1029 3610 1174 3694 deplorat
1225 3612 1312 3689 relis,
1342 3620 1482 3676 testatur
1511 3633 1677 3695 nunquam
1705 3614 1766 3678 sibi
1799 3633 1970 3679 excussam
2000 3613 2102 3678 luisse
2124 3634 2256 3695 pro-·
2270 3618 2316 3661 <i

202 3698 434 3767 contumeliose
456 3700 556 3763 rideri
580 3698 743 3778 Messium,
765 3701 856 3764 cuius
879 3699 1020 3780 dignitas
1043 3696 1174 3762 coelesti
1226 3699 1419 3762 missionum
1449 3695 1512 3762 Dei
1546 3698 1654 3763 fidem.
1706 3699 1757 3763 De
1790 3698 1851 3765 hoc
1885 3698 2036 3781 loquendi
2069 3700 2324 3781 genere..9⁰

203 3787 357 3853 unctione
385 3786 509 3850 sancita
537 3785 652 3848 luerat.
705 3784 808 3849 Addit
837 3796 963 3868 postea,
993 3784 1101 3848 Deum
1133 3781 1174 3846 ab
1226 3783 1402 3864 Usquequo
1432 3803 1568 3864 semper,
1597 3784 1685 3850 Psal.
1709 3784 1759 3862 79,
1792 3784 1957 3849 5diotum
1986 3784 2056 3866 fuit,
2087 3788 2329 3849 ιιοιιιιβἼ

203 3873 348 3938 hostium
370 3880 462 3950 parte
484 3870 628 3935 stetisse:
651 3871 727 3952 quia
749 3872 828 3935 satia
849 3870 1003 3953 intelligit
1026 3889 1092 3933 non
1111 3867 1174 3932 nisi
1226 3868 1349 3933 scilieet
1371 3868 1468 3933 nimis
1491 3869 1665 3935 diuturnos
1687 3871 1847 3935 malorum
1873 3890 2049 3936 successus.
2095 3869 2329 3935 Porrooff

203 3957 333 4024 volente
356 3954 437 4035 Deo,
466 3955 690 4037 praevaluisse
712 3956 832 4033 hostes,
862 3956 939 4020 dum
962 3955 1043 4020 alios
1065 3954 1175 4018 uirtute
1226 3973 1382 4035 quousque
1410 3954 1608 4019 absconditus
1630 3956 1689 4020 erit
1710 3954 1810 4034 Deus,
1838 3957 2054 4039 interrogans,
2087 3955 2246 4021 subin-⁹
2286 3965 2322 3994 ⁸¹

202 4043 339 4117 instruit,
369 4038 449 4104 alios
474 4042 637 4121 effaetam.
682 4041 832 4123 Denique
861 4049 1019 4123 quotquot
1052 4038 1174 4104 accide—
1227 4038 1313 4104 dicat
1340 4040 1449 4103 omnia
1477 4039 1547 4102 fore
1577 4041 1676 4117 salva,
1707 4042 1845 4107 simulac
1871 4061 1987 4106 serena
2007 4042 2079 4105 eius
2103 4042 2249 4107 facien
2267 4048 2329 4081 ⁵²

203 4135 280 4192 rant
308 4123 425 4201 clades,
456 4126 591 4190 totidem
613 4125 738 4208 colligit
759 4128 854 4208 signa
875 4148 946 4190 esse
968 4124 1175 4190 alienationis
1228 4126 1424 4207 apparuerit.
1471 4122 1622 4191 Secundo
1653 4136 1762 4191 autern
1793 4127 1940 4192 membro
1970 4128 2093 4191 iterum
2114 4146 2235 4191 eorn-
2277 4132 2329 4167 ⁰¹

204 4213 287 4278 Dei:
317 4230 380 4292 quo
409 4211 548 4292 propitio
578 4223 666 4275 totus
694 4210 846 4290 mundus,
874 4210 1028 4294 quidquid
1051 4208 1174 4274 machi·
1227 4222 1385 4274 memorat
1407 4231 1465 4275 cur
1488 4207 1579 4275 Deus
1602 4221 1735 4293 paterno
1759 4212 1913 4295 adspectu
1936 4212 2078 4277 electum
2099 4232 2232 4297 popu-
2328 4219 2329 4241 ¹

204 4310 301 4363 natus
319 4301 414 4370 esset,
437 4298 521 4359 sacri
540 4295 627 4360 illius
646 4298 740 4379 regni
758 4294 971 4361 stabilitatem
990 4295 1175 4361 convellere
1226 4294 1295 4359 lum
1320 4314 1385 4357 non
1409 4294 1571 4377 dignetur,
1594 4297 1671 4378 quia
1692 4297 1816 4363 scilicet
1836 4300 1980 4363 offensus
2002 4306 2062 4362 est.
2104 4298 2255 4364 uncos
2294 4299 2327 4329 ⁰¹

204 4406 272 4449 nou
302 4387 440 4465 poterat.
484 4380 571 4443 Nam
600 4382 628 4444 si
658 4380 793 4447 dixisset
814 4381 923 4445 hostes
946 4382 1083 4445 victoria
1105 4400 1175 4443 osse
1227 4381 1384 4461 sequitur,
1414 4378 1500 4443 mala
1527 4383 1636 4446 omnia
1666 4404 1706 4446 ex
1733 4385 1873 4466 peccatis
1903 4383 2073 4466 proficisci,
2101 4382 2329 4467 ιιιιιιιιιίῐ1

206 4471 334 4554 potitos,
357 4485 471 4532 verum
494 4464 528 4528 id
550 4465 681 4545 quidem
704 4478 784 4548 erat,
814 4467 869 4531 sed
894 4464 933 4529 ad
956 4464 1174 4530 extollendam
1227 4464 1294 4529 sint
1316 4465 1392 4529 irati
1415 4463 1479 4527 Dei
1495 4466 1635 4549 flagella.
1680 4468 1855 4534 Caeterum
1884 4469 1939 4532 ubi
1962 4469 2132 4535 confessus
2154 4474 2238 4535 est!
2249 4470 2327 4548 9,.

205 4558 267 4623 Dei
292 4552 471 4637 potentiam
494 4548 679 4615 obscurius:
702 4572 739 4616 ac
762 4552 789 4615 si
813 4551 961 4616 homines
983 4551 1055 4616 Deo
1078 4569 1174 4631 oppo·
1227 4550 1395 4615 eeclesiam
1425 4571 1485 4614 sua
1511 4552 1606 4633 culpa
1635 4561 1703 4617 tarn
1733 4553 1858 4620 duriter
1886 4563 1919 4619 ct
1941 4556 2058 4621 misere
2080 4554 2231 4641 affligit:
2275 4548 2326 4598 ¹¹

205 4642 261 4707 siti
294 4638 434 4723 propriis
469 4636 592 4701 viribus
627 4634 804 4701 violassent
835 4636 925 4700 illius
966 4635 1175 4717 praesidium.
1228 4645 1264 4699 ut
1281 4635 1389 4699 Deum
1412 4634 1453 4698 ad
1475 4636 1728 4703 misericordiam
1750 4641 1879 4706 flectat:
1902 4642 2056 4724 proponit
2077 4642 2114 4705 in
2136 4662 2256 4706 me‘
2283 4640 2316 4668 ⁵

204 4727 303 4792 Nune
325 4745 403 4790 vero
424 4742 534 4787 seeum
557 4719 722 4803 expendit,
746 4722 873 4786 nonnisi
895 4722 979 4785 irato
1002 4722 1081 4793 Deo.
1109 4734 1174 4782 tarn
1228 4718 1317 4784 diurn
1351 4719 1621 4788 vitaehumanae
1648 4723 1849 4803 brevitatem,
1879 4725 1913 4789 in
1937 4747 2002 4809 qua
2023 4727 2051 4792 si
2074 4717 2324 4794 nullumffl

206 4816 324 4877 misere
354 4809 510 4875 afflictum
543 4827 614 4871 esse
635 4825 772 4889 regnum
795 4804 880 4888 quod
902 4816 1052 4871 crexerat
1073 4805 1175 4868 Deus.
1228 4804 1357 4869 divinae
1399 4804 1553 4870 bonitatis
1593 4819 1725 4891 gustum
1764 4811 1980 4893 percipimus,
2020 4805 2315 4879 videbimur‘a‘r

292 4897 344 4960 46.
367 4893 532 4981 (Minuisti
554 4891 645 4977 dieo.)
678 4888 818 4971 Quidam
841 4893 887 4955 ita
909 4892 1088 4967 resolvunt,
1111 4889 1175 4953 Do·
1228 4890 1350 4954 frustra
1378 4892 1486 4954 creati.
1531 4893 1620 4977 Ergo
1642 4905 1679 4959 ut
1703 4915 1865 4959 summam
1889 4906 2070 4975 teneamus,
2102 4901 2203 4966 satim
2231 4891 2301 4945 ἕ

207 4984 295 5048 mine
325 4979 502 5046 debilitasti
533 4998 643 5062 regem
673 4986 828 5051 nostrum,
861 4986 898 5040 ut
928 4984 1121 5040 emarcuerit
1142 4974 1176 5037 in
1228 4975 1291 5039 erit
1319 4976 1359 5040 ab
1390 4975 1450 5040 hoo
1472 4978 1617 5043 membro
1639 4981 1792 5064 incipere,
1823 4981 1891 5047 Cur
1913 4984 2036 5048 frustra
2058 5004 2203 5052 creasses
2256 4984 2277 5023 ‘'

207 5069 313 5151 primo
352 5064 467 5131 aetatis
500 5065 597 5139 flore,
638 5072 672 5127 et
705 5069 877 5143 antequam
915 5061 1108 5125 adolevisset
1141 5059 1176 5122 in
1228 5081 1340 5124 omnes
1363 5060 1445 5126 filios
1467 5062 1659 5128 hominum?
1694 5066 1778 5131 Nam
1801 5088 1843 5131 ex
1866 5088 1944 5133 vero
1966 5070 2055 5134 fonte
2073 5083 2203 5136 senten·

207 5155 325 5231 virum,
356 5151 446 5217 senio
475 5150 639 5215 coniectus
670 5149 775 5213 fuerit.
828 5145 920 5226 Quae
949 5145 1175 5227 interpretatio
1229 5145 1309 5208 tiam
1339 5145 1423 5212 hanc
1445 5156 1560 5230 petunt
1582 5148 1704 5228 fideles,
1734 5153 1819 5233 quod
1842 5153 1934 5218 Deus
1958 5154 2111 5222 homines
2132 5158 2203 5223 ideo

208 5240 269 5304 etsi
298 5235 472 5321 probabilis
501 5246 559 5314 est,
590 5243 626 5298 ut
658 5245 766 5298 tamen
797 5231 917 5298 clarius
946 5232 1039 5296 uobis
1069 5238 1177 5312 pateat
1229 5227 1417 5313 condiderit,
1447 5242 1480 5297 st
1509 5234 1665 5301 locaverit
1686 5236 1721 5299 in
1744 5237 1876 5318 mundo,
1903 5249 1941 5304 ιιι
1962 5260 1997 5306 se
2019 5241 2086 5307 illis
2109 5244 2203 5309 exhi·
