4658 5856
219 354 282 419 143
1056 347 1272 416 PSALMUS
1295 349 1371 415 XV.
2145 344 2208 411 144

217 545 321 609 tidelis
360 553 419 617 est,
462 543 507 606 ita
545 554 660 606 mutue
694 541 788 604 iidem
822 539 893 603 vult
923 540 984 605 sibi
1016 541 1183 622 praestari.
1237 537 1316 603 lum.
1370 541 1509 604 Summa
1543 554 1651 603 tamen
1684 555 1742 616 est,
1778 560 1840 602 nen
1875 551 1986 621 patara
2021 536 2061 602 ad
2095 535 2206 601 Deum

217 627 377 710 Quamvis
406 628 494 693 anim
524 627 627 711 gratis
650 624 853 708 adoptaverit
875 624 1053 709 Abraham,
1082 627 1184 707 stipu·
1237 644 1402 689 accessum
1425 625 1489 689 nisi
1511 624 1603 707 puris
1624 624 1695 689 eius
1717 623 1905 690 cultoribus.

215 715 301 780 latus
341 723 451 777 tamen
491 723 542 778 est
570 724 609 776 nt
642 710 769 776 viveret
796 710 942 794 integer:
974 721 1071 794 atque
1105 711 1185 779 haec
1304 709 1353 794 Ι2.
1382 707 1461 795 (Qui
1494 708 1633 775 ambulat
1659 707 1799 795 imper.)
1847 706 2000 774 Notanda
2027 717 2080 774 eat
2108 707 2206 772 tacita

216 813 266 865 est
297 797 460 880 generalis
493 798 607 882 regula
639 795 777 861 foederis
809 794 893 878 quod
926 795 968 860 ab
996 797 1087 861 initio
1109 818 1184 863 eum
1237 793 1410 860 antithesis
1430 795 1515 860 inter
1532 795 1665 860 inanem
1685 795 1774 859 tituli
1791 793 1992 873 iactantiam,
2010 792 2065 860 vel
2082 790 2205 858 nudam

218 897 288 950 tota
308 882 442 949 ecelesia
464 884 599 968 pepigit.
644 881 782 948 Summa
805 895 855 948 est
875 881 999 948 frustra
1018 882 1059 949 ab
1083 882 1184 966 hypo·
1237 881 1470 962 professionem
1488 902 1571 964 quae
1588 879 1800 946 eaeremoniis
1822 889 1964 946 constat:
1986 890 2028 946 et·
2043 879 2104 945 lree
2127 877 2205 943 seli·

215 970 317 1053 eritis,
345 969 402 1052 qui
424 969 531 1034 leeum
556 971 589 1039 in
612 967 734 1050 temple
755 967 819 1033 Dei
843 978 1011 1051 oeeupant,
1035 970 1185 1050 praetexi
1238 966 1315 1030 dum
1337 968 1468 1050 pietatis
1488 967 1720 1044 testimenium,
1747 967 1832 1050 qnod
1855 965 2063 1032 commendat
2084 964 2205 1031 David.

217 1056 279 1122 Dei
303 1075 438 1120 nornen:
461 1056 538 1138 quia
557 1055 722 1118 neminem
741 1054 827 1118 inter
844 1073 922 1120 sues
941 1054 1097 1138 agnoseit,
1120 1052 1183 1120 nisi
1237 1050 1362 1132 Quaeri
1395 1066 1505 1117 tamen
1539 1066 1655 1135 posset,
1689 1072 1789 1134 quum
1824 1052 1886 1117 Dei
1917 1051 2026 1118 cultus
2058 1050 2205 1118 caritatis

216 1144 271 1226 qui
294 1141 451 1206 iustitiam
473 1151 507 1205 et
528 1138 755 1206 rectitudinem
779 1139 858 1205 colit
880 1150 949 1204 tota
966 1141 1044 1205 vita.
1084 1139 1184 1203 Vide·
1236 1137 1344 1203 officia
1365 1139 1478 1204 ordine
1500 1135 1681 1222 praecedat,
1704 1159 1762 1202 our
1785 1138 1838 1202 hie
1860 1135 1952 1201 nulla
1974 1135 2048 1203 fidei
2071 1159 2110 1202 ae
2131 1157 2204 1219 pre·

218 1227 271 1292 bat
300 1224 408 1292 David
438 1225 595 1308 templum
623 1225 749 1308 ingenti
779 1223 950 1291 hominum
972 1225 1184 1290 multitudine
1236 1223 1400 1289 cationum
1422 1226 1480 1290 fiat
1502 1224 1635 1303 mentio,
1658 1244 1734 1288 nam
1757 1235 1845 1289 certe
1867 1223 1939 1288 istis
1960 1222 2049 1288 netis
2070 1221 2207 1288 decebat

217 1315 374 1379 refertum
403 1332 486 1393 quae
515 1310 653 1376 eundern
683 1310 807 1376 cultum
830 1311 1051 1395 profitebatur,
1084 1332 1184 1393 seque
1236 1308 1399 1392 legitimos
1439 1311 1501 1375 Dei
1535 1310 1620 1374 filios
1652 1310 1693 1375 ab
1727 1309 1907 1457 hsspecritis
1939 1305 2107 1393 distingui.
2164 1307 2205 1372 In

217 1412 353 1464 externe
381 1398 446 1461 ritu
475 1399 508 1461 in
532 1397 596 1462 Dei
617 1407 822 1478 conspectum
846 1393 1000 1464 sistebat:
1035 1397 1106 1461 ideo
1129 1396 1184 1461 ad·
1236 1407 1388 1478 promptu
1411 1396 1530 1462 solutio
1553 1406 1603 1461 est
1624 1393 1733 1475 fidem,
1785 1395 1814 1459 ei
1837 1395 2085 1472 invenationem,
2108 1393 2205 1477 spiri·

216 1483 365 1549 mirantis
386 1503 558 1565 personam
580 1482 725 1564 suspicit,
759 1495 792 1547 ει
813 1502 997 1549 sermenem
1021 1483 1185 1549 convertit
1237 1483 1340 1545 tualia
1361 1483 1520 1547 sacrificia
1542 1481 1677 1546 mininie
1700 1503 1719 1545 a
1741 1479 1869 1546 Davide
1887 1478 2030 1546 excludi:
2053 1478 2111 1547 aed
2128 1479 2205 1563 quia

215 1571 256 1635 ad
286 1569 405 1646 Deum,
439 1569 495 1650 qui
526 1570 560 1632 in
588 1570 722 1632 confusa
750 1566 920 1634 hominum
950 1569 1087 1634 mistura
1109 1589 1185 1633 suos
1237 1566 1844 1650 multiscaeremoniishypocritaese
1866 1566 2104 1648 utplurimum
2127 1587 2205 1632 ven·

215 1656 256 1720 ab
278 1654 392 1719 alienis
420 1651 586 1719 discernit.
631 1652 765 1735 Triplex
788 1664 896 1720 autem
920 1666 969 1720 est
991 1655 1088 1720 huius
1110 1653 1184 1720 dec·
1237 1650 1344 1715 ditant
1383 1652 1535 1739 (querum
1573 1666 1683 1716 tamen
1716 1651 1918 1735 impietatem
1951 1652 2101 1735 coarguit
2135 1652 2206 1716 vita

216 1743 319 1806 trinae
352 1761 438 1804 usus.
482 1739 593 1803 Primo
626 1741 713 1803 enim
735 1739 764 1803 si
786 1761 864 1806 vere
886 1742 1012 1807 censeri
1034 1741 1185 1822 cupimus
1237 1738 1389 1814 exterior,
1408 1740 1485 1803 dum
1504 1740 1593 1823 pleni
1612 1750 1690 1803 sunt
1707 1738 1802 1816 fastu,
1820 1735 2019 1817 erudelitate,
2038 1738 2206 1820 violentia,

214 1828 302 1892 inter
320 1824 383 1890 Dei
405 1825 497 1901 filies,
521 1823 675 1889 admonet
692 1825 826 1908 spiritus
845 1838 979 1892 sanetus
997 1828 1083 1890 vitae
1104 1828 1185 1889 inte·
1236 1822 1407 1889 fraudibus
1436 1837 1469 1889 et
1497 1826 1620 1907 rapinis
1643 1821 1756 1909 dediti)
1786 1834 1822 1887 et
1844 1824 1877 1886 in
1901 1822 2006 1888 lucem
2029 1823 2207 1888 trahantur

216 1913 337 1997 gnitate
359 1910 421 1976 hoc
443 1931 513 1975 esse
533 1909 753 1992 probandum:
775 1911 850 1994 quia
869 1931 932 1976 non
952 1914 1093 1979 sufficiat
1112 1932 1185 1978 eae·
1236 1908 1421 1993 quicunque
1443 1910 1526 1976 tales
1547 1922 1634 1989 sunt,
1658 1930 1753 1975 verae
1774 1923 1808 1974 et
1829 1909 1973 1974 sincerae
1995 1909 2070 1976 fidei
2088 1910 2206 1992 proba·

215 1997 371 2063 rameniis
401 1996 509 2060 Deum
539 1996 645 2062 celere
673 1997 733 2061 nisi
764 2006 851 2063 reete
880 2006 913 2060 et
936 2000 1068 2063 innoxie
1090 1997 1185 2061 viva-
1238 1994 1358 2059 uenum
1380 1998 1448 2079 peti
1470 2017 1513 2061 ex
1534 1995 1677 2063 secunda
1699 1994 1781 2078 legis
1799 1994 1919 2060 tabula
1960 1995 2045 2060 Nam
2063 2011 2100 2060 ut
2117 1998 2208 2078 quis·

216 2105 298 2149 mus.
344 2079 504 2161 Secunde,
530 2083 606 2163 quia
627 2102 723 2166 saepe
745 2081 907 2168 contingit
929 2084 1096 2151 eeclesiam
1121 2081 1185 2147 Dei
1238 2100 1302 2162 que
1318 2081 1479 2148 iustitiam
1497 2093 1531 2148 et
1548 2084 1745 2165 aequitatem
1763 2101 1836 2146 eum
1856 2080 2015 2162 proximis
2032 2081 2102 2147 suis
2118 2081 2209 2161 colit,

217 2167 328 2233 multis
349 2167 606 2249 inquinamentis
628 2167 804 2233 deformem
827 2190 971 2248 eernere,
995 2169 1126 2253 nequis
1145 2167 1185 2233 ad
1236 2186 1273 2237 re
1305 2166 1376 2248 ipsa
1406 2168 1610 2235 demonstrat
1642 2189 1677 2232 se
1709 2166 1819 2230 Deum
1853 2167 1978 2232 timere.
2022 2167 2096 2231 Non
2129 2188 2209 2251 erge

216 2254 277 2321 hee
304 2252 493 2319 scandalum
523 2254 693 2338 impingat,
730 2254 904 2322 discrimen
936 2258 1069 2340 ponitur
1100 2257 1186 2320 inter
1235 2251 1368 2400 politica
1390 2254 1516 2319 iustitia
1537 2264 1707 2322 contentus
1730 2263 1779 2316 est
1802 2250 1921 2332 David,
1949 2254 2041 2335 quasi
2062 2254 2143 2319 satis
2164 2254 2209 2318 sit

216 2348 390 2423 perpetuos
412 2338 566 2404 ecelesiae
589 2341 684 2414 cives,
706 2349 738 2403 et
761 2340 941 2423 inquilinos
964 2345 1018 2425 qui
1042 2341 1083 2407 ad
1106 2352 1186 2405 tem·
1261 2339 1423 2404 ominibus
1465 2341 1601 2406 reddere
1634 2338 1719 2421 qued
1758 2358 1855 2403 suum
1889 2351 1947 2415 est,
1982 2337 2091 2403 Deum
2126 2360 2207 2403 vere

215 2447 278 2508 pus
300 2436 376 2490 sunt
397 2424 461 2489 illis
479 2426 634 2508 permisti.
679 2423 778 2489 Valde
795 2429 980 2493 necessaria
998 2427 1186 2505 admonitio,
1236 2423 1388 2489 fraudare
1418 2426 1489 2491 iure
1519 2447 1578 2491 sue
1607 2426 1717 2489 liceat:
1746 2422 1802 2490 sed
1831 2424 1948 2507 prebes
1978 2424 2042 2488 Dei
2063 2424 2206 2490 cultores

215 2532 267 2590 ne,
297 2511 324 2574 si
354 2510 415 2574 Dei
446 2511 606 2593 templum
635 2511 746 2575 multis
773 2510 923 2578 serdibus
951 2515 1107 2579 infectum
1131 2512 1184 2592 sit,
1238 2508 1388 2593 designat
1424 2533 1444 2575 a
1470 2512 1613 2578 iustitiae
1641 2508 1811 2577 fructibus.
1861 2508 1911 2575 Ae
1940 2511 2045 2592 prime
2074 2511 2205 2593 quidem

215 2597 378 2663 fastidium
398 2606 430 2659 et
447 2597 618 2661 morositas
639 2617 698 2660 nes
717 2594 757 2658 ad
777 2596 989 2663 defectionem
1005 2598 1183 2681 impellant.
1236 2592 1307 2659 lece
1346 2597 1565 2662 sinceritatem
1605 2597 1740 2679 requirit
1774 2608 1811 2660 ut
1846 2595 2037 2677 simpliciter
2067 2606 2102 2661 ει
2134 2598 2207 2663 sine

217 2681 338 2750 Sordes
366 2680 524 2759 intellige,
556 2683 642 2744 vitae
671 2686 819 2764 impurae
848 2700 881 2747 et
902 2696 1073 2767 corruptae
1096 2684 1184 2748 vitia.
1237 2680 1323 2743 malo
1354 2692 1428 2746 astu
1455 2684 1489 2747 in
1518 2685 1658 2765 negotiis
1679 2692 1869 2750 versentur:
1899 2679 2015 2745 deinde
2036 2682 2207 2761 iustitiam,

216 2768 301 2833 Nam
324 2765 420 2829 mede
451 2786 533 2848 pura
562 2766 677 2848 religio
707 2765 812 2848 quoad
843 2769 1024 2833 doctrinam
1046 2781 1079 2835 et
1100 2771 1185 2834 ritus
1237 2777 1276 2829 ut
1297 2766 1453 2832 studeant
1472 2769 1629 2852 proximis
1652 2768 1849 2847 benefacere,
1879 2766 2040 2831 neminem
2062 2767 2205 2847 laedant,

218 2855 336 2936 vigeat,
368 2851 536 2914 hominum
566 2849 692 2916 delictis
722 2872 787 2915 non
816 2853 863 2917 ita
885 2873 945 2921 nos
967 2854 1088 2922 offendi
1110 2874 1186 2920 con·
1239 2860 1272 2915 et
1295 2853 1481 2918 abstineant
1503 2854 1544 2919 ab
1564 2855 1654 2920 omni
1677 2875 1772 2920 nexa.
1816 2854 1936 2929 Tertio,
1958 2852 2056 2917 fidem
2079 2853 2117 2918 in
2139 2856 2206 2920 suis

217 2938 318 3012 veuit,
342 2946 380 2999 ut
397 2949 569 3018 propterea
587 2937 771 3002 scindamus
788 2940 958 3005 unitatem.
1000 2941 1100 3024 Atqui
1118 2960 1184 3005 om·
1237 2939 1451 3018 sermonibus,
1472 2962 1512 3006 ne
1530 2941 1607 3023 quid
1623 2940 1781 3008 fallaciter
1792 2937 1844 3004 vel
1861 2939 2003 3021 captiose
2020 2939 2205 3021 loquantur.

218 3024 309 3087 nium
338 3029 519 3102 temporum
547 3024 751 3105 experientia
773 3022 868 3090 decet
889 3047 984 3107 quam
1008 3027 1120 3112 gravis
1142 3027 1187 3091 sit
1238 3022 1341 3106 loqui
1368 3025 1404 3090 ia
1431 3027 1528 3104 eorde,
1558 3026 1640 3093 dura
1668 3026 1795 3107 quidem
1825 3032 1858 3088 ει
1884 3024 2061 3106 impropria
2087 3037 2139 3091 est
2160 3026 2205 3089 le-

217 3111 281 3175 ista
303 3108 445 3183 tentatie,
469 3108 638 3173 ecclesiam
660 3109 733 3188 Dei,
756 3130 839 3192 quae
861 3109 1016 3178 abstersis
1034 3113 1186 3178 omnibus
1237 3110 1360 3192 quutie,
1389 3110 1446 3176 sed
1474 3131 1556 3194 quae
1585 3112 1699 3178 melius
1729 3110 1881 3192 exprimit
1902 3131 2032 3176 sensum
2055 3110 2206 3190 Davidis,

218 3193 353 3260 maculis
381 3214 464 3276 pura
493 3195 599 3261 nitere
627 3193 772 3274 debebat,
799 3198 921 3263 multos
943 3198 1059 3282 impios
1082 3197 1185 3282 hypo·
1238 3215 1336 3277 quam
1358 3198 1387 3261 si
1409 3196 1554 3277 dixisset,
1584 3219 1626 3263 ex
1648 3198 1753 3264 corde.
1798 3194 1912 3261 'Palem
1935 3195 2022 3260 enim
2043 3196 2152 3264 cerdis
2174 3209 2208 3263 et

217 3282 317 3347 eritas
347 3281 398 3344 vel
427 3279 599 3346 sceleratos
628 3280 778 3347 hemines
810 3282 844 3346 in
874 3284 947 3349 sinu
977 3307 1036 3350 sue
1065 3286 1185 3349 fovere.
1238 3280 1371 3366 linguae
1391 3303 1585 3349 eonsensum
1608 3294 1641 3348 et
1663 3283 1894 3367 symphoniam
1917 3293 2017 3359 notat,
2041 3295 2081 3347 ut
2100 3303 2207 3349 sermo

217 3367 311 3434 Haec
340 3364 417 3428 elim
440 3363 603 3443 (lotharie,
631 3366 823 3431 Novatianis
845 3384 879 3433 et
901 3370 1101 3436 Donastistis
1123 3371 1185 3435 fuit
1238 3365 1282 3432 sit
1303 3368 1380 3433 viva
1401 3368 1535 3435 latentis
1556 3371 1691 3434 affectus
1714 3370 1850 3452 effigies.

218 3452 344 3518 occasio
364 3463 398 3513 ut
417 3471 436 3512 a
454 3450 607 3516 societate
625 3452 751 3533 piorum
769 3451 991 3520 desciscerent
1017 3457 1061 3520 Et
1072 3454 1185 3520 eadem

219 3533 884 3618 bodiedissidiarenevantAnabaptistae:
904 3541 1056 3619 quianon
1071 3550 1188 3622 putant
1323 3539 1354 3603 3.
1381 3541 1443 3621 Qui
1463 3561 1525 3604 een
1545 3540 1680 3606 detrabit
1700 3540 1809 3624 lingua
1831 3560 1903 3615 suc,
1924 3560 1986 3606 uon
2008 3539 2104 3620 infert
2124 3542 2207 3606 secie

219 3643 332 3690 veram
361 3641 432 3686 esse
457 3621 634 3698 ecelesiam,
665 3641 745 3703 quae
775 3623 853 3686 vitia
883 3625 1008 3690 tolerat.
1060 3625 1185 3689 Verum
1238 3644 1294 3688 stre
1316 3626 1444 3704 malum,
1465 3631 1494 3689 et
1514 3624 1713 3709 opprobrium
1730 3647 1789 3692 aon
1807 3625 1888 3691 tollit
1904 3631 2010 3691 contra
2023 3626 2208 3705 maximum

219 3731 284 3774 nen
319 3709 440 3772 frustra
470 3705 624 3772 Christus
655 3707 775 3773 Matth.
808 3707 860 3791 25,
898 3709 941 3774 32
974 3711 1035 3775 sibi
1068 3732 1186 3775 munus
1237 3728 1340 3773 mum.

221 3795 365 3860 vindieat
393 3812 487 3875 segre
531 3793 587 3857 ndi
617 3813 721 3877 agnes
750 3793 791 3859 ab
818 3794 947 3861 hoedis:
978 3796 1056 3877 quin
1080 3796 1187 3878 petius

220 3879 372 3946 admonet
389 3878 479 3945 feren
504 3899 523 3942 a
545 3900 616 3944 esse
634 3880 719 3944 mala
737 3900 818 3961 quae
836 3882 999 3965 corrigere
1017 3902 1082 3945 non
1102 3880 1185 3956 lieet,
1325 3881 1504 3962 Postquam
1536 3882 1679 3946 breviter
1701 3881 1893 3965 complexus
1915 3895 1965 3946 εει
1987 3881 2108 3960 David,
2138 3883 2209 3964 qni·

220 3965 322 4031 denso
340 3979 505 4029 maturum
524 3964 678 4030 adveniat
695 3967 897 4048 purgationis
916 3977 1054 4048 tempos.
1081 3964 1187 4032 Simul
1239 3966 1299 4030 bus
1317 3966 1447 4031 dotibus
1464 3967 1628 4048 praeditos
1644 3988 1714 4031 esse
1733 3980 1883 4050 operteat
1901 3969 2085 4050 quicunque
2101 3967 2210 4034 locum

221 4064 330 4116 tamon
347 4050 502 4114 iubentur
520 4048 642 4130 fideles,
664 4072 724 4134 pre
742 4072 777 4114 se
795 4054 931 4134 quisque
949 4052 1026 4116 dare
1044 4072 1188 4135 operam,
1240 4051 1275 4115 in
1297 4052 1435 4116 ecclesia
1453 4067 1562 4116 tenere
1580 4053 1726 4135 cupiunt,
1749 4053 1829 4118 vitia
1850 4053 2008 4135 quaedam
2028 4064 2209 4132 enumerat,

220 4145 300 4201 uta
328 4135 523 4217 corruptelis
553 4151 709 4219 purgetur
731 4135 793 4199 Dei
817 4139 960 4203 eeclesia.
1003 4138 1112 4221 Atque
1136 4138 1188 4203 bie
1240 4158 1260 4201 a
1290 4136 1407 4219 quibus
1437 4158 1534 4218 puros
1562 4159 1635 4203 esse
1661 4141 1824 4204 convenit.
1867 4138 1918 4205 Ae
1950 4137 2211 4222 primoquidem

220 4221 338 4286 tertius
355 4236 405 4284 est
422 4241 517 4302 quem
536 4223 655 4301 notavi,
680 4221 846 4286 doetrinae
864 4244 954 4287 usus.
992 4222 1187 4306 Quanquam
1241 4221 1424 4300 denuntiat,
1446 4244 1489 4285 ne
1510 4225 1578 4289 sint
1602 4223 1848 4290 obtrectatores:
1872 4223 1990 4290 deinde
2008 4233 2045 4288 ut
2063 4224 2104 4289 ab
2121 4225 2213 4289 omui

222 4308 309 4372 enirn
340 4326 406 4370 non
434 4317 509 4370 anto
531 4306 681 4371 ultimum
705 4307 790 4372 diem
814 4308 957 4389 perfecte
978 4309 1190 4374 mundabitur
1242 4307 1400 4372 maleficio
1419 4322 1450 4373 et
1469 4310 1589 4374 iniuria
1606 4309 1667 4375 sibi
1687 4321 1882 4393 temperent:
1906 4312 2010 4386 tertie,
2030 4330 2072 4373 ne
2090 4311 2213 4375 calum·

222 4413 315 4460 sacra
341 4392 406 4455 Dei
433 4412 519 4469 area,
552 4392 628 4456 dum
660 4392 812 4457 Christus
841 4414 899 4457 aue
928 4393 1072 4458 adventu
1104 4397 1190 4462 teras
1242 4395 1313 4457 nias
1334 4405 1368 4458 et
1389 4395 1470 4459 falsa
1492 4397 1610 4479 probra
1630 4416 1690 4459 sue
1712 4397 1893 4478 patrocinio
1911 4397 2078 4462 adiuvent.
2117 4394 2211 4460 Reli·

223 4479 349 4563 paleam
372 4476 496 4544 eiiciet:
519 4476 580 4542 hoe
602 4488 711 4542 tamen
731 4481 835 4543 faeere
853 4500 940 4544 nune
958 4480 1072 4562 incipit
1090 4503 1190 4546 evan·
1242 4499 1304 4561 qua
1327 4478 1443 4544 deinde
1465 4481 1658 4546 videbimus.
1702 4482 1964 4549 Maledieentiam
1987 4502 2066 4566 ergo
2088 4479 2200 4546 David

223 4565 299 4649 gelii
321 4564 370 4628 sui
394 4563 550 4638 doctrina,
573 4584 668 4644 quam
692 4563 764 4628 ideo
787 4563 1006 4629 ventilabrum
1030 4567 1189 4631 nominat
1242 4580 1394 4646 tanquam
1434 4567 1573 4647 primum
1611 4569 1777 4632 iniustitae
1809 4580 1906 4652 eaput
1938 4588 2001 4650 que
2035 4564 2212 4633 laeduntur

224 4651 335 4732 Quare
368 4650 503 4713 minime
535 4649 728 4730 torpendum
762 4660 812 4713 est
843 4651 876 4712 in
908 4650 968 4713 hae
990 4661 1098 4732 parte:
1134 4652 1189 4717 sed
1241 4652 1391 4732 preximi,
1426 4652 1550 4716 statuit.
1599 4653 1683 4717 Nam
1719 4655 1746 4718 si
1783 4674 1903 4719 nemen
1939 4654 2059 4718 benum
2096 4653 2212 4719 multis

225 4738 344 4802 acriter
365 4737 472 4818 petius
494 4734 575 4799 eniti
597 4735 750 4800 convenit
773 4748 810 4798 ut
831 4755 865 4800 se
884 4735 918 4799 in
936 4752 1026 4800 casta
1043 4757 1190 4820 puraque
1242 4735 1365 4800 divitiis
1395 4736 1572 4819 praecellit,
1603 4739 1701 4803 Prot.
1730 4739 1782 4815 22,
1815 4739 1946 4804 lnulla
1968 4740 2101 4821 gravier
2124 4761 2214 4805 noxa

225 4822 396 4905 disciplina
416 4821 605 4888 contineant
635 4821 818 4901 quicunque
840 4841 960 4885 nemen
982 4820 1116 4887 Christe
1139 4824 1192 4887 de
1241 4821 1353 4884 inferri
1377 4830 1483 4902 petest
1506 4822 1701 4899 bominibus,
1724 4845 1819 4905 quam
1840 4826 1916 4888 dum
1936 4824 2078 4889 violatur
2096 4845 2212 4890 eorum

225 4908 352 4973 derunt.
404 4906 471 4973 Sed
507 4904 588 4970 illud
625 4910 796 4989 praecipue
826 4906 981 4970 momoria
1011 4908 1190 4972 tenendum
1242 4907 1336 4970 fama.
1383 4906 1485 4969 Porro
1516 4929 1580 4971 nen
1603 4909 1769 4991 quodlibet
1790 4912 1973 4976 convicium
1995 4911 2049 4976 lrie
2070 4910 2211 4977 damna·

225 5008 275 5059 est
298 4994 401 5058 areeri
424 4994 562 5058 iniustos
586 5013 698 5057 omnes
720 5012 740 5055 a
761 4992 939 5056 sanctuarii
962 4993 1127 5074 ingressu:
1159 5010 1192 5058 ει
1242 5003 1308 5069 tur,
1341 4992 1397 5055 sed
1431 4993 1632 5058 obtrectandi
1665 4993 1797 5059 morbus
1831 5016 1868 5060 ae
1901 4997 2009 5073 libide,
2051 5016 2134 5078 quae
2168 4997 2213 5062 ad

225 5077 413 5160 sacrilegam
437 5099 549 5144 eorum
571 5078 739 5145 audaciam
758 5076 916 5151 damnari,
940 5077 1018 5141 dum
1036 5079 1106 5143 sine
1124 5079 1191 5144 ulla
1242 5077 1441 5159 spargendas
1480 5079 1661 5144 calumnias
1700 5079 1862 5162 malignes
1896 5081 2045 5147 homines
2082 5082 2213 5149 inuitat.

225 5163 409 5229 reverentia
435 5174 653 5264 prorumpunt
679 5164 714 5228 in
736 5174 863 5229 coetum
886 5163 1025 5245 piorum.
1069 5164 1190 5229 Taber-
1243 5161 1440 5243 Quanquam
1479 5184 1545 5227 non
1577 5163 1711 5230 dubium
1745 5174 1794 5229 est
1826 5168 1904 5248 quin
1937 5169 2072 5251 spiritus
2105 5171 2215 5235 sancti

224 5249 332 5316 naeuli
352 5250 511 5336 meminit,
529 5271 605 5332 quta
623 5249 768 5317 nendum
783 5258 986 5313 exstructum
1001 5260 1073 5314 erat
1090 5259 1192 5333 temp·
1242 5247 1415 5312 consilium
1445 5249 1496 5324 sit,
1526 5248 1623 5338 falsas
1653 5270 1765 5315 omnes
1792 5252 1847 5315 vel
1869 5253 2032 5336 improbas
2054 5253 2213 5321 erimina-
