4658 5856
140 348 200 414 109
1004 354 1222 423 Psnnuus
1244 356 1287 422 x.
1647 322 1649 326 '
2079 357 2142 424 no

138 535 233 619 fugit.
286 535 354 634 Sed
393 537 469 620 quia
510 539 671 606 Dominus
704 560 815 607 seeum
849 543 993 608 humano
1025 564 1115 609 more
1169 553 1284 610 neutro
1322 565 1442 629 genere
1482 546 1637 626 aooipere.
1692 544 1765 609 Non
1806 545 1891 609 male
1923 547 2023 610 etiam
2057 547 2141 610 verti

139 641 238 705 agore
250 621 345 719 uobis
356 623 529 704 permittit,
549 625 634 722 ,nihii
654 626 832 692 absurdum
851 629 1022 693 eontinent
1032 631 1115 694 istae
1168 639 1286 711 posset,
1319 651 1496 714 pauperem
1528 630 1642 695 ardere
1671 630 1705 693 in
1737 628 1889 712 superbia
1917 631 2026 713 impii:
2065 633 2142 712 quia

138 705 359 803 loquutiones,
389 707 487 771 modo
511 729 653 775 seramus
664 712 806 795 figurate
825 712 866 778 ad
885 713 994 778 Deum
1007 726 1114 778 traus-
1168 713 1248 780 haee
1278 715 1481 799 frequentior
1508 727 1557 780 est
1588 715 1678 780 verbi
1701 715 1908 797 signifieatio,
1936 736 2013 780 nam
2037 717 2140 781 fastus

138 789 330 889 ferri-quod
353 812 394 855 ex
416 796 583 875 praesenti
601 816 711 860 rerum
726 797 849 861 intuitu
867 818 983 863 sensus
1003 808 1116 862 noster
1167 800 1339 882 impiorum
1365 802 1501 865 miseros
1523 799 1672 865 homines
1694 801 1799 864 instar
1821 801 1908 882 ignis
1931 800 2075 865 devorat.

139 884 292 957 ooneiprt,
315 896 392 940 nam
415 878 488 943 fieri
506 879 635 961 quidem
655 891 764 962 potest
781 894 818 946 ut
837 883 934 946 homo
954 884 1113 965 quispiam

139 962 249 1025 iustus
282 960 438 1025 iniuriam
472 974 548 1027 ante
581 965 691 1030 oeulos
724 988 801 1032 suos
829 968 965 1050 pauperi
993 968 1113 1033 laetam
1252 971 1282 1034 3.
1310 970 1394 1050 Quia
1416 990 1448 1034 ee
1465 970 1578 1034 lauded
1594 971 1714 1050 impius
1731 989 1827 1049 super
1844 969 1997 1033 diademo
2016 970 2141 1034 animae

141 1065 207 1110 non
240 1055 433 1127 eompeseat,
468 1051 544 1145 quia
576 1049 667 1114 deest
696 1052 848 1118 tueultas:
881 1053 914 1116 id
943 1065 1051 1117 autem
1080 1055 1114 1116 in
1166 1074 1252 1135 suae,
1287 1056 1487 1120 duioieutua
1519 1053 1580 1117 sibi
1617 1054 1782 1119 euadere:
1827 1055 1948 1133 speruit
1981 1055 2139 1118 Ietovom.

139 1129 339 1227 Denmlnon
357 1145 523 1213 competit,
541 1135 596 1215 qni
614 1156 743 1219 semper
759 1146 906 1202 armatus
924 1148 975 1202 est
991 1138 1115 1203 inviota
1166 1138 1196 1202 4.
1220 1140 1348 1221 Impius
1370 1143 1404 1205 iu
1422 1140 1586 1205 altitudine
1606 1141 1699 1204 auris
1721 1158 1799 1203 suae
1821 1159 1882 1204 nou
1903 1140 2049 1220 exquirit,
2078 1160 2138 1204 oue

139 1223 303 1297 potentm:
327 1236 427 1299 quare
448 1218 476 1281 si
499 1216 692 1297 dissimulat,
715 1222 850 1301 perinde
873 1230 922 1287 est
940 1243 977 1286 aa
994 1224 1022 1287 si
1039 1242 1115 1305 pro·
1166 1244 1221 1289 aes
1241 1228 1310 1290 eius
1330 1227 1495 1304 versutiae,
1518 1245 1580 1290 nou
1602 1225 1700 1290 Deua

140 1300 193 1398 aul
211 1319 248 1398 se
267 1300 472 1366 subduoeret.
508 1301 655 1369 Verbum
675 1303 799 1404 &byn
816 1308 900 1390 quod
917 1306 1115 1372 abscondere

141 1386 314 1468 signifieat,
345 1386 473 1451 duobus
495 1389 600 1452 modis
622 1399 806 1472 exponitur,
837 1413 913 1457 nam
936 1393 1115 1457 seeundum
1253 1395 1283 1459 3.
1307 1393 1408 1480 (Quia
1428 1415 1462 1459 se
1483 1393 1616 1478 laudat.)
1660 1392 1759 1457 Varie
1790 1395 1966 1474 exponitur
1988 1393 2042 1457 hie
2066 1414 2139 1459 ver·

141 1469 300 1551 quosdam
330 1472 518 1553 expostulat
547 1474 656 1539 David
689 1499 764 1543 oum
788 1479 866 1557 Deo,
896 1475 982 1560 quod
1004 1498 1040 1542 se
1062 1498 1114 1542 oo·
1167 1499 1233 1543 sus.
1278 1479 1421 1559 Quidam
1450 1481 1484 1544 in
1515 1479 1702 1545 aeensatiuo
1735 1497 1812 1542 oasu
1835 1486 1971 1541 vertunt
1993 1477 2138 1559 Impium

139 1554 252 1654 enitet,
287 1557 379 1652 quasi
409 1577 462 1621 res
491 1556 652 1624 humanas
680 1583 760 1628 eura
781 1584 840 1627 sua
863 1583 928 1626 nou
951 1562 1114 1645 dignetur.
1166 1573 1198 1627 et
1222 1563 1415 1628 violentum:
1441 1566 1517 1647 quia
1540 1566 1658 1629 durum
1681 1583 1752 1627 esse
1774 1570 1901 1644 putant,
1924 1562 2025 1626 verba
2048 1574 2139 1627 tran-

140 1639 208 1737 Aln
231 1649 399 1721 aeerprunt
420 1660 478 1722 pro
502 1642 653 1709 olaudere
675 1648 795 1726 oeulos,
828 1648 912 1730 quod
936 1647 1115 1730 simplioius
1166 1649 1266 1714 sitiva
1288 1648 1434 1714 absolute
1456 1650 1561 1733 posita
1583 1670 1663 1728 esse,
1697 1648 1753 1712 sed
1777 1667 1877 1729 quum
1899 1646 1979 1711 satis
2002 1657 2137 1731 constet,

140 1723 281 1822 videtur.
326 1723 431 1789 Porro
454 1729 633 1794 notandum
652 1744 701 1797 est
719 1733 869 1815 quamvis
888 1733 941 1798 hio
960 1742 1115 1815 queretur
1167 1735 1352 1817 frequenter
1374 1734 1462 1817 apud
1484 1735 1653 1799 Hebraeos
1675 1753 1785 1798 esaum
1807 1730 1985 1807 subaudiri,
2009 1731 2064 1795 ubi
2083 1754 2136 1797 ea-

140 1807 252 1907 Davrd
274 1808 384 1910 Deum
407 1809 506 1893 longe
527 1812 648 1893 abesse,
672 1819 712 1883 de
734 1820 804 1883 eius
826 1828 937 1882 tamen
960 1838 1115 1901 praesen·
1166 1818 1240 1885 dem
1270 1820 1424 1901 patientis
1453 1831 1487 1884 et
1516 1821 1644 1902 agentis
1673 1828 1723 1882 est
1758 1836 1906 1901 persona,
1940 1817 2138 1881 oommodior

141 1904 185 1958 ua
207 1903 298 1960 eerto
319 1896 421 1959 luisse
443 1917 648 1980 persuasum,
669 1904 789 1985 alioqui
811 1903 936 1968 frustra
959 1925 1033 1968 eum
1057 1903 1114 1968 ad·
1165 1903 1252 1990 (meo
1280 1903 1412 1989 iudieia)
1442 1915 1474 1968 et
1496 1906 1603 1986 aptior
1625 1906 1689 1967 erit
1710 1903 1767 1965 illa
1789 1902 2016 1981 interpretatio
2039 1922 2136 1983 quum

141 1991 297 2077 vocasset.
342 1979 562 2078 interrogatio
584 1996 693 2051 autem
712 2009 777 2070 qua
796 1989 898 2052 utitur
915 1988 979 2053 hue
998 1987 1112 2053 tendit.
1165 2000 1324 2072 sequutus
1351 2011 1440 2054 suin:
1476 2011 1593 2075 nempe
1621 1988 1707 2071 quod
1737 2008 1772 2051 se
1793 1986 1912 2069 impius
1936 1985 2054 2066 laudet,
2085 1988 2136 2051 vel

141 2063 227 2144 Quid
251 2063 315 2128 hoe
336 2063 397 2128 sibi
421 2065 492 2131 vult
520 2066 671 2151 Domine,
698 2093 798 2155 quum
830 2082 922 2137 tuum
948 2075 996 2139 sit
1018 2094 1114 2137 mun·
1165 2075 1326 2157 glorietur
1347 2096 1446 2157 super
1465 2075 1623 2140 desiderio
1640 2074 1768 2136 animae
1786 2092 1874 2148 suae,
1897 2070 2025 2154 sibique
2045 2076 2137 2136 bene-

141 2146 217 2245 dum
241 2147 435 2232 gubernare,
459 2163 493 2214 et
513 2174 610 2234 quem
628 2159 752 2222 virtute
772 2168 829 2223 tua
846 2160 1000 2237 sustines,
1019 2159 1113 2222 iusti·
1165 2160 1260 2225 dieat.
1303 2159 1401 2224 Nune
1423 2160 1591 2242 quaeritur
1611 2158 1704 2241 quale
1727 2158 1771 2221 sit
1792 2155 1879 2220 istud
1902 2156 2032 2220 animae
2054 2156 2137 2220 desi·

140 2244 186 2332 tra
207 2254 339 2331 quoque
368 2234 540 2332 moderari,
571 2249 607 2303 ut
635 2263 700 2306 non
731 2243 828 2307 eitius
850 2253 964 2308 eontra
986 2251 1112 2307 tautam
1166 2245 1303 2308 derium.
1348 2244 1404 2309 Sie
1432 2244 1565 2325 quidem
1594 2245 1662 2306 sere
1691 2242 1793 2324 aeeipi
1816 2241 1907 2317 solet,
1935 2241 2053 2322 impios
2075 2241 2137 2306 sibi

139 2338 314 2400 impiorum
340 2319 509 2417 andaonem
533 2333 565 2388 te
588 2327 752 2392 vindieem
775 2327 951 2392 ostendas?
998 2327 1112 2408 Quan—
1164 2328 1306 2395 blandiri
1334 2339 1367 2392 et
1396 2328 1602 2411 applaudere,
1632 2327 1711 2390 dum
1733 2327 1862 2390 fortuna
1886 2325 2062 2406 respondet
2084 2347 2137 2391 eo·

139 2423 239 2502 quam
269 2403 381 2467 Davrd
412 2426 477 2470 non
508 2415 575 2472 tam
605 2412 835 2493 expostulandi
864 2433 963 2478 eausa
992 2414 1038 2478 sie
1065 2414 1113 2478 lo·
1165 2435 1239 2478 rum
1263 2414 1357 2489 votis,
1380 2424 1413 2476 et
1435 2412 1589 2496 quidquid
1608 2413 1672 2475 illis
1693 2413 1726 2472 in
1743 2420 1887 2473 mentem
1904 2410 2136 2491 venitoptare,

140 2505 263 2585 antur,
293 2509 390 2571 quam
412 2502 458 2588 'ut
485 2495 650 2577 seipsum
673 2497 713 2560 ad
736 2497 934 2580 impetrandi
958 2498 1112 2563 fidueiam
1165 2507 1428 2581 consequuntur:
1458 2498 1555 2562 sicuti
1577 2497 1674 2580 paulo
1698 2504 1769 2576 post
1792 2494 1948 2571 subiieiet,
1979 2515 2137 2576 prospero

139 2584 273 2638 animet.
313 2575 381 2639 Pru
410 2575 604 2644 infirmitate
624 2582 756 2664 quidem
775 2603 893 2648 sensus
910 2584 960 2647 sni
979 2584 1113 2648 minime
1165 2604 1224 2647 suo
1247 2591 1335 2649 statu
1357 2583 1398 2647 ad
1422 2582 1552 2664 quidvis
1572 2578 1758 2646 audendum
1781 2579 1883 2643 abuti.
1928 2577 1994 2642 Sed
2017 2580 2135 2644 deside-

138 2667 394 2724 eonsentaneum
432 2682 503 2726 esse
536 2664 614 2730 dieit
644 2676 683 2731 nt
715 2667 808 2732 Deus
841 2669 882 2733 ab
914 2667 1021 2732 elfieio
1054 2689 1112 2733 suo
1164 2670 1250 2733 rium
1271 2670 1397 2735 animae
1420 2669 1472 2732 hie
1494 2667 1577 2732 mibi
1600 2667 1768 2731 libidinem
1791 2672 1824 2728 et
1845 2664 2136 2744 intemperantium

138 2742 265 2808 tamdiu
287 2757 406 2809 resset:
436 2767 501 2811 non
523 2750 642 2816 desinit
662 2761 773 2818 tamen
797 2753 923 2817 interea
944 2773 1041 2817 suum
1064 2754 1111 2817 illi
1165 2753 1270 2838 magis
1295 2762 1399 2818 notat:
1428 2764 1466 2816 ιιι
1487 2773 1603 2817 sensus
1625 2753 1677 2827 sit,
1700 2749 1844 2814 suaviter
1867 2769 1921 2813 eos
1944 2749 2005 2812 sibi
2029 2748 2137 2813 indul·

138 2828 298 2895 honorem
331 2831 466 2928 deterre,
500 2843 533 2897 at
566 2846 695 2902 tautum
728 2838 898 2902 molestiae
920 2859 1011 2915 onus,
1048 2859 1112 2920 quo
1165 2860 1242 2921 gere
1271 2839 1304 2901 in
1328 2839 1437 2918 pravis
1460 2839 1529 2903 suis
1552 2835 1785 2920 eupiditatibus
1808 2844 1841 2897 et
1863 2844 2051 2915 euntempto
2072 2832 2137 2899 Dei

137 2925 307 3012 gravatur,
336 2915 488 2997 preerbus
516 2921 550 2983 in
573 2924 642 2985 eius
663 2924 772 2988 sinum
795 2920 938 3005 deponit.
985 2923 1111 2988 Eodem
1165 2924 1292 2999 iudioio,
1316 2943 1428 2987 seeure
1450 2929 1580 2987 areatu
1598 2943 1634 2986 se
1653 2920 1829 2985 absolvere.
1860 2917 1926 2982 Pro
1944 2939 2008 3000 quo
2026 2919 2138 2984 Moses

136 3010 281 3082 pertinet
309 2999 396 3097 quod
425 3005 588 3084 sequitur:
618 3008 671 3071 Ad
702 3010 972 3090 opportunitates.
1025 3008 1111 3073 Nam
1165 3008 1410 3073 Deuteronomii
1440 3008 1544 3089 eapite
1573 3007 1833 3089 vigesimonono,
1864 3024 1960 3067 versu
1985 3004 2035 3067 19.
2059 3003 2137 3069 dioit

136 3097 176 3149 ut
197 3084 290 3148 Deus
307 3086 451 3182 ‘singulis
473 3093 651 3156 momentis
674 3113 808 3156 manum
833 3113 925 3157 suam
947 3114 1013 3157 non
1037 3114 1110 3174 pro·
1164 3094 1356 3159 benedicere
1395 3092 1523 3157 animae
1563 3112 1641 3156 suae
1673 3110 1773 3170 super
1805 3087 2049 3153 inventionibus
2083 3090 2137 3154 vel

137 3170 237 3267 ierat:
260 3169 316 3234 ubi
338 3179 449 3235 tanum
471 3175 635 3257 simplices
657 3187 691 3240 et
708 3179 859 3242 innoxios
878 3178 1017 3261 opprimi
1036 3197 1112 3242 oon·
1165 3179 1329 3261 figmentis
1360 3176 1475 3243 sordis.
1520 3176 1618 3241 Dieet
1647 3175 1779 3257 quidem
1810 3171 1907 3254 paulo
1931 3182 2005 3253 post
2026 3174 2135 3241 David

137 3256 244 3337 spreit,
274 3274 340 3319 non
370 3267 421 3321 est
450 3259 590 3342 amplius
617 3262 765 3326 cessandi
796 3271 934 3345 tempus.
979 3262 1111 3346 Agendi
1163 3263 1280 3345 impios
1310 3281 1369 3326 sua
1391 3261 1607 3344 prosperitate
1630 3259 1730 3338 abuti,
1758 3266 1796 3321 ut
1817 3255 1878 3322 sibi
1901 3256 2033 3320 delicias
2055 3257 2135 3322 faei-

138 3339 225 3403 enim
247 3342 474 3422 opportunitas
497 3346 640 3409 breviter
662 3347 825 3424 definitur,
855 3369 954 3430 quum
977 3368 1111 3412 versan-
1163 3357 1235 3413 ant:
1256 3347 1312 3412 sed
1332 3368 1419 3412 nuno
1432 3347 1567 3430 gravius
1579 3344 1702 3428 aliquid
1714 3342 1800 3428 (meo
1814 3340 1947 3426 iudioio)
1963 3343 2134 3423 exprimit:

138 3437 193 3521 tur
225 3423 339 3491 fideles
367 3427 401 3490 in
434 3432 595 3512 angustia.
648 3432 700 3496 De
729 3452 794 3513 qua
823 3432 977 3512 loquendi
1007 3433 1112 3497 forma
1162 3433 1247 3515 qnod
1278 3432 1403 3497 seilieet
1431 3431 1561 3496 laudem
1591 3430 1763 3513 nequirent
1788 3448 1829 3491 ex
1864 3425 2009 3504 audaeia,
2045 3438 2078 3490 et
2099 3429 2135 3492 in

138 3509 283 3577 diximus
305 3513 454 3592 proximo
477 3514 617 3592 Psalmo,
641 3537 739 3581 versu
762 3516 895 3582 deoimo.
1161 3516 1338 3583 sceleribus
1360 3517 1429 3582 suis
1451 3516 1647 3601 glorientur:
1685 3534 1768 3597 qnae
1790 3511 1948 3577 seeuritaa
1979 3513 2133 3580 effraenis

222 3595 253 3660 2.
288 3596 346 3682 (Iu
377 3599 552 3685 superbio.)
608 3602 806 3684 Priusquam
841 3601 1109 3684 imprecationem
1161 3603 1345 3685 proterviae
1374 3623 1473 3667 eausa
1502 3611 1561 3666 est.
1610 3601 1727 3683 Itaque
1755 3596 1911 3662 laudandi
1941 3606 1974 3661 et
2004 3598 2135 3662 benedi·

135 3684 297 3764 oonoipiat
317 3693 431 3748 eontra
454 3687 579 3768 impios,
602 3688 726 3752 erimeu
749 3709 862 3752 eorum
885 3687 1031 3751 breviter
1052 3708 1110 3752 ex·
1160 3687 1255 3754 eendi
1285 3687 1385 3753 verba
1408 3687 1520 3752 eodem
1538 3707 1636 3752 sensu
1659 3686 1765 3768 posita
1787 3684 2002 3764 interpretor:
2037 3683 2135 3747 sieuti

134 3769 238 3852 ponit,
261 3766 346 3854 quod
368 3769 493 3835 aeilieet
517 3772 655 3837 miseros
678 3793 744 3836 non
767 3773 831 3837 alia
854 3773 893 3836 de
915 3790 1015 3837 eausa
1036 3793 1109 3837 eru·
1162 3773 1287 3854 Impius
1309 3781 1342 3837 et
1364 3772 1537 3836 Violentus
1559 3791 1743 3854 synonyma
1765 3776 1852 3844 sunt,
1875 3767 1962 3847 qued
1985 3765 2025 3830 ad
2044 3788 2133 3849 prae·

135 3851 255 3918 daliter
287 3861 420 3931 vexent,
454 3856 517 3921 nisi
550 3859 627 3938 quia
659 3857 798 3939 superbe
832 3878 886 3922 eos
918 3856 1110 3939 despiciunt.
1160 3869 1287 3922 sentem
1316 3857 1423 3922 loeum
1452 3858 1585 3920 attinet:
1618 3854 1696 3920 lieet
1717 3856 1803 3917 inter
1825 3872 1860 3915 se
1882 3851 2038 3916 differant
2060 3863 2133 3917 tan·

134 3937 317 4005 Saevitiam
339 3958 507 4005 veronen
530 3962 648 4022 parum
671 3942 1109 4024 amplifieathaeoeiroum·
1160 3963 1258 4025 quam
1277 3962 1383 4024 genus
1401 3950 1434 4005 et
1451 3941 1585 4024 speeies.
1630 3939 1693 4003 His
1711 3936 1863 4003 eonvenit
1881 3935 1967 4017 quod
1987 3940 2134 4018 proxima

135 4025 267 4106 stantia,
296 4023 383 4108 quod
413 4025 630 4092 humanitatis
652 4026 755 4102 obliti,
783 4027 983 4176 gauperibus
1006 4036 1040 4090 et
1062 4028 1108 4090 af·
1161 4026 1292 4092 additur
1314 4028 1351 4091 in
1372 4027 1438 4089 fine
1460 4046 1583 4107 versus,
1606 4024 1723 4106 impios
1745 4021 1818 4085 illos
1843 4020 1949 4084 Deum
1968 4042 2132 4103 spernere.

133 4109 232 4175 fliotis
274 4109 510 4177 eontumeliose
552 4112 721 4177 insultent.
812 4111 935 4193 uperba
979 4111 1109 4193 quidem
1160 4112 1245 4177 Nam
1269 4111 1354 4192 quod
1373 4111 1472 4192 aliqui
1491 4110 1729 4193 Blaephemare
1748 4114 1891 4183 vertunt,
1912 4106 1968 4169 alii
1987 4106 2027 4171 ad
2050 4110 2133 4172 iram

134 4214 265 4279 semper
294 4205 344 4260 est
373 4194 558 4275 erudelitas,
589 4198 655 4262 imo
678 4198 830 4278 superbia
852 4197 998 4260 omnium
1021 4196 1108 4260 iniu·
1160 4217 1348 4277 provoeare,
1380 4217 1399 4260 a
1433 4205 1587 4262 eontextu
1620 4193 1778 4259 remotius
1813 4199 1872 4274 est,
1912 4191 1989 4273 quin
2024 4196 2133 4273 potius

134 4282 258 4346 riarum
287 4288 394 4347 mater
422 4289 489 4346 est:
519 4283 595 4363 quia
625 4283 687 4346 nisi
718 4283 791 4364 quis
814 4283 897 4345 fastu
922 4302 957 4347 se
979 4282 1110 4346 efferret
1160 4280 1268 4346 David
1291 4281 1427 4363 supinae
1447 4281 1535 4345 illius
1556 4279 1784 4362 indulgentiae
1802 4295 1933 4341 eausam
1952 4297 2022 4341 esse
2041 4277 2134 4342 doeet

133 4385 234 4448 supra
262 4366 438 4451 proximos,
468 4376 501 4430 et
528 4366 602 4449 plus
630 4387 732 4449 aequo
755 4365 816 4431 sibi
850 4386 1008 4449 arrogans
1035 4366 1109 4431 illos
1159 4387 1304 4433 erassum
1342 4367 1406 4430 Dei
1440 4374 1674 4448 eontemptum.
1720 4363 1806 4428 Nam
1839 4362 1895 4443 qui
1927 4363 2034 4426 Deum
2064 4365 2133 4427 iore

134 4450 326 4536 despioeret,
367 4450 462 4516 nobis
492 4455 675 4517 eommunis
707 4452 896 4517 hnmanitas
930 4450 1108 4515 modestiae
1158 4452 1297 4516 iudieem
1320 4460 1461 4533 reputat,
1483 4451 1512 4515 ei
1536 4461 1642 4514 terror
1665 4446 1818 4513 obiieitur
1840 4468 1883 4510 ne
1905 4447 2035 4512 animae
2053 4468 2132 4512 suae

133 4544 168 4602 et
188 4537 364 4621 aequitatis
386 4536 491 4619 legem
522 4537 728 4619 praeseribit:
762 4536 819 4602 sed
849 4537 902 4600 hie
925 4537 1108 4619 exprimere
1158 4535 1348 4602 benedioere
1371 4535 1498 4612 audeat,
1522 4535 1599 4599 dum
1622 4534 1683 4597 sibi
1707 4532 1793 4596 male
1815 4532 1964 4596 eonseius
1987 4540 2045 4596 est.

134 4621 241 4686 voluit
262 4621 384 4703 David,
406 4622 525 4704 impiis,
552 4642 632 4703 quos
655 4632 794 4698 aeeusat,
818 4622 948 4686 nonnisi
971 4620 1054 4687 altos
1075 4628 1108 4685 et
1243 4621 1274 4684 4.
1308 4620 1448 4706 (Impius
1480 4621 1516 4685 iu
1547 4619 1735 4702 altitudine.)
1779 4617 1926 4681 Vertunt
1955 4617 2021 4692 alii,
2054 4636 2133 4697 prae

133 4705 258 4772 feroces
291 4707 425 4789 spiritus
459 4708 493 4770 in
526 4725 623 4772 eausa
656 4727 726 4770 ease
757 4727 826 4786 eur,
860 4726 926 4769 non
955 4705 1106 4783 lacessiti,
1159 4705 1316 4772 violentia
1344 4706 1412 4770 irae
1441 4724 1530 4781 suae,
1562 4704 1614 4769 vel
1645 4704 1680 4767 in
1703 4702 1856 4784 superbia
1877 4721 1975 4782 quam
1998 4720 2075 4780 prae
2097 4722 2132 4765 se

133 4794 281 4858 saeviant
310 4801 425 4857 eontra
452 4791 587 4855 miseros
619 4800 651 4853 et
679 4792 802 4873 inopes.
848 4789 1005 4872 Quisquis
1028 4811 1107 4874 ergo
1159 4792 1231 4870 lert,
1262 4790 1370 4855 Deum
1401 4810 1466 4855 non
1491 4790 1628 4872 requirit
1650 4788 1780 4870 impius.
1824 4785 1891 4852 Sed
1915 4784 2034 4867 partim
2057 4806 2132 4848 sen·

132 4878 220 4942 iuste
248 4885 281 4941 et
309 4877 380 4941 sine
402 4895 490 4940 noxa
512 4877 637 4941 versari
659 4896 734 4942 uum
757 4874 913 4938 iratribus
934 4875 1033 4958 eupit,
1064 4897 1107 4941 ne
1157 4897 1229 4942 sum
1254 4874 1452 5022 degravant:
1483 4875 1602 4956 partim
1630 4882 1812 4937 extenuant
1840 4869 1924 4952 quod
1947 4869 2132 4951 exprimere

132 4959 194 5026 sibi
224 4961 353 5045 plaeeat
379 4980 454 5026 oum
477 4961 616 5025 aliorum
639 4959 845 5036 contumelia,
879 4958 937 5023 sed
959 4962 1106 5025 animum
1159 4961 1262 5026 veluit
1325 4957 1409 5024 auid.
1456 4959 1567 5023 Primo
1599 4956 1736 5022 verbum
1767 4952 1957 5036 exquirendi
1985 4953 2132 5019 absolute

131 5066 228 5111 suum
259 5047 430 5127 superbiae
459 5046 572 5111 morbo
602 5046 636 5108 in
666 5045 780 5126 primis
803 5065 944 5127 purgare
967 5046 1105 5110 studeat.
1157 5049 1300 5128 positum
1336 5064 1506 5127 perperam
1539 5042 1758 5124 restringitur.
1795 5059 1895 5122 quum
1938 5038 2132 5121 simpliciter

132 5135 223 5214 7⁵25
245 5130 407 5196 Hebraeis
435 5138 501 5194 tam
525 5130 592 5211 pati
615 5150 712 5210 quam
734 5128 857 5193 inferre
880 5131 1106 5212 persequutio·
1158 5130 1322 5212 intelligat
1352 5129 1471 5211 David,
1500 5129 1617 5210 impios
1648 5128 1718 5191 sine
1747 5125 1897 5188 examine
1919 5124 1981 5189 sibi
2001 5125 2132 5206 quidvis

130 5171 209 5282 bem
246 5216 428 5299 signifieat:
465 5213 537 5278 ideo
570 5215 764 5297 quibusdam
800 5214 905 5298 magis
935 5214 1041 5295 plaeet
1070 5215 1104 5279 in
1159 5215 1358 5297 permittere,
1390 5214 1442 5278 vel
1473 5234 1539 5278 non
1570 5211 1755 5276 diseernere
1785 5207 2001 5274 interisset
2024 5211 2130 5275 nefas:
