4672 5864
126 317 185 382 222
971 316 1189 385 asennaa
1212 317 1270 382 nr.
1873 272 1875 276 Α
2049 315 2113 383 222

128 518 160 571 22
189 504 349 572 desiderio
377 507 518 590 flagrare
546 505 761 587 domonstrat,
794 515 833 572 ut
860 519 969 572 tamen
999 507 1100 572 armis
1150 505 1354 585 sacrificium,
1381 525 1444 590 quo
1473 505 1606 588 expiata
1627 514 1705 571 sunt
1724 504 1840 572 mundi
1862 515 2007 588 peccata:
2038 526 2114 572 2222

127 590 889 675 11212121222222222τ2212221222222112112
911 591 1099 674 11222222-
1150 600 1260 655 tamen
1295 601 1329 655 22
1360 591 1477 656 merito
1510 589 1594 656 nihil
1626 612 1661 656 22
1693 590 1965 674 compensationis
1998 591 2115 670 afferre

128 680 223 743 sitam
245 697 317 742 2222
338 677 462 743 statuit.
495 676 619 743 Eodem
643 688 767 762 spectat
783 679 954 761 proximus
971 697 1098 754 222222,
1149 685 1291 742 testatus
1308 687 1374 743 est:
1394 677 1468 761 quia
1481 677 1656 761 gratuitam
1668 676 1961 743 reconciliationem
1975 676 2112 759 petebat.

127 762 183 829 ubi
215 774 369 846 precatur
401 762 488 828 labia
520 763 582 829 sibi
615 765 751 848 aperiri:
786 763 872 846 quod
905 762 1097 828 tantundem
1149 761 1265 845 Neque
1282 763 1380 840 euim,
1397 762 1529 846 proprie
1546 762 1716 845 loquendo,
1733 784 1773 828 ex
1792 763 1922 845 seipsis
1939 762 2114 846 quidquam

126 848 217 914 22122
252 867 291 914 22
324 848 472 933 praeberi
506 848 613 916 laudis
645 848 826 916 materiam.
881 847 958 914 Scio
990 848 1098 915 locum
1149 847 1328 913 afferebant
1350 847 1472 932 121221,
1502 848 1659 914 sacrificia
1680 848 1862 928 mactando,
1888 847 1946 913 221
1968 850 2114 931 potiusa

127 935 216 1000 huno
237 934 286 1000 122
307 934 412 999 221222
433 936 561 1020 exponi,
589 937 682 1019 quasi
703 934 812 1000 David
835 933 983 1020 linguam
1003 952 1098 1000 suam
1149 932 1282 999 Christb
1303 934 1540 1000 mutuabantur
1556 932 1643 1017 quod
1660 934 1788 1001 cunctis
1805 932 1997 1000 mortalibus
2015 935 2114 1018 deest,

129 1020 224 1103 dirigi
253 1028 382 1102 optaret
408 1041 429 1084 2
457 1022 574 1104 2212122
598 1022 671 1102 Dei,
700 1032 737 1084 ut
759 1020 895 1086 idoneus
917 1021 961 1085 sit
983 1018 1023 1084 ad
1045 1037 1097 1082 ea·
1150 1019 1381 1103 redemptionis
1410 1020 1569 1102 pretium:
1598 1019 1742 1103 adeoque
1763 1020 1922 1087 sacrificia
1943 1020 2034 1104 legis,
2057 1020 2113 1084 ho·

127 1107 254 1171 nendas
278 1106 349 1171 2122
371 1104 492 1184 122122,
521 1117 555 1172 22
575 1117 663 1172 certe
684 1106 748 1171 nisi
770 1104 985 1171 1122222212
1006 1103 1098 1168 nobis
1150 1104 1275 1169 minum
1297 1113 1459 1189 respectu,
1480 1126 1569 1172 mere
1591 1106 1719 1188 passiva
1740 1115 1844 1171 erant.

126 1189 323 1275 suppeditet
353 1210 486 1275 prorsus
507 1193 591 1257 muti
613 1193 744 1259 erimus.
787 1189 854 1257 Sed
876 1192 963 1256 aliud
992 1189 1099 1255 voluit
1236 1191 1287 1256 19.
1316 1190 1497 1277 (Sacrificio
1520 1190 1608 1278 Dei.)
1656 1190 1834 1275 Postquam
1864 1191 2031 1258 2222112112
2059 1189 2114 1256 12·

125 1275 245 1356 112211,
278 1296 314 1342 se
346 1297 434 1344 2222
466 1276 703 1360 2221222212
732 1278 962 1358 obmutescere,
995 1274 1099 1342 donee
1151 1276 1252 1341 traxit
1273 1277 1471 1361 propitiandi
1487 1276 1550 1342 Dei
1574 1279 1740 1359 virtutem,
1761 1297 1858 1360 quam
1880 1274 2115 1343 falsoaffinxe-

125 1363 259 1427 veniam
291 1360 446 1446 2122222,
478 1362 518 1427 21
552 1364 731 1447 gratiarnm
764 1363 923 1430 sotionem
953 1373 1096 1428 voantur.
1150 1372 1227 1428 rant
1254 1361 1378 1442 Iudaei,
1406 1384 1496 1429 nunc
1525 1361 1613 1441 11212,
1641 1363 1781 1429 Etiamsi
1806 1362 1886 1427 nibil
1909 1374 2038 1445 praeter
2059 1382 2115 1429 cor

125 1445 250 1513 Eodem
279 1447 362 1512 mibi
393 1446 522 1513 videtur
551 1469 647 1515 22222
675 1468 765 1514 2222
785 1447 846 1514 sibi
868 1449 956 1515 labia
977 1448 1096 1534 aperiri
1149 1449 1324 1514 contritum
1351 1464 1383 1514 et
1412 1448 1617 1514 humiliatum
1646 1449 1771 1532 afferat,
1800 1448 1862 1515 hoc
1886 1447 1957 1512 Deo
1986 1447 2114 1514 abunde

124 1533 309 1616 postulare,
342 1552 407 1614 quo
440 1532 518 1599 alibi
547 1535 713 1618 praedicat
742 1533 853 1600 datum
884 1535 946 1600 sibi
976 1535 1010 1601 in
1039 1557 1096 1600 ore
1149 1533 1316 1599 sufficere:
1347 1535 1423 1618 quia
1450 1554 1552 1599 unum
1575 1533 1635 1600 boc
1658 1535 1770 1618 exigat
1793 1555 1812 1597 2
1833 1532 2056 1616 peccatoribus
2077 1545 2116 1600 ut

125 1620 225 1684 121222
254 1619 418 1685 canticum
449 1638 579 1697 novum,
609 1620 733 1687 Psalm.
754 1619 807 1696 40,
837 1619 867 1686 4.
886 1636 892 1649 ·
911 1623 1021 1705 Atque
1051 1623 1097 1685 122
1148 1619 1262 1685 1212221
1280 1634 1314 1684 22
1331 1619 1489 1703 prostrati
1510 1618 1761 1686 misericordiam
1783 1619 1966 1702 implorent.
1999 1618 2115 1702 Neque

125 1724 241 1770 rursus
274 1713 403 1787 gratum
433 1703 505 1770 Deo
537 1726 572 1770 se
601 1708 670 1772 fore
699 1716 851 1788 testatur,
885 1716 919 1772 et
947 1707 1095 1773 beneficii
1147 1705 1270 1770 frustra
1293 1705 1412 1788 plurali
1441 1726 1578 1771 numero
1595 1725 1673 1770 usus
1695 1715 1754 1781 est,
1784 1724 1846 1789 quo
1867 1704 1985 1769 melius
2007 1708 2115 1788 expri-

123 1808 319 1855 memorem:
350 1790 424 1872 quia
454 1811 520 1855 uon
548 1792 612 1857 alio
633 1794 698 1858 fine
719 1792 754 1856 in
777 1792 918 1877 gratiam
939 1814 974 1858 se
994 1791 1095 1876 recipi
1147 1798 1253 1856 meret
1281 1792 1500 1875 poenitentiae
1528 1790 1732 1869 sacrificium,
1761 1811 1820 1873 pro
1841 1789 1992 1855 omnibus
2013 1812 2115 1857 unum

124 1875 280 1959 postulat,
307 1875 371 1939 nisi
398 1888 435 1940 nt
459 1874 548 1959 apud
568 1897 681 1943 omnes
704 1878 828 1962 gratiae
849 1875 914 1944 Dei
936 1879 1096 1946 clamosus
1148 1877 1305 1943 sufficere.
1346 1875 1384 1944 Si
1407 1875 1545 1942 dixisset
1566 1876 1641 1942 boni
1664 1875 1772 1940 odoris
1791 1896 1861 1942 esse
1884 1875 1946 1941 hoc
1966 1879 2115 1944 sacrificii

124 1962 168 2026 sit
189 1981 318 2044 praeco.
356 1961 903 2048 112222121222221222221222122
929 1964 1096 2031 02222222
1148 1982 1269 2046 genus,
1309 1973 1495 2047 promptum
1529 1962 1643 2027 fuisset
1675 1961 1805 2026 Iudaeis
1837 1962 2001 2039 cavillari,
2035 1963 2115 2028 21122

123 2045 323 2112 annuntiabit
354 2046 480 2113 12221222
507 2053 613 2115 tuem:
644 2069 682 2114 22
710 2051 737 2116 21
768 2051 979 2131 promitteret,
1008 2050 1096 2114 clara
1148 2062 1257 2112 tamen
1285 2069 1356 2114 esse
1384 2050 1507 2131 species
1525 2067 1691 2130 2222222
1714 2048 1822 2112 mines
1846 2047 1917 2112 Deo
1938 2048 2113 2132 placerent.

123 2145 155 2196 et
178 2152 296 2198 sonora
319 2152 395 2198 2222
418 2132 525 2217 palam
549 2156 584 2200 se
606 2135 678 2200 Deo
699 2134 822 2221 gratias
843 2145 1004 2202 acturum.
1149 2131 1253 2200 Sicuti
1280 2132 1428 2200 21122222
1454 2131 1549 2198 bodie
1576 2133 1717 2216 papistas
1746 2152 1805 2198 sua
1831 2153 1929 2216 opera
1949 2132 2014 2199 Dei
2042 2154 2115 2219 gra·

1147 2217 1211 2284 tiae
1240 2219 1385 2299 miscere,
1414 2241 1455 2284 ne
1480 2218 1623 2300 gratuita
1650 2218 1695 2283 212
1722 2229 1926 2302 peccatorum
1956 2219 2113 2286 remissio.

211 2303 262 2369 18.
276 2303 360 2385 Quia
376 2310 603 2386 nonccceptnm
615 2304 956 2390 12121122222121212222
972 2306 1097 2372 21122221
1148 2304 1308 2370 Consulto
1341 2306 1449 2387 itaque
1480 2301 1608 2380 David,
1649 2315 1685 2368 ut
1715 2304 1825 2369 omnia
1856 2306 2113 2371 satisfactionum

124 2390 192 2454 1222
219 2387 445 2472 holocaustum,
472 2408 535 2455 non
560 2390 701 2474 plecta
754 2394 804 2460 19.
835 2392 1002 2473 Sacrificio
1030 2391 1095 2458 Dei
1147 2402 1332 2455 commenta
1361 2390 1558 2473 excluderet,
1587 2390 1717 2454 unicam
1738 2390 1871 2474 spiritus
1894 2390 2114 2469 deiectionem,

124 2475 257 2559 22121222
277 2474 424 2556 afflictae,
446 2493 498 2541 cor
519 2475 671 2558 afflictam
693 2484 721 2545 et
741 2480 904 2546 contritum
921 2477 1011 2543 112222
1031 2498 1094 2543 non
1148 2496 1360 2559 quaeeunque
1382 2475 1473 2540 Deus
1496 2476 1612 2558 probat
1632 2475 1799 2553 sacrificia,
1830 2476 1864 2538 in
1886 2495 1922 2540 se
1943 2476 2113 2558 complecti

123 2560 283 2641 cepeto
326 2559 378 2625 20.
401 2557 540 2642 Benefcc
560 2562 595 2627 in
616 2561 805 2646 beneplacito
824 2571 878 2630 tce
901 2563 1096 2639 11222212·-
1148 2561 1298 2627 asseruit.
1342 2561 1388 2626 Et
1416 2580 1517 2643 quum
1542 2561 1699 2626 sacrificia
1721 2559 1783 2625 Dei
1806 2561 1962 2639 nominat,
1985 2562 2114 2626 videtur

121 2647 179 2727 fiee
218 2664 326 2710 222222
358 2644 543 2712 Ierusalem.
599 2648 650 2714 21.
688 2650 776 2715 Tenc
815 2655 938 2732 2222212
968 2648 1095 2715 babebis
1147 2646 1278 2730 oblique
1299 2646 1446 2713 mordere
1464 2645 1662 2730 hypocritas,
1683 2647 1738 2728 qui
1757 2666 1815 2712 suo
1833 2655 1961 2711 tautum
1980 2644 2113 2712 arbitrio

122 2730 280 2811 sacrificia
312 2730 467 2808 1222112122,
499 2731 708 2800 boloconetnm
738 2741 765 2800 ct
792 2735 993 2802 oblationum:
1023 2739 1095 2802 tnnc
1148 2733 1305 2799 sacrificia
1334 2733 1521 2810 aestimant,
1554 2733 1630 2797 dum
1664 2731 1705 2796 ad
1734 2730 1975 2816 propitiandum
2004 2730 2112 2798 Deum

123 2816 305 2882 2122221221
324 2836 422 2898 cuper
443 2816 651 2884 2122222222
672 2821 773 2886 211211.
1147 2817 1255 2884 valere
1288 2818 1516 2902 imaginantur.
1568 2817 1634 2884 Η12
1666 2829 1775 2882 tamen
1805 2817 1950 2883 exoritur
1974 2816 2115 2885 difficilis

1147 2904 1310 2986 quaestio:
1332 2904 1407 2986 quia
1425 2904 1453 2970 si
1472 2903 1612 2968 21112222
1626 2902 1761 2987 22121222
1776 2923 1835 2987 222
1849 2900 2000 2969 omnibus
2014 2905 2114 2970 22221-

209 2987 261 3052 18.
283 2986 384 3073 (Quin
404 2986 490 3074 non.)
529 2988 602 3054 Hoc
623 2987 693 3056 loco
715 2990 817 3068 dccet,
840 2990 991 3073 quamvis
1012 2990 1094 3056 nihil
1147 2989 1231 3054 12112
1253 2998 1406 3055 22222222
1427 3008 1534 3054 coram
1554 2989 1633 3070 Deo,
1655 2997 1817 3072 sequetur,
1840 2988 2114 3072 poenitentiarios

123 3072 397 3157 compensationis
426 3072 468 3137 21
492 3074 600 3138 Deum
632 3076 757 3151 afferat,
787 3097 822 3141 se
852 3077 996 3159 gratuita
1024 3077 1095 3142 eius
1146 3075 1276 3139 veniam
1308 3074 1475 3156 consequi:
1507 3072 1593 3155 quod
1623 3074 1650 3140 si
1672 3093 1789 3138 verum
1812 3085 1870 3151 est,
1900 3073 1964 3136 iam
1987 3071 2114 3140 desinet

122 3157 345 3225 misericordia
374 3159 504 3238 fretum,
539 3169 628 3226 certo
655 3182 786 3244 sperare
815 3161 906 3227 illum
936 3161 997 3228 sibi
1025 3163 1094 3227 fore
1146 3180 1218 3224 esee
1235 3159 1388 3243 gratuita.
1414 3158 1610 3241 Respondco
1620 3157 1783 3224 Davidem
1802 3157 1854 3223 hie
1871 3177 1938 3223 non
1954 3157 2114 3226 disserere

122 3243 330 3309 exorabilem.
358 3244 409 3310 Ae
426 3245 531 3327 primo
548 3244 679 3326 quidem
698 3267 734 3312 se
751 3248 881 3331 inopem
899 3258 934 3313 et
951 3266 1094 3312 vaenum
1146 3245 1225 3327 quid
1243 3242 1429 3328 2222111122
1450 3244 1638 3327 persolvant
1658 3245 1816 3324 homines,
1839 3244 1890 3309 vel
1912 3263 1975 3328 quo
1997 3246 2114 3312 merito

122 3329 274 3396 accedere
302 3330 432 3410 fatetur,
460 3328 516 3394 sed
544 3331 605 3398 boc
628 3331 830 3397 obstaculum
853 3353 915 3396 non
940 3332 1009 3397 1222
1030 3353 1094 3416 222
1145 3330 1369 3395 remissionem
1397 3338 1603 3412 peccatorum
1624 3330 1802 3407 obtineant,
1830 3331 1894 3396 imo
1916 3329 1993 3395 data
2014 3350 2113 3415 opera

122 3417 232 3480 minus
249 3414 404 3501 impetret
424 3414 510 3499 quod
532 3416 633 3500 cupit,
655 3418 815 3501 quianon
834 3429 981 3484 moratur
1000 3418 1092 3483 Deus
1146 3417 1296 3499 spiritum
1322 3415 1489 3492 afflictum,
1519 3415 1640 3481 fictitiis
1669 3414 1987 3499 compensationibus
2016 3438 2112 3502 oppo-

122 3501 281 3568 saorifieia
334 3501 403 3567 Nec
433 3522 510 3567 vero
538 3502 672 3568 dubium
702 3512 752 3569 est
780 3503 859 3585 quin
883 3503 982 3569 tacita
1005 3523 1091 3568 oom-
1145 3522 1245 3578 nens,
1276 3500 1459 3566 nuditatem
1488 3499 1657 3566 hominnm
1688 3499 1840 3587 detegere
1870 3500 1985 3567 voluit:
2017 3506 2110 3570 212221

121 3588 291 3670 paratione
311 3607 457 3653 erassum
479 3587 570 3671 vulgi
594 3608 736 3654 errorem
758 3590 969 3672 perstringat,
994 3610 1089 3672 quem
1146 3589 1246 3651 otiam
1270 3606 1332 3652 nou
1356 3585 1419 3651 alio
1442 3584 2112 3687 2221122212122212122212,2222222122-

122 3672 328 3738 22122221222
346 3671 496 3738 omnibus
514 3674 653 3740 saeculis
671 3694 825 3760 regnasse
842 3675 927 3758 aqud
946 3673 1092 3740 1212222.
1145 3671 1268 3737 minem
1296 3673 1475 3755 exinaniat,
1504 3673 1557 3738 221
1587 3695 1621 3737 22
1650 3674 1791 3738 nibilum
1817 3673 1954 3756 redigat.
1998 3674 2112 3757 Neque

122 3757 207 3822 Nam
236 3778 336 3841 quum
364 3759 532 3824 sacrificiis
561 3761 687 3845 expiari
716 3771 848 3844 2222222
878 3761 932 3825 lex
955 3761 1093 3839 doceret,
1144 3759 1231 3822 enim
1255 3757 1325 3822 fieri
1349 3769 1467 3839 potest,
1489 3756 1544 3821 ubi
1567 3758 1642 3842 quid
1666 3760 1826 3842 reliquum
1849 3759 1942 3823 nobis
1964 3760 2111 3838 facimus,

123 3856 159 3908 ut
177 3841 330 3926 operibus
349 3843 418 3909 2212
435 3843 533 3908 diffisi
552 3846 807 3911 satisfactionem
827 3844 868 3910 ab
883 3846 1093 3911 unoObristo
1143 3843 1221 3924 quin
1253 3862 1288 3906 22
1317 3843 1448 3908 animus
1473 3853 1584 3907 noster
1611 3846 1645 3909 in
1670 3844 1811 3927 aliquam
1833 3844 1984 3910 fiduciam
2008 3845 2111 3911 tollat.

121 3939 285 4012 peterent:
299 3928 356 3993 1111
378 3928 543 4012 22122222,
566 3951 603 3995 22
621 3932 649 3995 21
671 3931 747 3996 1222
770 3932 876 4016 pretio
893 3931 1091 3996 redimerent
1143 3927 1239 3995 Unde
1260 3928 1420 4011 sequitur,
1448 3928 1543 3993 corde
1564 3931 1703 3994 contrito
1725 3931 1830 3995 iacere
1851 3931 1961 3995 omnia
1982 3931 2110 4006 merita.

117 4034 151 4079 se
184 4034 204 4079 a
232 4013 352 4081 indicio
372 4012 447 4092 Dei,
476 4035 550 4081 oum
573 4017 741 4082 2222112112
763 4016 946 4100 prodibant.
989 4016 1090 4082 Prae·
1143 4025 1180 4077 ut
1195 4013 1280 4078 nibil
1295 4025 1445 4079 mutuum
1468 4014 1606 4079 afferant
1626 4015 1783 4080 homines.
1817 4015 1944 4097 Siquis
1962 4018 2111 4101 excipiat,

118 4108 285 4183 posterum
313 4099 401 4165 hunc
425 4100 544 4165 fastum
567 4100 738 4167 21122112
761 4102 860 4167 rideri
882 4112 1005 4169 certum
1029 4112 1087 4178 222,
1142 4100 1241 4164 11222
1258 4098 1565 4183 2222222221222222
1583 4101 1787 4175 sacrificium,
1805 4111 1838 4166 et
1857 4100 2110 4185 adplaoandnm

119 4206 220 4267 quum
250 4184 312 4250 sibi
339 4185 514 4269 quidquam
545 4198 717 4270 suppetere
745 4198 860 4268 negat,
888 4209 952 4271 quo
981 4187 1088 4252 Deum
1143 4186 1251 4250 Deum
1278 4184 1413 4250 maioris
1440 4185 1617 4251 efficaciae:
1647 4186 1722 4269 quia
1744 4184 1914 4252 Christum
1937 4209 2012 4253 cum
2034 4209 2112 4254 vera

118 4271 316 4351 reconciliet,
345 4271 401 4353 qui
429 4272 598 4338 sacrificiis
627 4295 691 4338 non
720 4273 909 4339 oblectatur.
954 4272 1090 4338 iubebat
1142 4282 1176 4336 22
1208 4270 1312 4338 221112
1339 4270 1520 4355 placatione
1549 4271 1584 4336 12
1617 4271 1758 4337 medium
1795 4273 1961 4354 prodooit:
2003 4276 2108 4357 primo

117 4355 246 4440 quidem
267 4357 361 4421 Deus
382 4356 443 4422 sibi
466 4357 577 4422 offerri
596 4360 764 4437 semideis,
787 4357 945 4425 22112211
964 4359 1089 4425 cultum
1141 4357 1320 4423 tenendum
1350 4367 1409 4437 est,
1441 4377 1506 4420 non
1531 4377 1625 4440 posse
1647 4357 1744 4423 fidem
1767 4355 1808 4423 ab
1831 4359 1892 4426 bac
1914 4359 2107 4437 bumilitate,

120 4444 211 4508 huno
233 4443 367 4507 minime
389 4442 552 4526 neglexit:
583 4466 647 4509 non
671 4465 749 4529 ergo
771 4444 966 4528 simpliciter
986 4445 1088 4528 loqui·
1141 4442 1180 4508 do
1207 4465 1271 4527 qua
1292 4441 1577 4527 loquiturDavid,
1606 4447 1759 4527 22222221.
1804 4444 1986 4510 1122122122
2009 4465 2108 4528 expa-

116 4542 171 4592 222
204 4547 242 4592 22
272 4529 299 4592 21
330 4539 499 4613 respueret
531 4529 619 4595 Deus
649 4551 731 4612 quae
762 4554 803 4596 ex
834 4532 903 4597 eius
932 4531 1087 4596 mandato
1140 4538 1274 4595 vescant
1302 4549 1408 4595 eoram
1431 4526 1503 4593 Deo
1531 4528 1634 4613 impii,
1660 4530 1772 4596 fovent
1793 4539 1902 4595 222222
1924 4531 2014 4595 12222
2036 4551 2108 4614 per·

116 4612 339 4679 offerebantur
357 4615 525 4694 sacrificia,
546 4616 598 4680 221
623 4617 783 4699 quispiam
805 4639 844 4682 ea
865 4628 975 4700 posset
996 4618 1087 4701 quasi
1140 4634 1269 4681 2222222
1298 4614 1548 4688 contumaciam.
1583 4637 1643 4682 nee
1672 4618 1809 4682 fremere
1840 4616 1893 4680 vel
1922 4616 2110 4700 obstrepere

115 4719 319 4783 2222222222
348 4701 509 4777 omittere,
540 4702 604 4766 imo
629 4723 736 4784 nuper
759 4701 901 4768 vidimus
924 4702 1085 4768 Davidem
1139 4701 1311 4767 desinunt:
1344 4711 1379 4766 et
1411 4701 1563 4784 quamvis
1597 4724 1690 4769 suam
1722 4702 1873 4768 ferociam
1906 4722 1969 4765 non
1999 4701 2107 4785 palam

114 4806 189 4851 eum
222 4793 290 4849 toto
321 4785 448 4868 piorum
482 4797 590 4863 coetu,
624 4786 706 4871 legis
740 4787 952 4854 caeremoniis
985 4788 1086 4854 fuisse
1138 4787 1341 4870 despumant,
1359 4808 1414 4853 cor
1433 4794 1540 4852 tamen
1560 4789 1959 4871 semperinflatusmanet.
1994 4786 2105 4867 Quum

115 4869 281 4936 adiutum:
309 4869 366 4936 sed
394 4873 492 4936 finem
521 4881 650 4937 tantum
680 4874 850 4956 spectavit,
878 4874 953 4956 quia
983 4874 1086 4958 hypo·
1138 4894 1215 4955 ergo
1236 4872 1371 4954 spiritus
1396 4872 1581 4937 afflictionis
1603 4885 1636 4937 et
1658 4893 1714 4938 cor
1733 4873 1908 4937 contritum
1938 4873 2105 4938 hominem

115 4959 225 5037 eritas,
254 4977 356 5040 22222
377 4956 496 5021 112212
518 4959 690 5037 excaecati,
721 4960 828 5023 Deum
851 4979 885 5024 se
907 4959 1086 5041 promereri
1137 4959 1204 5023 irae
1226 4958 1288 5022 Dei
1319 4980 1415 5024 sensu
1447 4958 1652 5023 vulneratum
1683 4978 1760 5023 vero
1789 4959 1904 5023 timore
1938 4967 1971 5022 et
1993 4959 2105 5043 displi-

113 5044 293 5128 fingebant.
347 5042 490 5107 Tametsi
527 5063 604 5127 ergo
638 5067 673 5109 se
706 5047 739 5110 in
774 5045 940 5111 sacrificiis
972 5045 1086 5112 sedulo
1137 5044 1244 5110 centia
1265 5064 1329 5108 non
1353 5043 1448 5109 modo
1470 5044 1633 5127 subigant,
1663 5042 1719 5109 221
1744 5065 1819 5109 2222
1841 5045 2047 5124 mortificent,
2070 5054 2106 5111 ut

114 5129 277 5195 excreuit:
310 5128 406 5194 sicuti
433 5126 542 5192 Deum
575 5129 636 5194 sibi
668 5129 861 5213 placabilem
892 5131 960 5195 fore
990 5153 1085 5197 nemo
1137 5130 1246 5195 nullus
1268 5131 1311 5194 sit
1333 5128 1419 5213 apud
1441 5151 1486 5210 se,
1505 5129 1560 5195 221
1583 5139 1685 5194 totam
1707 5149 1801 5195 suam
1824 5130 1963 5196 salutem
1981 5153 2022 5197 ex
2041 5130 2105 5196 Dei

113 5214 262 5293 confidet,
293 5214 357 5278 nisi
387 5215 442 5296 qui
472 5215 506 5277 in
537 5215 642 5280 medio
674 5217 768 5282 sistet
795 5218 927 5281 unicum
957 5216 1084 5282 Christi
1137 5216 1358 5283 misericordia
1386 5225 1491 5298 petat:
1526 5236 1590 5279 non
1619 5216 1739 5280 mirum
1770 5224 1818 5281 est
1847 5217 1876 5282 si
1906 5215 2012 5282 Deum
2044 5217 2106 5283 hoc
