4658 5856
118 323 178 390 661
850 272 852 283 Ι
931 326 1147 395 PSALMUS
1169 329 1299 395 LXXI.
1596 349 1600 356 ·
2045 333 2111 399 662

10 596 14 603 Ι
120 513 271 576 hauritur
300 513 445 592 bonitas,
479 524 510 579 ct
532 515 586 597 qui
614 513 781 581 mutabilis
808 537 874 581 uon
905 525 954 580 est
984 517 1117 580 instar!
1226 518 1277 583 20.
1305 518 1388 598 Quia
1416 519 1521 583 cillere
1550 539 1597 582 me
1617 519 1718 599 fecisti
1740 520 1954 586 tribulationes
1975 541 2108 604 neemias

120 601 302 678 bominum,
336 600 476 664 eundem
510 621 588 684 erga
620 621 714 666 senes
745 602 815 666 tore
843 604 896 686 qui
926 602 988 666 fuit
1011 624 1090 686 erga
1114 640 1115 657 ι
1140 605 1296 682 amulas,
1320 624 1484 668 omoersns
1501 604 1674 685 vivificabis
1692 625 1746 677 me,
1765 610 1792 669 et
1809 626 1848 669 ca
1866 606 1989 690 abyssis
2007 613 2109 671 terrae

120 706 247 768 pueros.
292 687 368 750 Alio
396 686 514 751 deinde
536 697 730 770 argumento
753 690 972 770 precationem
995 708 1088 754 suani
1114 736 1116 755 ,
1139 709 1305 753 conuersus
1337 690 1463 754 mones
1494 710 1551 753 rnc.
1606 691 1656 753 21.
1692 690 1921 772 Macttiplicobis
1952 695 2108 772 magnita-

120 772 308 850 confirmat,
342 771 418 854 quia
441 774 466 836 si
496 773 626 838 fatiscat
654 774 690 837 in
719 775 825 849 senio,
860 773 955 839 simul
991 776 1089 837 etiam
1114 790 1116 847 ξ
1140 775 1243 840 dinem
1260 795 1371 854 meam,
1390 781 1418 839 et
1436 795 1600 840 conuersas
1616 776 1820 840 consolaberis
1837 797 1893 842 me.
1927 778 1979 843 22.
2000 778 2109 842 Etiam

119 873 294 923 evanescet
317 859 422 941 gratia
439 859 513 937 Dei,
535 879 598 941 qua
618 859 777 925 hactenns
799 861 861 924 luit
878 871 1088 925 sustentatus.
1114 852 1116 939 ἶ
1141 880 1193 944 epo
1215 879 1325 924 canam
1345 860 1400 924 tibi
1417 861 1453 923 in
1472 880 1587 942 orpano
1604 863 1722 926 musico
1738 865 1895 927 ceritatem
1914 869 2000 928 lnam
2019 864 2110 928 Dens

118 945 202 1009 Nam
233 945 260 1008 si
291 945 429 1026 gratiam
460 965 553 1008 suam
582 944 675 1008 Deus
708 946 797 1010 tenni
829 956 926 1029 gustu
957 947 1088 1010 libatam
1113 956 1116 1031 j
1140 966 1235 1027 meas,
1254 946 1393 1025 psallam
1416 946 1471 1009 tibi
1493 947 1528 1009 in
1548 945 1670 1012 citlrara
1688 945 1798 1012 Sancte
1816 949 1929 1014 Israll.
1963 950 2014 1014 23.
2039 949 2109 1013 Ea·

119 1051 196 1095 mox
224 1031 393 1108 subducat,
424 1031 552 1094 nonnisi
581 1031 621 1094 ad
644 1042 844 1095 momentum
868 1031 991 1114 vigebit
1020 1031 1089 1094 eius
1113 1036 1116 1111 l
1140 1031 1297 1096 saltabant
1319 1031 1402 1095 labia
1424 1052 1491 1096 mea
1513 1032 1589 1096 darn
1605 1033 1746 1113 psallam
1769 1034 1833 1109 tibi,
1863 1036 2019 1098 aenima
2041 1054 2110 1098 mea

120 1117 286 1180 memoria.
332 1113 368 1181 Si
392 1136 469 1178 varo
494 1116 641 1197 pluribus
670 1119 739 1181 suis
768 1117 930 1182 beneficiis
959 1131 1089 1182 ornatos
1113 1142 1116 1193 ι
1140 1137 1234 1197 qnam
1274 1118 1442 1181 redemisti.
1497 1117 1549 1180 24.
1585 1117 1695 1183 Etiam
1733 1119 1841 1201 linpnc
1872 1140 1941 1186 mea
1973 1120 2110 1201 qnotidie

119 1204 151 1266 in
183 1213 332 1267 extremo
362 1202 449 1265 vitae
482 1213 556 1266 actu
591 1203 731 1281 deserat,
767 1204 828 1268 hoc
860 1204 957 1267 etiam
993 1202 1087 1267 modo
1113 1198 1116 1237 ³
1140 1203 1339 1266 arcaamtiabit
1359 1203 1515 1266 iustitiam
1532 1208 1635 1268 lnam:
1657 1205 1733 1284 qnia
1744 1206 1908 1285 pudesmti
1929 1212 2011 1281 aaut,
2032 1207 2110 1288 qnia

119 1289 260 1371 gratiam
290 1287 405 1369 perdet
430 1288 499 1352 eius
527 1286 714 1353 liberalitas.
759 1288 805 1353 Se
827 1309 904 1372 ergo
926 1287 966 1352 ad
988 1290 1088 1353 finem
1140 1288 1311 1369 ipnmniaia
1333 1288 1433 1369 offecti
1454 1293 1527 1352 sunt
1549 1295 1729 1370 quaerentes
1750 1291 1868 1355 mulam
1890 1312 2001 1356 meum.

120 1394 223 1456 usque
245 1373 351 1438 iuvari
371 1372 480 1436 David
499 1373 651 1455 postulat,
673 1381 711 1437 nt
728 1375 866 1456 posteris
884 1374 1089 1438 commendet
1203 1375 1206 1381 '

120 1459 321 1542 aequabilem
353 1461 477 1542 gratiae
502 1460 562 1524 Dei
592 1479 739 1537 cursum,
769 1479 806 1524 ac
828 1461 863 1523 in
886 1469 991 1524 morte
1019 1458 1116 1541 ipsai
1225 1460 1277 1524 20.
1299 1457 1397 1542 (Quia
1424 1459 1527 1523 uidem
1550 1459 1620 1544 inc.)
1665 1459 1776 1524 Scitur
1805 1461 1940 1525 verbnm
1963 1461 2106 1533 Videndi

119 1553 266 1623 testetur,
290 1544 533 1615 Deumfideles
551 1546 606 1628 qui
627 1544 668 1609 ad
686 1565 761 1610 eum
780 1545 984 1630 confugiunt,
1007 1567 1089 1609 nnn·
1141 1544 1226 1629 apud
1256 1545 1425 1609 Hebraeos
1456 1546 1626 1609 transferri
1655 1546 1695 1609 ad
1726 1546 1806 1611 alios
1835 1566 1970 1612 sensus:
2000 1549 2111 1630 itaque

120 1652 215 1714 quam
244 1632 404 1696 frustrari.
449 1631 532 1696 Nam
562 1651 621 1714 per
649 1633 875 1714 permotionem
904 1637 931 1696 et
957 1652 1007 1696 eos
1034 1631 1090 1712 qni
1141 1631 1227 1694 mala
1250 1631 1311 1695 sibi
1334 1639 1465 1694 ostensa
1488 1629 1589 1694 fuisse
1611 1633 1759 1714 queritur
1781 1631 1901 1710 David,
1931 1654 2015 1716 quae
2036 1655 2109 1716 per·

119 1718 240 1783 centuri
261 1721 343 1797 aeret,
365 1718 653 1799 filiosetnepotes
675 1717 840 1803 intelligit,
864 1716 1002 1800 adquae
1025 1737 1089 1781 non
1141 1737 1256 1799 pessus
1278 1718 1392 1780 luerat.
1427 1715 1531 1781 Sicuti
1555 1724 1663 1780 autem
1682 1718 1753 1782 Deo
1774 1716 1839 1782 fert
1861 1727 2009 1803 acceptas
2031 1739 2109 1785 suas

120 1805 215 1868 aliter
235 1811 342 1886 potest
365 1804 489 1886 gratiae
510 1804 574 1868 Dei
596 1804 753 1868 memoria
775 1805 959 1887 propagari,
988 1801 1091 1867 donoc
1141 1803 1366 1867 liberationes:
1400 1801 1449 1866 ita
1481 1822 1609 1866 rursum
1647 1804 1780 1868 nonnisi
1814 1808 1884 1868 eius
1914 1805 2046 1870 consilio
2078 1818 2111 1869 et

120 1891 264 1954 numeris
293 1890 444 1956 omnibus
476 1889 623 1955 absoluta
659 1909 792 1955 cursum
826 1910 923 1955 suum
952 1888 1092 1971 comple·
1143 1888 1309 1952 voluntate
1337 1887 1399 1953 sibi
1428 1887 1585 1970 quidquid
1616 1889 1796 1972 pertulerat
1826 1890 1985 1955 malornm
2012 1891 2112 1956 tuisse

121 1977 215 2040 verit.
253 1975 361 2041 Robur
383 1980 410 2038 et
429 1976 643 2057 fortitudinem
665 1984 820 2058 tanquam
843 1977 977 2041 effeetus
999 1975 1091 2039 iusti·
1143 1975 1302 2038 inflictam
1333 1973 1489 2057 agnoseit.
1535 1972 1601 2039 Sed
1631 1975 1735 2056 primo
1763 1974 1940 2040 tenendum
1971 1984 2022 2041 est
2044 1976 2113 2041 eins

120 2063 185 2126 tiae
208 2062 269 2126 Dei
293 2071 450 2126 recenset.
492 2055 629 2126 Interim
653 2072 761 2127 tamen
786 2062 837 2126 his
859 2062 973 2145 elogiis
995 2069 1093 2125 ornat
1144 2060 1331 2126 consilium:
1363 2080 1439 2124 nam
1468 2070 1505 2124 nt
1527 2061 1769 2142 comparatione
1790 2061 1934 2126 illustret
1952 2061 2015 2125 Dei
2038 2081 2115 2145 gra·

120 2147 323 2213 liberationis
351 2147 494 2224 modum,
526 2146 565 2213 de
594 2167 658 2230 qua
684 2148 745 2214 sibi
777 2148 973 2231 gratulatur,
1004 2168 1041 2212 ac
1063 2147 1092 2212 si
1144 2147 1242 2226 tiam,
1276 2155 1424 2210 recenset
1457 2165 1554 2227 quam
1588 2145 1712 2210 duriter
1745 2146 1885 2212 afflictus
1918 2148 2025 2212 fuerit.
2078 2144 2114 2211 Si

121 2233 256 2308 diceret,
289 2231 469 2297 exhibitum
504 2233 538 2296 in
569 2252 607 2297 eo
638 2233 737 2299 luisse
770 2254 864 2298 rarae
895 2233 1027 2298 virtutis
1060 2244 1093 2297 ct
1143 2251 1299 2315 prospera
1331 2233 1462 2295 fortuna
1495 2251 1623 2312 semper
1655 2232 1869 2313 aequabiliter
1908 2254 1986 2298 usus
2019 2240 2115 2308 esset,

120 2319 285 2402 potentiae
307 2318 548 2383 documentum.
1144 2330 1216 2384 erat
1244 2336 1302 2381 cur
1332 2318 1392 2383 sibi
1416 2317 1653 2400 gratularetur:
1686 2318 1741 2383 sed
1765 2339 1833 2382 non
1857 2319 2014 2384 sensisset
2036 2316 2115 2400 quid

209 2404 258 2468 19.
290 2403 347 2485 (Et
367 2405 492 2469 institia
513 2403 594 2490 tna.)
637 2405 703 2469 Alii
734 2405 821 2469 hunc
852 2424 982 2468 versum
1015 2423 1090 2468 con·
1117 2470 1119 2475 ,
1144 2405 1188 2469 sit
1216 2402 1399 2469 incredibili
1422 2400 1487 2467 Dei
1517 2403 1638 2468 virtute
1667 2403 1751 2486 eripi
1777 2404 1816 2468 ab
1839 2405 1985 2468 interitu.
2029 2404 2114 2468 Nam

121 2500 238 2555 texunt
268 2509 341 2555 cum
373 2490 532 2573 proximo,
562 2502 597 2554 et
626 2491 761 2554 verbum
790 2490 929 2554 narrabo
957 2489 1016 2551 ἀπὸ
1039 2492 1094 2552 rov'
1116 2482 1120 2553 l
1145 2491 1184 2555 ad
1216 2502 1353 2554 mortem
1385 2509 1486 2571 usque
1517 2486 1712 2553 descendere
1734 2509 1867 2554 necesse
1889 2500 1940 2553 est
1962 2499 1999 2554 ut
2020 2490 2113 2554 Deus

120 2583 217 2640 κοινοῦ
238 2585 433 2658 repetentes,
454 2575 603 2641 Iustitiae
621 2596 739 2640 nomeu
758 2584 895 2640 vertunt
910 2577 945 2639 in
960 2596 1091 2641 accusa·
1144 2585 1301 2660 appareat
1340 2574 1533 2657 redemptor.
1590 2573 1677 2654 Quia
1717 2576 1805 2640 enim
1843 2575 2010 2640 nascimur
2042 2574 2114 2639 sine

121 2664 189 2727 tivo
224 2682 311 2727 casu.
363 2661 429 2726 Sed
460 2663 535 2743 quia
564 2663 599 2726 in
630 2683 668 2726 eo
696 2683 812 2745 parum
842 2668 893 2727 est
924 2662 1091 2735 momenti,
1145 2682 1243 2727 sensu
1276 2670 1309 2726 et
1342 2660 1570 2744 intelligentia,
1603 2661 1711 2743 prima
1742 2662 1828 2726 vitae
1859 2672 1989 2726 nostrae
2021 2660 2114 2744 origo

121 2769 187 2812 non
221 2748 343 2813 insisto.
393 2747 549 2813 Pluribus
582 2748 713 2831 quidem
745 2748 852 2813 verbis
885 2747 971 2812 idem
1006 2747 1091 2830 quod
1145 2768 1211 2813 non
1244 2747 1324 2814 satis
1352 2746 1438 2812 clare
1465 2757 1610 2810 autorem
1638 2749 1744 2828 ipsum
1773 2748 1867 2813 nobis
1896 2746 2114 2812 demonstrat:

120 2835 213 2917 prius
232 2833 360 2898 dixerat
379 2835 588 2917 prosequitur
605 2833 725 2914 David,
745 2853 782 2898 ac
799 2835 914 2916 primo,
933 2833 1091 2897 iustitiam
1145 2833 1202 2899 sed
1225 2833 1278 2898 ubi
1302 2834 1334 2896 i'n
1359 2832 1582 2914 desperatione
1605 2834 1768 2897 succurrit
1790 2833 1890 2910 Deus,
1919 2833 2115 2899 resurrectio

121 2921 185 2985 Dei
204 2919 237 2983 in
257 2919 396 2984 sublime
414 2920 491 2984 dicit
509 2940 580 2986 esse
598 2930 759 2985 ereetum:
784 2919 901 2984 deinde
919 2919 1091 3003 magnilica
1144 2920 1215 3001 ipsa
1244 2918 1336 2983 nobis
1359 2917 1485 2981 illustre
1508 2927 1555 2982 est
1577 2919 1703 3000 gratiae
1727 2921 1797 2983 eius
1819 2920 1999 3002 speculum.
2042 2920 2115 2984 Hoc

121 3016 290 3089 operatum
313 3025 397 3070 esse:
429 3005 625 3087 tandemque
648 3025 725 3088 prae
748 3005 962 3070 admiratione
985 3005 1091 3070 excla-
1144 3003 1240 3069 mode
1270 3003 1333 3068 Dei
1366 3003 1555 3067 beneficium
1587 3004 1764 3086 amplificat
1792 3004 1911 3080 David,
1942 3004 2027 3086 quod
2058 3003 2115 3070 de-

120 3101 204 3165 mat,
243 3091 328 3172 Quis
360 3090 476 3156 similis
506 3091 590 3156 tibi?
642 3092 704 3155 Est
736 3101 843 3156 autem
882 3091 944 3154 hoc
976 3100 1089 3154 notatu
1144 3110 1271 3155 merens
1300 3091 1332 3153 in
1364 3088 1558 3170 profundam
1589 3088 1754 3172 abyssum,
1785 3092 1855 3154 eius
1881 3102 1989 3154 tamen
2013 3110 2113 3155 manu

122 3177 275 3263 dignum,
308 3177 466 3242 iustitiam
497 3176 574 3253 Dei,
609 3177 701 3240 cuius
731 3177 905 3260 propinqui
936 3175 1029 3241 nobis
1059 3188 1092 3240 et
1145 3176 1281 3241 eductus
1322 3176 1355 3238 in
1391 3174 1495 3238 lucem
1529 3175 1707 3239 emerserit.
1762 3176 1875 3258 Neque
1908 3175 2013 3240 solum
2049 3175 2113 3241 Dei

122 3263 287 3346 conspicui
321 3271 400 3327 sunt
432 3263 582 3338 effectus,
617 3262 715 3326 locari
746 3272 853 3326 tamen
888 3262 921 3325 in
953 3261 1091 3339 exeelso,
1146 3261 1300 3327 beneficio
1322 3282 1358 3325 se
1379 3260 1574 3326 incolumem
1594 3281 1663 3325 esse
1682 3261 1854 3343 praedicat,
1877 3262 1932 3327 sed
1953 3261 2112 3344 dignitate

122 3352 198 3432 quia
219 3370 317 3414 sensu
340 3357 451 3413 nostro
473 3369 537 3413 non
564 3348 860 3430 comprehenditur.
905 3347 990 3411 Nam
1014 3347 1088 3410 dum
1143 3348 1245 3413 tuisse
1267 3354 1418 3412 auctum:
1442 3365 1523 3428 quae
1546 3348 1683 3411 mutatio
1702 3347 1801 3411 velut.
1817 3347 2033 3413 restitutionis
2056 3367 2111 3413 ou·

105 3456 193 3499 eam
216 3444 327 3500 nostro
349 3434 480 3498 modulo
504 3435 667 3512 metimur,
691 3432 827 3498 minima
850 3453 997 3515 quaeque
1022 3446 1091 3497 ten·
1143 3432 1253 3498 mulus
1275 3433 1345 3509 fuit,
1368 3431 1503 3515 perinde
1522 3452 1559 3497 ao
1577 3433 1604 3495 si
1623 3452 1664 3497 ex
1682 3433 1797 3498 inferis
1815 3434 1848 3498 in
1868 3434 1993 3498 coelum
2008 3454 2110 3517 usque

123 3522 201 3584 tatio
223 3539 283 3585 nos
305 3520 464 3585 absorbet.
509 3520 608 3602 Ergo,
638 3533 674 3584 ut
694 3522 724 3583 ei
747 3517 854 3584 aditus
877 3518 917 3582 ad
941 3537 1000 3584 noe
1023 3539 1091 3585 eer-
1116 3508 1120 3659 Ι
1143 3528 1274 3585 evectus
1305 3518 1397 3583 toret.
1450 3516 1547 3599 Quod
1578 3519 1676 3583 tertio
1705 3521 1838 3603 repetit,
1872 3519 1981 3585 Deum
2012 3520 2113 3584 fuisse

123 3605 248 3670 vandos
270 3615 389 3688 pateat,
413 3605 453 3669 ad
476 3605 719 3689 concipiendam
742 3604 812 3670 eius
835 3603 1092 3686 amplitudinem,
1144 3624 1347 3681 conversam,
1376 3603 1415 3667 ad
1447 3604 1672 3686 providentiae
1700 3606 1770 3670 eius
1799 3605 2111 3671 commendationem

122 3712 253 3756 sursum
281 3712 319 3756 ac
348 3689 511 3774 deorsum,
541 3692 638 3775 longe
666 3700 697 3755 et
726 3691 792 3755 late
814 3699 942 3755 mentes
964 3700 1091 3755 nostras
1145 3701 1285 3773 spectat:
1317 3710 1354 3756 ac
1384 3691 1411 3755 si
1442 3690 1572 3769 diceret,
1603 3690 1686 3755 nihil
1716 3692 1778 3756 sibi
1801 3692 1936 3756 fortuito
1959 3691 2113 3756 accidisse

123 3777 260 3842 diffundi
287 3787 424 3860 oportet.
468 3778 591 3843 Eodem
621 3777 762 3841 retertur
786 3775 966 3841 secundum
988 3796 1091 3841 mem·
1145 3777 1290 3841 adversi:
1324 3775 1399 3858 quia
1429 3776 1565 3841 simulac
1594 3777 1707 3840 illuxit
1737 3777 1800 3842 Dei
1829 3779 1936 3862 lavor,
1971 3787 2114 3842 mutatae

123 3863 218 3927 brnm
246 3864 286 3929 de
308 3864 489 3946 magnificis
511 3863 574 3928 Dei
597 3863 764 3944 operibus:
794 3863 870 3944 quia
892 3863 920 3926 si
942 3863 1091 3945 cognitae
1143 3861 1266 3926 tuerint
1287 3860 1386 3926 vices.

123 3949 192 4015 eiius
221 3950 335 4014 virtuti
367 3948 539 4014 tribuimus
567 3949 684 4014 iustam
714 3968 751 4012 aa
778 3947 918 4012 debitam
952 3945 1089 4025 laudem,
1229 3947 1281 4011 22.
1300 3944 1424 4031 (Etiam
1442 3948 1519 4033 epo.)
1553 3949 1745 4032 Prorumpit
1762 3949 1867 4015 adhuc
1886 3951 1918 4014 in
1932 3950 2112 4032 gratiarum

122 4055 289 4117 nunquam
319 4055 380 4100 nos
408 4035 536 4100 deficiet
557 4033 640 4098 bene
668 4032 821 4115 sperandi
851 4042 1090 4116 argumentum.
1144 4033 1317 4098 actionem:
1342 4033 1418 4115 quia
1440 4033 1597 4117 intelligit
1618 4034 1653 4098 in
1677 4035 1764 4101 hunc
1787 4038 1885 4100 finem
1909 4046 1975 4100 tam
1995 4037 2109 4100 libera·

123 4122 270 4185 Tandem
305 4141 344 4185 eo
377 4141 479 4203 usque
507 4118 659 4202 progredi
688 4130 815 4202 oportet
844 4118 997 4183 bonitatis
1027 4117 1090 4183 Dei
1143 4120 1219 4183 liter
1251 4119 1359 4183 Deum
1393 4118 1462 4182 suis
1494 4140 1588 4202 opem
1621 4122 1723 4200 terre,
1757 4130 1794 4186 ut
1826 4121 2008 4188 celebretur
2040 4123 2110 4187 eius

124 4227 266 4287 sensum,
294 4218 332 4271 ut
355 4226 413 4272 nos
435 4208 469 4270 in
492 4205 740 4270 admirationem
764 4204 880 4287 rapiat.
924 4202 981 4269 Sic
1003 4204 1088 4267 enim
1145 4205 1281 4271 bonitas.
1318 4204 1359 4268 In
1382 4203 1571 4270 nominibus
1595 4205 1691 4271 Nebel
1710 4213 1739 4272 et
1762 4200 1908 4273 Gitbara'c
1930 4208 2047 4273 alludit
2068 4207 2108 4272 ad

125 4294 179 4357 fiet
211 4303 248 4357 ut
280 4295 313 4356 in
347 4292 417 4357 Deo
450 4292 519 4356 solo
552 4292 759 4374 acquiescant
791 4300 917 4354 mentes
940 4300 1089 4367 nostrae,
1143 4310 1265 4355 morem
1296 4299 1374 4354 tunc
1402 4300 1578 4374 receptum,
1607 4312 1668 4357 nec
1693 4293 1779 4356 enim
1804 4294 1937 4359 dubium
1962 4304 2011 4358 est
2032 4294 2109 4375 quin

125 4398 207 4460 quae
219 4379 284 4443 huc
296 4387 329 4442 at
340 4378 417 4444 illue
429 4376 566 4443 subinde
577 4396 679 4459 prava
690 4375 917 4459 inquietudine
929 4374 1089 4440 feruntur.
1143 4396 1219 4460 pars
1248 4375 1304 4440 illa
1334 4376 1432 4440 tuerit
1461 4376 1575 4461 legalis
1604 4376 1837 4463 paedagogiae,
1867 4389 1900 4443 et
1927 4379 2111 4444 umbratilis

123 4465 208 4528 Nam
232 4465 259 4528 si
282 4482 347 4545 qua
369 4463 460 4529 nobis
493 4463 654 4546 ingeritur
686 4463 838 4541 tentatio,
870 4461 1017 4542 protinus
1050 4482 1090 4526 ex
1143 4463 1259 4539 cultus,
1289 4461 1328 4526 ad
1358 4461 1516 4527 citharam
1547 4472 1580 4527 et
1610 4464 1742 4528 nablum
1764 4485 1881 4530 canere
1902 4465 1966 4529 Dei
1988 4465 2109 4530 landes.

123 4571 235 4615 musca
257 4550 393 4615 lauimus
415 4549 637 4632 elephantem:
668 4549 733 4612 imo
755 4548 949 4613 fabricamus
971 4547 1091 4612 altisei·
1116 4548 1119 4633 j
1143 4550 1195 4613 De
1225 4547 1364 4630 publicis
1387 4548 1566 4632 gratiarum
1590 4550 1772 4616 actionibus
1794 4550 1923 4633 loquor:
1953 4552 2027 4632 quia
2049 4551 2110 4615 etsi

124 4655 195 4701 mos
232 4644 377 4712 montes,
417 4636 471 4718 qui
506 4635 569 4699 Dei
601 4652 735 4698 manum
769 4652 789 4697 a
822 4633 915 4697 nobis
949 4642 1089 4698 arceant.
1116 4642 1119 4735 l
1142 4635 1296 4717 privatim
1324 4655 1390 4699 non
1419 4647 1571 4699 vetamur
1598 4635 1806 4716 interponere
1834 4635 1960 4701 musica
1988 4638 2110 4702 instru-

125 4722 262 4786 l'nterim
286 4722 349 4786 Dei
371 4722 548 4805 potentiam
572 4719 716 4803 maligne
737 4719 975 4799 restringimus.
1016 4718 1091 4783 Huc
1116 4733 1263 4797 menta,
1293 4741 1312 4783 a
1341 4720 1471 4803 templis
1498 4730 1606 4784 tamen
1637 4723 1809 4786 manifesto
1839 4721 1976 4803 spiritus
2007 4723 2111 4787 sancti

124 4827 201 4889 ergo
229 4807 336 4872 tendit
364 4806 557 4873 exclamatio
587 4805 736 4884 Davidis,
769 4816 809 4869 nt
836 4805 997 4869 discamus
1028 4804 1091 4868 tide
1143 4806 1248 4870 ediato
1269 4821 1431 4888 arcentur,
1456 4804 1533 4869 dum
1551 4805 1676 4870 Paulus
1696 4808 1723 4871 1.
1748 4808 1822 4871 Gor.
1847 4807 1896 4882 14,
1922 4806 1961 4870 13
1979 4808 2111 4872 nonnisi

122 4913 342 4977 perrumpere,
365 4904 398 4958 et
419 4894 570 4958 omnibus
588 4890 832 4972 impedimentis
849 4890 1012 4973 praeferre
1028 4890 1091 4953 Dei
1143 4893 1273 4975 cognita
1294 4891 1408 4975 lingua
1429 4891 1617 4957 benedicere
1635 4891 1686 4956 vel
1702 4912 1795 4957 orare
1813 4892 1983 4974 permittit.
2026 4893 2110 4958 Veri·

124 4981 311 5061 potentiam,
330 4980 425 5045 sicuti
443 4987 598 5043 meretur.
632 4976 717 5041 Nam
737 4977 798 5042 etsi
817 4977 964 5041 latentur
978 4995 1091 5040 omnes
1116 4998 1118 5005 ·
1143 4978 1217 5041 tatis
1239 4977 1370 5041 nomine
1393 4977 1558 5061 intelligit,
1581 4998 1682 5059 quum
1704 4979 1863 5043 divinitus
1881 4989 2033 5044 servatus
2051 4991 2110 5059 eet,

126 5066 232 5142 verbo,
255 5066 384 5129 nullum
408 5084 478 5131 esse
502 5066 572 5129 Deo
595 5063 746 5141 similem,
773 5063 829 5126 vix
851 5070 960 5126 tamen
983 5071 1090 5126 cente·
1144 5061 1326 5128 mercedem
1356 5065 1425 5145 spei
1456 5083 1533 5129 suae
1563 5065 1662 5128 tuisse
1691 5063 1860 5129 redditam.
1907 5062 1994 5130 Sunt
2023 5067 2110 5129 enim

124 5152 225 5215 simus
254 5153 389 5232 quisque
409 5151 539 5233 penitus
562 5168 599 5214 aa
622 5149 707 5214 serio
730 5167 906 5231 persuasus
927 5155 986 5231 est,
1016 5168 1089 5212 eum
1143 5170 1195 5214 res
1218 5149 1408 5214 coniunctae
1426 5150 1460 5212 in
1479 5149 1649 5232 separabili
1670 5170 1765 5230 nexu,
1787 5151 2017 5233 promissiones
2038 5151 2110 5228 Dei,

124 5255 226 5300 arnum
249 5237 290 5302 ad
313 5236 511 5303 servandum
534 5236 692 5300 sulficere.
1144 5247 1177 5299 et·
1199 5234 1320 5298 veritae
1343 5236 1377 5298 in
1400 5236 1479 5318 ipsis
1501 5235 1713 5317 praestandis.
1748 5236 1816 5301 Nisi
1840 5251 1949 5301 autem
1972 5236 2111 5319 pendea-

1855 5336 1906 5390 42*
