4658 5856
954 327 1171 398 Psanites
1194 330 1356 398 LXXIV.

159 332 221 397 691
2088 333 2150 398 692

159 522 220 589 sub
252 519 415 587 Antiocho
457 520 603 605 contigit.
663 518 808 602 Utraque
848 517 970 602 aliquid
1012 519 1126 587 coloris
1178 521 1358 605 significat:
1395 543 1455 587 nec
1489 522 1628 588 multum
1661 524 1796 588 interest
1829 542 2021 606 quocunque
2055 521 2149 585 modo

161 609 276 674 habet:
306 607 396 691 prior
417 605 551 683 scilicet,
580 604 664 688 quud
688 605 741 670 hic
763 604 932 687 deplorant
959 605 1069 671 fideles
1091 627 1126 671 se
1179 608 1231 674 hic
1247 609 1395 691 accipias.
1430 607 1602 674 Summam
1619 609 1703 674 hanc
1719 618 1831 672 tenere
1846 608 1997 682 sufficiat,
2026 608 2151 689 quoties

159 696 225 760 iam
248 693 380 760 destitui
402 693 505 776 signis
522 711 559 756 ac
577 692 761 774 prophetis:
784 712 883 773 quum
903 693 983 756 satis
1002 700 1127 756 constet
1179 695 1358 777 premimur
1380 694 1477 759 rebus
1500 695 1654 770 adversis,
1678 715 1744 758 non
1767 706 1888 758 temere
1907 696 1939 758 in
1960 714 2020 758 nos
2038 694 2151 759 iaotari

159 781 308 847 floruisse
331 778 451 843 multos
476 777 651 860 propbetas
677 798 777 859 quum
799 776 958 842 abductus
983 778 1017 842 in
1040 777 1126 842 exsi·
1179 781 1328 844 fortunae
1351 781 1424 858 tela,
1447 781 1502 844 sed
1527 801 1645 846 arcano
1664 780 1728 844 Dei
1750 780 1893 862 impulsu
1915 778 2050 863 flagella
2073 779 2150 845 haec

160 868 241 932 lium
260 865 323 931 luit
341 864 489 948 populus.
524 863 669 928 Rursum
688 863 764 946 quia
782 864 877 945 paulo
899 874 976 928 ante
999 864 1127 942 dicitur,
1179 875 1236 930 aut
1257 864 1376 931 ferulas
1398 867 1544 941 excitari,
1574 869 1692 949 quibus
1714 879 1847 949 peccata
1868 876 1981 930 nostra
2003 867 2150 947 castiget.

160 963 278 1018 exusta
301 953 399 1016 luisse
416 949 611 1024 sanctuaria,
634 948 757 1014 deletas
776 948 968 1031 sculpturas,
993 962 1025 1013 et
1042 949 1126 1013 nihil
1179 952 1354 1017 Caeterum
1383 953 1505 1017 reiectio
1534 956 1562 1017 et
1590 954 1642 1016 ira
1672 950 1786 1016 relerri
1811 950 1930 1016 debent
1953 949 1995 1015 ad
2018 971 2151 1015 sensum

160 1038 282 1122 integri
310 1036 470 1117 reliquum
501 1035 617 1099 luisse:
647 1055 712 1098 non
738 1034 894 1115 competit
915 1037 949 1098 in
971 1033 1127 1100 Antiochi
1179 1038 1298 1102 carnis.
1342 1037 1416 1102 Etsi
1438 1038 1536 1117 enim,
1564 1037 1695 1120 proprie
1717 1036 1886 1119 loquendo,
1910 1057 1976 1100 non
1999 1035 2152 1101 irascitur

160 1124 331 1190 saevitiam
361 1142 397 1186 ac
428 1121 646 1204 tyrannidem.
691 1120 835 1184 Tametsi
858 1120 945 1184 enim
968 1121 1126 1203 templum
1180 1123 1272 1187 Dens
1313 1122 1424 1188 electis
1458 1124 1541 1200 suis,
1583 1144 1722 1205 quorum
1757 1123 1887 1187 morbos
1921 1120 2152 1187 afflictionibus

160 1209 251 1276 foede
270 1208 385 1291 polluit
400 1205 547 1288 gentium
563 1206 859 1289 superstitionibus,
877 1207 1000 1270 mansit
1019 1220 1126 1270 tamen
1180 1209 1272 1291 quasi
1312 1209 1482 1273 medicinis
1523 1224 1633 1273 sanat:
1673 1209 1749 1291 quia
1790 1220 1899 1272 tamen
1933 1229 2054 1272 sensus
2088 1208 2152 1289 ipse

160 1296 290 1362 salvum
320 1291 512 1366 aedilicium,
542 1313 603 1357 nco
633 1291 702 1376 igni
731 1301 810 1356 tuuc
836 1293 1017 1375 flagrarunt
1039 1292 1129 1375 ligna
1181 1315 1356 1376 poenarum
1386 1296 1468 1358 iram
1498 1295 1567 1359 eius
1597 1316 1656 1359 nos
1683 1292 1930 1376 apprehendero
1958 1294 2064 1376 cogit.
2097 1314 2153 1374 per

160 1393 193 1447 et
222 1379 353 1462 lapides.
398 1376 591 1443 Obtendunt
619 1376 751 1460 quidam
782 1398 840 1460 per
870 1377 1056 1442 sanctuaria
1078 1381 1129 1441 in·
1182 1401 1299 1444 nomen
1322 1380 1395 1444 Irae
1426 1381 1560 1462 spiritus
1585 1380 1625 1444 de
1647 1401 1704 1444 suo
1729 1394 1821 1444 reatu
1854 1379 2008 1443 admouet
2031 1378 2151 1443 fideles.

161 1467 264 1551 telligi
288 1482 481 1548 synagogas,
505 1465 559 1528 ubi
583 1485 646 1528 non
669 1462 920 1546 Hierosolymae
944 1464 1050 1543 modo,
1072 1463 1130 1526 sed
1182 1464 1246 1531 Ubi
1276 1486 1353 1548 crgo
1375 1465 1467 1530 Deus
1495 1465 1671 1530 vindictam
1694 1467 1728 1529 in
1753 1486 1813 1529 nos
1835 1486 1927 1529 suam
1950 1466 2151 1547 exsequitur,

160 1553 195 1618 in
224 1550 356 1633 reliquis
388 1547 528 1613 Iudaeae
559 1550 694 1614 urbibus
725 1548 875 1614 solebant
906 1548 1016 1613 haberi
1046 1548 1129 1613 sacri
1183 1561 1329 1615 nostrum
1352 1563 1401 1615 est
1423 1563 1575 1634 reputare
1596 1551 1673 1634 quid
1692 1552 1813 1615 scimus
1831 1551 1949 1614 meriti.
1987 1552 2035 1637 lit
2053 1571 2152 1632 quan·

160 1648 352 1704 conventus.
407 1633 496 1697 Fieri
527 1638 627 1699 etiarn
657 1642 764 1716 potest
793 1645 828 1698 ut
861 1633 983 1712 fideles,
1016 1634 1130 1717 templi
1182 1659 1279 1720 quam
1307 1637 1433 1702 nullum
1457 1637 1644 1702 iracundiae
1667 1650 1791 1701 motum
1815 1637 1938 1719 patitur
1964 1636 2067 1711 Deus,
2099 1655 2153 1718 per

160 1721 357 1789 horrendam
399 1720 614 1785 vastationem
655 1730 842 1798 cernentes,
891 1730 957 1784 tam
997 1720 1130 1803 lugubri
1183 1742 1241 1787 nos
1271 1738 1378 1786 tamen
1410 1744 1475 1787 nou
1505 1724 1634 1788 stetisse
1663 1722 1836 1804 quominus
1866 1721 2153 1805 peccatisnostris

159 1807 344 1892 spectaculo
367 1804 533 1882 admoniti,
557 1816 683 1870 mentes
706 1806 804 1870 etiam
828 1806 1002 1870 retulerint
1019 1808 1059 1869 ad
1078 1807 1128 1869 in·
1183 1808 1328 1891 graviter
1356 1809 1500 1873 offensus
1525 1809 1560 1872 iu
1591 1829 1651 1873 nos
1673 1808 1932 1873 excandesceret.
1978 1807 2054 1871 Iam
2078 1826 2153 1871 vero

160 1893 311 1961 caudium
339 1891 419 1955 illud
450 1913 513 1971 quo
541 1893 751 1973 absumptum
775 1892 880 1956 fuerat
901 1914 921 1956 a
943 1891 1127 1968 Chaldaeis,
1183 1905 1220 1958 ut
1259 1895 1320 1957 sibi
1361 1895 1614 1959 misericordiam
1657 1894 1845 1976 concilient,
1883 1893 2083 1975 confugiunt
2115 1891 2153 1955 ad

163 1990 260 2062 atque
288 1980 369 2044 duas
398 1975 505 2043 clades
526 1977 624 2043 simul
646 1977 806 2060 complexi
829 1977 904 2041 sint.
949 1978 1001 2041 lta
1023 1977 1129 2042 conie-

161 2076 255 2131 ctura
288 2065 352 2129 crit
383 2066 488 2144 magis
522 2061 711 2146 probabilis,
745 2061 786 2128 ad
816 2071 944 2144 tempus
974 2062 1128 2127 Antiochi

162 2162 309 2233 spectare
329 2151 387 2214 has
402 2151 632 2229 querimonias,
654 2150 731 2229 quia
746 2163 824 2213 tune
840 2148 1007 2231 prophetis
1025 2150 1131 2214 caruit

161 2238 224 2302 Dei
248 2236 392 2301 ecelesia.
438 2236 632 2317 Quanquam
659 2237 686 2298 si
710 2236 813 2318 magis
836 2233 877 2298 ad
900 2235 1050 2300 exsilium
1075 2236 1129 2298 ba·

163 2322 350 2407 bylonieum
381 2324 501 2388 referre
532 2321 672 2403 placeat,
703 2321 799 2384 huius
830 2319 906 2385 nodi
937 2320 1039 2385 facilis
1068 2320 1131 2383 erit

162 2408 295 2473 solutio:
320 2408 396 2489 quia
419 2408 493 2475 licet
515 2415 594 2472 tunc
616 2407 765 2471 viverent
787 2406 952 2481 Ieremias,
976 2405 1129 2471 Ezechiel

162 2506 194 2560 et
228 2493 363 2571 Daniel,
402 2495 523 2560 scimus
564 2504 674 2557 tamen
714 2493 807 2574 quasi
840 2493 1020 2558 vocationis
1054 2512 1131 2556 suae

163 2601 260 2645 cursu
295 2580 480 2661 perfunctos
512 2580 651 2643 tacuisse
682 2577 721 2640 ad
756 2585 902 2660 tompus:
938 2577 1038 2642 donec
1071 2578 1130 2642 sub

163 2666 249 2730 diem
279 2664 481 2729 liberationis
511 2684 625 2728 rursus
653 2661 688 2725 in
720 2661 825 2726 lucem
856 2661 978 2744 prodiit
1001 2662 1132 2737 Daniel,

163 2752 218 2833 qui
247 2751 376 2814 exsules
407 2752 448 2814 ad
476 2749 616 2812 reditum
647 2749 815 2811 animaret.
866 2746 941 2828 Quo
972 2748 1132 2830 respicere

164 2836 296 2900 uidetur
324 2835 447 2900 Icsaias
476 2836 583 2916 capite
612 2834 665 2915 40,
695 2832 712 2895 1
744 2833 777 2896 in
810 2832 860 2897 his
892 2832 1012 2899 verbis:
1044 2833 1131 2897 Con·

163 2921 322 3001 solamini,
351 2920 565 2986 consolamini
596 2918 752 3002 populum
782 2940 900 2997 meum,
928 2918 1013 2982 dicet
1040 2918 1132 2985 Deus

164 3015 281 3071 voster.
333 3007 480 3072 Verbum
518 3007 605 3070 anim
640 3004 742 3070 futuri
780 3005 934 3087 temporis
972 3004 1132 3070 indictum

163 3092 264 3158 fuisse
287 3093 455 3177 prophetis
478 3092 657 3175 temporale
679 3090 846 3155 silentium
870 3090 1013 3155 denotat.

251 3179 279 3242 1.
303 3177 361 3264 (Ul
382 3179 458 3260 quid
479 3175 592 3263 Deus.)
626 3177 664 3241 Si
686 3177 765 3242 haec
788 3177 991 3258 querimonia
1012 3177 1133 3258 scripta

163 3263 227 3329 luit
244 3266 279 3328 in
295 3265 410 3329 exsilio
428 3262 625 3346 babylonico,
644 3263 793 3345 quamvis
811 3284 914 3328 annus
932 3262 1132 3345 septuagesi-

164 3371 237 3414 mus
267 3349 501 3433 redemptionis
534 3348 755 3432 praescriptus
788 3348 902 3412 fuisset
935 3369 955 3413 a
984 3348 1131 3427 Ieremia,

164 3436 286 3499 mirum
317 3445 425 3499 tamen
456 3456 522 3498 non
553 3443 603 3498 est
627 3445 694 3497 tam
717 3433 832 3517 longae
854 3454 964 3498 morae
986 3432 1130 3498 taedium

164 3520 337 3603 plusquam
358 3521 510 3585 acerbum
530 3520 637 3594 luisse,
657 3532 693 3582 ut
711 3518 853 3600 quotidie
870 3518 1130 3601 ingemiscerent,

52 3680 56 3687 ,
163 3629 200 3674 ac
214 3622 281 3672 tam
295 3608 427 3689 longum
444 3607 585 3688 spatium
602 3607 706 3668 instar
721 3605 870 3686 perpetui
888 3604 1006 3668 saeculi
1022 3605 1130 3669 luisse.

162 3694 228 3775 Qui
253 3714 328 3758 vero
350 3690 506 3757 Antiochi
529 3690 754 3755 crudelitatem
777 3690 921 3773 perpessi
944 3701 1031 3768 sunt,
1055 3691 1131 3772 quia

161 3779 288 3845 nullum
316 3778 382 3843 illis
405 3789 474 3841 orat
497 3776 665 3841 delinitum
689 3787 827 3857 tempus,
858 3776 973 3840 merito
995 3775 1034 3839 de
1057 3797 1130 3858 per·

160 3879 257 3950 petua
280 3865 343 3930 Dei
373 3861 540 3928 iracundia
562 3863 715 3943 conqueri
739 3871 905 3943 poterant:
936 3862 1128 3944 praesertim

159 3973 260 4036 quum
290 3949 438 4014 viderent
466 3949 537 4014 sine
564 3969 621 4030 spe
648 3947 757 4012 solatii
786 3947 821 4010 in
848 3947 916 4012 dies
939 3947 1052 4030 augeri
1076 3946 1130 4010 ho-

161 4038 259 4101 stium
283 4035 525 4111 truculentiam,
553 4045 586 4098 at
608 4055 660 4098 res
682 4054 759 4098 suas
780 4034 813 4097 iu
837 4034 980 4098 deterius
1002 4032 1127 4097 collabi.

161 4123 278 4188 Multis
301 4122 387 4184 onim
408 4121 554 4185 adversis
578 4118 671 4185 bellis
693 4121 783 4202 prius
806 4119 919 4196 attriti,
947 4139 1030 4201 quae
1052 4118 1127 4182 sub·

159 4207 237 4274 inde
269 4229 289 4271 a
321 4206 436 4270 vicinis
469 4206 673 4281 oriebantur,
704 4203 744 4268 ad
778 4204 926 4268 ultimam
957 4207 1023 4268 fere
1052 4224 1126 4268 oon·

159 4292 375 4375 sumptionem
408 4304 485 4357 tuuc
508 4300 680 4355 venerunt.
723 4290 913 4355 Notandum
935 4300 1044 4353 autem
1067 4297 1125 4365 est,

159 4380 244 4464 quod
285 4375 395 4441 fideles
436 4398 455 4440 a
487 4378 629 4458 profanis
663 4377 818 4460 gentibus
852 4376 977 4450 vexati,
1018 4374 1127 4439 oculos

160 4480 269 4530 tamen
293 4460 334 4527 ad
357 4461 464 4525 Deum
489 4462 652 4534 attollunt,
683 4482 719 4528 ac
742 4462 770 4525 si
792 4461 904 4544 plagas
924 4482 1036 4526 omnes
1058 4458 1127 4524 sola

1183 1978 1321 2043 foederis
1349 1982 1549 2057 memoriam,
1580 2002 1642 2061 quo
1673 1980 1804 2043 fuerant
1827 1980 1860 2042 in
1884 1979 1971 2042 filios
1994 1977 2152 2060 adoptati.

1185 2065 1319 2147 Grcqem
1341 2067 1427 2128 enim
1445 2086 1637 2148 pascuorum
1659 2065 1722 2131 Dei
1742 2087 1776 2129 sc
1800 2062 1943 2129 vocando
1975 2066 2153 2145 gratuitam

1183 2151 1372 2215 electionem
1403 2153 1647 2228 commendant,
1681 2172 1746 2232 qua
1779 2151 1939 2233 segregati
1975 2152 2109 2212 fuerant
2136 2166 2155 2209 a

1183 2237 1345 2320 gentibus.
1391 2236 1486 2317 Quod
1518 2239 1614 2302 etiam
1646 2238 1765 2301 clarius
1788 2238 1979 2317 exprimunt
2003 2235 2152 2317 proximo

1183 2344 1289 2388 versu.

1268 2408 1297 2472 2.
1322 2407 1512 2492 (Recordare
1533 2407 1800 2493 congregationis.)
1839 2406 2010 2473 Peculium
2034 2404 2101 2471 Dei
2122 2426 2154 2469 se

1185 2494 1281 2557 fuisse
1300 2495 1430 2576 iactant,
1454 2516 1517 2558 non
1538 2516 1597 2559 sno
1616 2494 1741 2572 merito,
1760 2492 1817 2557 sed
1835 2492 2020 2576 adoptionis
2040 2492 2153 2574 gratia.

1183 2579 1308 2643 Eodem
1339 2581 1479 2661 pertinet
1509 2581 1701 2661 antiquitas,
1735 2578 1821 2662 quod
1854 2600 1918 2642 non
1953 2578 2109 2642 venerint
2136 2598 2154 2639 a

1185 2664 1294 2746 paueis
1314 2665 1479 2729 mensibus
1497 2667 1557 2729 sub
1576 2665 1638 2728 Dei
1656 2665 1838 2746 imperium,
1860 2663 1916 2728 sed
1936 2662 2153 2728 haereditaria

1185 2750 1282 2813 luerit
1300 2752 1468 2814 successio.
1499 2750 1584 2815 Nam
1604 2771 1667 2832 quo
1687 2752 1834 2832 pluribus
1852 2749 1990 2815 saeculis
2009 2769 2152 2812 amorem

1186 2857 1280 2899 suum
1306 2846 1521 2917 prosequutus
1550 2836 1657 2900 fuerat
1680 2856 1757 2921 erga
1781 2856 1891 2901 semen
1915 2834 2088 2908 Abrahae,
2118 2853 2153 2896 eo

1185 2922 1302 2985 molius
1335 2921 1480 2986 stabilita
1507 2923 1570 2986 luit
1595 2942 1707 2986 eorum
1738 2920 1827 2986 fides.
1879 2921 2037 2986 Recitant
2067 2938 2152 3002 ergo,

1185 3028 1219 3071 se
1249 3006 1289 3071 ab
1321 3007 1414 3071 initio
1443 3007 1543 3073 luisse
1572 3006 1634 3071 Dei
1668 3009 1838 3090 populum,
1871 3027 1989 3088 nempe
2016 3026 2060 3069 ex
2092 3023 2151 3085 quo

1184 3091 1277 3158 Deus
1309 3092 1496 3158 inviolabile
1529 3093 1641 3157 foedus
1670 3114 1743 3158 cum
1772 3091 1939 3157 Abrabam
1975 3090 2150 3173 pepigerat.

1185 3177 1327 3243 Additur
1348 3179 1443 3242 etiam
1463 3178 1643 3261 redemptio
1662 3201 1726 3260 qua
1743 3179 1868 3243 sancita
1887 3176 2018 3257 adoptio
2038 3179 2153 3252 tuerat,

1185 3285 1288 3346 neque
1311 3264 1398 3328 enim
1418 3266 1649 3341 verbosulum,
1672 3264 1728 3329 sed
1746 3266 1867 3346 reipsa
1885 3275 1962 3328 tune
1978 3261 2151 3342 imperium

1184 3349 1323 3414 asseruit
1358 3349 1457 3415 Deus.
1513 3350 1604 3414 Haec
1639 3350 1702 3414 Dei
1741 3348 1899 3413 beneficia
1939 3346 1980 3412 ad
2013 3346 2152 3412 fiduciae

1183 3436 1355 3501 materiam
1384 3436 1445 3501 sibi
1473 3448 1669 3519 proponunt,
1698 3447 1730 3499 et
1758 3436 1820 3517 ipsi
1845 3436 1914 3499 Deo
1937 3433 2042 3497 autori
2066 3453 2151 3498 eom·

1184 3530 1377 3595 memorant,
1406 3542 1446 3584 ne
1469 3542 1550 3603 opus
1573 3541 1667 3585 suum
1692 3521 1828 3585 deserat.
1872 3519 1936 3584 His
1956 3518 2056 3582 etiam
2080 3516 2152 3582 freti

1183 3609 1337 3671 continuo
1370 3627 1405 3672 se
1439 3621 1555 3671 vocant
1586 3607 1711 3688 uirgam
1748 3605 1963 3681 haereditetis,
1998 3603 2061 3669 hoc
2095 3616 2150 3679 cst,

1185 3691 1417 3757 haereditatem
1448 3713 1546 3774 quam
1575 3692 1634 3756 sihi
1664 3694 1733 3774 ipse
1763 3691 1931 3755 dimensus
1961 3702 2020 3754 est.
2067 3688 2150 3754 Nam

1184 3778 1259 3859 quia
1274 3779 1405 3860 perticis
1421 3778 1506 3844 sieut
1521 3777 1674 3842 funiculis
1690 3778 1839 3843 solebant
1854 3796 1949 3859 agros
1964 3775 2150 3851 terminare,

1183 3862 1298 3927 alludit
1321 3862 1361 3927 ad
1384 3885 1506 3929 morem
1530 3864 1632 3928 illum.
1668 3863 1863 3945 Quanquam
1887 3861 1943 3925 alii
1964 3872 2062 3942 mgr
2081 3858 2153 3924 rri-

1182 3947 1260 4013 bum
1284 3948 1410 4013 malunt
1433 3962 1569 4028 vertere,
1592 3950 1696 4032 magis
1718 3962 1827 4013 tamen
1847 3947 1952 4029 placet
1974 3950 2031 4009 illa
2051 3961 2152 4010 meta·

1181 4034 1299 4116 phora:
1334 4035 1417 4117 quod
1447 4033 1537 4098 Dous
1566 4055 1684 4098 aroana
1714 4033 1937 4118 designatione
1966 4032 2018 4096 sui
2053 4031 2149 4096 bene·

1180 4120 1301 4200 placiti,
1324 4121 1414 4202 quasi
1434 4118 1635 4201 decempeda,
1659 4120 1815 4185 Israelem
1837 4118 1899 4184 sibi
1920 4118 1956 4182 in
1979 4118 2147 4199 proprium

1180 4203 1316 4270 fundum
1356 4205 1508 4269 distinxit
1541 4222 1560 4268 a
1592 4206 1727 4287 reliquis
1759 4205 1921 4287 gentibus.
1977 4204 2149 4267 Postremo

1179 4290 1249 4355 loco
1271 4291 1403 4373 ponitur
1425 4290 1593 4374 templum,
1613 4293 1645 4355 in
1668 4311 1731 4373 quo
1753 4291 1846 4355 Deus
1868 4310 1903 4355 se
1925 4287 2149 4353 habitaturum

1180 4378 1388 4457 promiserat:
1408 4397 1472 4440 non
1488 4376 1573 4456 quod
1588 4376 1713 4441 inclusa
1729 4376 1794 4441 illio
1809 4386 1895 4440 esset
1910 4375 1979 4439 eius
1995 4374 2148 4451 essentia,

1180 4462 1302 4525 utiam
1327 4462 1456 4544 saepius
1478 4461 1601 4527 dictum
1624 4474 1688 4526 est:
1712 4461 1769 4526 sed
1791 4463 1866 4543 quia
1888 4459 2001 4525 fideles
2026 4460 2148 4523 virtute

158 4552 229 4617 eius
260 4569 376 4614 manus
406 4547 577 4630 infligeret.
623 4546 779 4613 Sciebant
807 4548 892 4611 enirn
923 4545 1053 4611 nonnisi
1075 4545 1126 4608 in·
1179 4555 1211 4610 et
1239 4548 1345 4629 gratia
1373 4546 1438 4611 illio
1466 4548 1683 4631 propinquum
1710 4557 1743 4612 ct
1765 4558 1968 4628 praesentem
1992 4545 2055 4610 sibi
2079 4566 2148 4609 esse

159 4639 251 4703 senso
275 4634 345 4699 Deo
369 4644 496 4699 tantum
520 4632 669 4697 licentiae
691 4645 803 4697 eontra
825 4653 859 4696 se
882 4632 1026 4714 permitti
1056 4651 1128 4713 pro·
1178 4633 1371 4698 sentiebant.
1416 4632 1513 4697 Nunc
1538 4645 1686 4698 tenemus
1709 4632 1794 4698 unde
1817 4632 1970 4714 precandi
1992 4630 2147 4696 fiduciam

159 4724 244 4788 lauis
268 4722 428 4803 gentihus.
463 4718 551 4802 Ergo
575 4719 719 4799 persuasi
743 4738 807 4781 non
829 4738 899 4781 esse
921 4717 982 4782 sihi
1006 4716 1126 4782 bellum
1178 4719 1315 4800 populus
1333 4720 1516 4798 sumpserit,
1539 4739 1657 4802 nempe
1674 4739 1717 4783 ex
1735 4719 1879 4802 gratuita
1896 4717 1960 4781 Dei
1978 4717 2147 4794 electione,

159 4830 232 4875 cum
262 4828 359 4871 carne
389 4816 422 4870 et
451 4804 621 4887 sanguine,
652 4804 708 4866 sed
737 4803 821 4867 iusto
850 4803 914 4867 Dei
944 4803 1062 4868 iudicio
1091 4822 1126 4866 se
1179 4803 1455 4885 promissionibus,
1478 4816 1512 4866 et
1533 4804 1622 4869 cultu
1645 4804 1706 4869 sihi
1731 4803 1859 4868 tradito.

159 4894 270 4976 affligi,
300 4912 431 4957 oausam
461 4890 564 4971 ipsam
595 4899 628 4952 et
650 4889 772 4952 sontem
796 4889 941 4953 omnium
967 4889 1125 4953 malorum
1263 4888 1292 4954 3.
1316 4887 1430 4973 (Elaea
1447 4889 1686 4974 perorationes.)
1730 4889 1885 4955 Vicissim
1914 4887 2063 4954 hostibus
2085 4889 2146 4952 im·

159 4978 374 5053 considerant,
403 4975 488 5057 quod
510 4975 610 5050 Deus,
640 4993 704 5056 quo
729 4975 869 5057 propitio
892 4984 967 5039 ante
990 4975 1126 5039 feliciter
1179 4986 1353 5056 precantur
1382 4973 1511 5039 letalem
1541 4973 1680 5058 plagam,
1709 4987 1806 5057 prout
1828 4973 2004 5040 crudeliter
2025 4976 2148 5038 saevie-

158 5067 320 5140 vixerant,
344 5082 431 5126 nuno
454 5083 508 5125 eos
528 5061 693 5133 abiecerit,
715 5080 820 5142 neque
839 5080 970 5125 censere
988 5058 1126 5141 amplius
1178 5069 1255 5123 runt
1277 5060 1311 5122 iu
1334 5060 1556 5125 sanctuarium
1578 5060 1659 5124 Dei:
1686 5081 1723 5125 ac
1745 5062 1772 5126 si
1795 5060 1941 5126 dicerent
1963 5080 2032 5124 non
2054 5061 2146 5124 suffi-

159 5151 193 5215 in
223 5170 321 5233 grege
351 5169 408 5213 suo
434 5146 597 5231 dignetur.
643 5146 726 5211 Nam
749 5146 883 5211 verbum
906 5159 968 5229 mr
994 5145 1126 5209 relicere
1178 5164 1250 5210 cere
1289 5144 1483 5210 mediocrem
1518 5165 1655 5229 poenam
1689 5157 1756 5211 tam
1790 5147 1889 5229 impio
1921 5152 1954 5210 et
1987 5146 2147 5229 sacrilego

159 5257 197 5300 ao
227 5234 390 5311 detestari,
424 5232 587 5298 interdum
616 5235 713 5298 etiam
742 5252 777 5297 se
806 5233 917 5314 procul
947 5229 1125 5296 subducere
1177 5228 1296 5293 furori:
1326 5230 1504 5313 perdendos
1532 5251 1610 5315 ergo
1638 5252 1708 5297 essa
1737 5233 1857 5316 absque
1887 5231 1953 5296 ulla
1973 5251 2032 5313 spe
2054 5253 2147 5298 sana·
