4658 5856
234 333 301 399 603
1060 329 1277 399 PSALMUS
1304 332 1413 399 LXV.
2177 336 2240 402 604

321 528 352 593 2.
381 524 441 610 (Te
469 521 646 608 exspectat.)
689 521 743 587 Ad
765 522 901 588 verbum
932 529 993 587 est:
1030 522 1104 586 Tibi
1134 522 1208 588 silet
1259 523 1320 590 hoe
1353 524 1439 605 quod
1474 544 1533 606 per
1566 524 1774 607 evangelium
1807 527 2053 610 consequimur,
2089 538 2127 590 nt
2157 526 2238 590 libor

236 616 315 692 laus,
341 616 399 679 sed
421 608 559 674 verbum
581 620 697 691 mm
720 608 939 691 metaphorice
961 629 1019 689 pro
1042 608 1207 690 quiescere
1259 608 1352 675 nobis
1385 608 1426 673 ad
1460 609 1570 674 Deum
1604 612 1771 693 ingressus
1806 623 1923 694 pateat.
1980 612 2123 678 Omnem
2158 631 2236 676 vero

235 701 404 783 accipitur,
427 717 464 761 ac
486 693 602 760 deinde
625 714 683 776 pro
706 702 903 776 exspectare.
948 691 1074 760 Sensus
1096 699 1208 758 cirtem
1259 715 1391 759 carnem
1414 695 1612 778 generaliter
1634 697 1806 762 nominans
1829 696 1997 781 propheta,
2021 699 2168 764 breviter
2185 698 2235 761 in·

236 786 301 852 huo
330 784 425 860 redit,
456 781 566 846 Deum
588 801 659 845 esse
682 780 728 843 ita
752 779 931 844 beneficum
953 800 1032 863 erga
1054 798 1141 862 suas,
1170 784 1208 843 ut
1261 780 1356 861 dicat,
1385 779 1472 863 quod
1502 789 1581 844 tuno
1610 782 1776 865 singulare
1806 797 1878 847 erat
1905 783 2046 863 ludaeis,
2077 786 2147 849 fore
2177 783 2234 847 ali·

234 869 380 955 quotidie
419 868 485 933 illis
518 864 702 948 suppeditet
734 885 854 929 novam
885 866 1058 930 materiam
1092 865 1206 930 landis.
1259 866 1388 947 quando
1411 867 1537 932 cunetis
1559 868 1712 950 gentibus
1733 888 1915 934 commune.
1948 870 2059 953 Atque
2081 874 2128 935 ita
2152 869 2234 935 vati·

234 958 310 1023 Etsi
332 956 420 1022 enim
442 974 477 1020 se
499 955 533 1017 in
556 960 661 1015 totum
681 949 840 1015 mundum
864 948 1019 1014 diffundit
1037 950 1107 1015 eius
1128 950 1208 1015 libe·
1260 952 1383 1017 oinium
1405 963 1455 1016 ost
1477 951 1518 1016 dc
1539 952 1647 1017 futuro
1670 951 1797 1018 Ohristi
1819 975 1930 1036 regno.

235 1044 358 1120 ralitas,
389 1037 542 1124 peculiari
571 1049 682 1101 tamen
713 1037 822 1101 favore
851 1036 1019 1101 ecclesiam
1042 1058 1136 1101 suam
1159 1035 1208 1101 di·
1345 1037 1376 1101 4.
1406 1034 1528 1120 (Verba
1556 1037 1784 1125 iniquitatum.)
1835 1039 1910 1104 Non
1940 1042 2152 1123 conqueritur
2182 1060 2237 1122 po·

235 1134 367 1214 gnatur.
419 1125 495 1191 Huc
524 1122 623 1187 etiam
653 1120 791 1198 aceedit,
825 1120 911 1204 quod
942 1121 1013 1202 alii,
1044 1128 1209 1204 uteunque
1261 1122 1376 1204 pulum
1399 1122 1491 1187 falsis
1513 1123 1686 1189 calumniis
1708 1125 1857 1207 gravari,
1887 1125 1945 1191 sed
1973 1126 2169 1209 simpliciter
2191 1128 2235 1190 fa·

236 1221 428 1280 saturentur
449 1210 520 1274 eius
540 1207 715 1284 beneficiis,
739 1228 804 1271 non
828 1221 937 1272 tamen
955 1207 1103 1272 sentiunt
1120 1207 1208 1273 unde
1261 1220 1348 1273 tetur
1371 1209 1559 1291 iniquitates
1581 1230 1652 1274 osse
1674 1211 1841 1275 obstaculo
1864 1212 2038 1293 quominus
2060 1211 2154 1278 Deus
2176 1233 2234 1294 pro

238 1299 442 1382 proveniant,
472 1297 519 1360 ita
542 1295 578 1358 ιιι
601 1293 731 1358 silentio
753 1294 930 1358 absorbent
951 1313 988 1357 aa
1010 1298 1209 1358 consumunt
1261 1314 1351 1358 more
1385 1293 1513 1359 facilem
1546 1315 1581 1360 se
1614 1305 1647 1360 et
1688 1295 1869 1360 humanum
1906 1296 2039 1362 Indaeis
2071 1298 2234 1363 exhibeat.

235 1382 394 1469 quidquid
425 1383 583 1447 honorum
611 1379 750 1462 largitur
772 1378 838 1444 illis
861 1379 961 1443 Deus.
1004 1378 1209 1443 Nominatim
1260 1378 1426 1445 Oonvenit
1448 1389 1556 1445 autem
1586 1380 1639 1446 hie
1668 1379 1759 1446 locus
1789 1403 1865 1447 enm
1895 1382 1952 1447 illo
1975 1383 2100 1449 lesaiae
2123 1383 2178 1461 59,
2201 1385 2234 1448 l:

238 1482 349 1537 tamen
368 1468 552 1551 exprimere
571 1465 674 1531 voluit
693 1463 860 1546 propheta,
882 1464 945 1527 Dei
965 1464 1145 1529 bonitatem
1163 1466 1210 1528 sic
1262 1464 1336 1529 Non
1360 1479 1411 1531 est
1432 1477 1613 1549 aggravata
1633 1467 1721 1531 auris
1745 1468 1879 1532 Domini
1899 1469 2074 1551 quominus
2103 1469 2234 1535 audiat:

236 1559 272 1621 in
311 1555 448 1622 eeclesia
487 1553 626 1636 fulgere,
667 1562 704 1615 ut
743 1550 859 1614 merito
892 1549 959 1614 illio
993 1549 1208 1633 praedicetur.
1261 1549 1319 1615 aed
1340 1551 1531 1634 iniquitates
1554 1562 1686 1617 nostrae
1709 1550 1898 1617 distantiam
1921 1566 2047 1636 ponunt
2069 1555 2235 1620 internos

236 1641 360 1708 Eodem
394 1640 537 1724 pertinet
568 1637 708 1701 altorum
741 1634 941 1716 membrum,
982 1635 1037 1699 nbi
1070 1635 1110 1701 do
1143 1635 1210 1700 voti
1262 1646 1295 1700 ot
1316 1638 1433 1718 ipsum.
1477 1636 1519 1700 ln
1541 1658 1685 1717 summa,
1716 1637 1802 1721 qnod
1824 1637 1916 1705 Deus
1939 1641 1994 1722 qui
2016 1662 2094 1707 suos
2115 1639 2235 1708 libera·

235 1727 419 1793 redditione
442 1725 562 1808 agitur.
600 1722 658 1788 sie
680 1722 768 1787 enim
789 1721 1026 1806 gratitudinem
1049 1722 1210 1803 promittit
1262 1722 1338 1786 liter
1360 1725 1475 1787 iuvare
1496 1722 1594 1797 solet,
1624 1723 1690 1788 imo
1712 1726 1847 1790 comiter
1868 1736 1902 1790 et
1921 1725 2040 1791 blande
2063 1724 2104 1791 ad
2128 1749 2165 1793 se
2187 1730 2234 1791 in·

236 1816 270 1879 in
301 1813 414 1896 populi
443 1811 585 1890 nomine,
614 1819 652 1872 ut
680 1818 790 1872 tamen
812 1829 833 1872 a
855 1807 1025 1889 posteriori
1048 1807 1210 1891 signifieat
1264 1809 1354 1884 vitat,
1378 1829 1514 1873 manum
1535 1830 1629 1874 suam
1652 1808 1692 1874 ad
1716 1824 1845 1893 tempus
1867 1811 2017 1895 retrahit,
2040 1810 2139 1878 huius
2157 1813 2234 1878 mali

236 1920 365 1982 sempor
404 1917 525 1962 novum
557 1895 626 1959 fore
660 1904 891 1977 argumentum
924 1893 1092 1959 testandae
1125 1893 1209 1959 eele-
1261 1892 1390 1975 oulpam
1413 1895 1482 1959 suis
1503 1903 1537 1959 et
1554 1895 1663 1976 populi
1683 1897 1823 1977 peccatis
1838 1896 1979 1978 imputat
1994 1896 2115 1963 David.
2150 1899 2234 1964 Nam

237 1985 445 2066 braudaequo
471 1980 536 2046 Dei
565 1980 733 2046 bonitatis:
764 1981 841 2061 quia
871 1998 938 2044 non
969 1976 1089 2043 desinit
1115 1999 1209 2043 suam
1262 1979 1370 2060 priore
1392 1980 1461 2044 laco
1483 1988 1610 2044 reatum
1640 2002 1735 2045 suum
1765 1984 1926 2060 anosoit,
1960 1982 2235 2065 quemadmodum

237 2071 406 2137 ecclesiam
435 2067 565 2132 assiduo
586 2065 699 2130 favore
720 2065 883 2147 prosequi.
927 2063 1089 2130 Cohaeret
1111 2065 1209 2129 etiam
1264 2064 1382 2130 Daniel
1408 2065 1505 2148 oepit.
1530 2065 1561 2146 9,
1584 2086 1668 2131 vers.
1691 2065 1722 2149 5,
1745 2002 1806 2131 sed
1832 2088 1909 2132 mox
1939 2078 2045 2133 totum
2077 2071 2233 2153 populum

237 2157 407 2239 proximus
437 2173 561 2231 versus,
591 2151 647 2215 ubi
668 2149 760 2215 Deua
789 2148 902 2215 audire
933 2150 1052 2216 dicitur
1074 2170 1209 2215 suorum
1263 2151 1324 2216 sibi
1347 2151 1473 2215 socium
1496 2151 1654 2235 adiungit.
1699 2152 1795 2218 Hanc
1817 2174 1895 2218 vero
1918 2155 2115 2219 sententiam
2136 2157 2235 2222 inser·

239 2263 359 2325 preces.
405 2240 547 2305 eausam
577 2257 654 2319 ergo
677 2233 834 2300 reddendi
859 2236 926 2300 vati
947 2236 1104 2321 assignat,
1133 2236 1211 2318 quia
1263 2237 1311 2299 uit
1344 2236 1521 2319 propheta,
1556 2258 1620 2301 non
1656 2247 1693 2302 ut
1725 2259 1759 2303 se
1792 2249 1826 2303 et
1857 2240 1940 2305 alios
1973 2240 2164 2322 prohiberet
2196 2241 2234 2307 ab

238 2348 406 2409 nunquam
428 2326 604 2389 frustretur
626 2322 849 2387 Deusservos
871 2341 956 2398 suos,
980 2320 1059 2386 dum
1082 2320 1210 2386 abillis
1263 2322 1376 2386 orandi
1410 2321 1545 2400 fiducia,
1585 2322 1642 2388 sed
1676 2323 1785 2404 potius
1818 2331 1855 2388 ut
1891 2347 1990 2407 supra
2030 2326 2234 2393 obstaculum

238 2415 419 2487 invocatur,
450 2408 505 2474 sed
530 2408 690 2491 propitius
713 2416 837 2473 annuat
859 2427 973 2471 eorum
997 2409 1089 2486 votis,
1112 2413 1210 2488 atque
1262 2418 1458 2491 emergeret,
1492 2408 1578 2490 quad
1612 2418 1737 2474 arceret
1769 2422 1902 2476 cunctos
1937 2412 2090 2478 mortales
2123 2434 2145 2477 a
2173 2414 2233 2479 Dei

239 2500 285 2563 ita
313 2496 399 2581 quod
429 2492 568 2562 secundo
597 2493 668 2558 loeo
698 2493 838 2575 positum
867 2504 925 2569 est,
957 2493 1070 2558 ordine
1102 2505 1210 2557 tamen
1262 2513 1430 2558 successu:
1456 2494 1519 2558 nisi
1542 2503 1724 2559 statuerent
1747 2495 1898 2579 indignos
1920 2517 2050 2579 quoque
2073 2499 2231 2563 exaudiri.

240 2587 330 2668 prius
359 2597 417 2648 est.
463 2582 638 2647 Caeterum
667 2577 728 2643 hoc
751 2578 918 2660 epitheton
941 2600 1004 2661 quo
1027 2577 1137 2644 Deum
1159 2579 1209 2641 in·
1263 2578 1435 2644 Probabile
1459 2600 1538 2643 vera
1561 2590 1611 2644 est
1633 2581 1797 2663 praesenti
1821 2582 1928 2664 aliquo
1957 2583 2025 2649 irae
2046 2583 2111 2649 Dei
2143 2587 2234 2669 signo

239 2670 342 2754 signit
369 2666 495 2743 David,
528 2664 710 2729 doctrinam
740 2664 884 2728 eontinet
913 2665 1058 2748 apprime
1088 2663 1210 2739 utilem,
1264 2665 1427 2746 perculsos
1450 2664 1551 2730 fuisse
1573 2674 1654 2730 tunc
1675 2667 1801 2744 fideles,
1825 2670 1901 2750 quia
1922 2680 2035 2734 cantra
2056 2668 2144 2735 hanc
2167 2685 2233 2735 ten·

238 2775 409 2836 nunquam
437 2753 548 2815 irritas
578 2750 647 2814 fore
677 2763 804 2814 nostras
827 2769 954 2831 preces:
987 2750 1062 2832 quia
1084 2771 1138 2815 eas
1160 2771 1209 2813 re·
1264 2752 1419 2814 tationem
1439 2751 1580 2816 luctatur
1593 2751 1710 2816 David.
1746 2754 1850 2817 Porro
1869 2753 2017 2820 videmus
2035 2756 2233 2840 inpromptu

240 2839 403 2922 pudiando
419 2838 511 2901 Deus
529 2834 766 2917 quodammodo
785 2846 938 2899 naturam
954 2855 1047 2900 suam
1065 2844 1210 2899 exueret.
1264 2836 1293 2899 ei
1315 2836 1417 2900 fuisso
1444 2835 1641 2916 remedium,
1671 2840 1746 2919 quia
1769 2860 1810 2902 ex
1832 2841 1979 2922 opposito
2002 2851 2133 2922 reputat
2164 2864 2233 2924 pro·

240 2928 354 3009 Neque
385 2924 472 2988 enim
501 2923 615 2987 recitat
638 2920 746 2985 David
776 2920 854 3002 quid
884 2922 985 2986 semel
1014 2923 1136 2987 factum
1158 2920 1211 2997 eit,
1264 2920 1372 3003 prium
1396 2943 1465 2987 esse
1487 2922 1550 2986 Dei
1574 2944 1693 2988 munus
1715 2923 1793 2988 dare
1811 2927 1942 2989 veniam
1959 2928 2111 3008 peccatis,
2134 2948 2233 3010 caque

240 3014 296 3079 sed
325 3021 481 3094 perpetuo
514 3017 634 3073 ornatu
663 3008 772 3071 Deum
802 3006 918 3071 vestit:
951 3028 989 3073 ae
1020 3008 1046 3071 si
1081 3006 1212 3085 diceret,
1264 3009 1406 3089 expiare.
1440 3007 1493 3071 Ita
1515 3007 1568 3072 hic
1592 3029 1718 3090 quoque
1741 3030 1856 3075 versus
1879 3033 1953 3076 cum
1977 3012 2136 3093 superiori
2159 3035 2232 3078 eon·

242 3119 308 3162 non
330 3096 434 3179 magis
455 3094 525 3160 fieri
548 3113 641 3175 posse
660 3090 804 3157 utDeus
822 3092 940 3157 surdus
958 3093 1002 3158 sit
1022 3092 1212 3158 adsueram
1265 3094 1333 3157 texi
1359 3092 1469 3169 debet,
1501 3106 1597 3175 atque
1621 3094 1826 3160 adversative
1858 3096 1994 3174 resolvi,
2032 3097 2094 3162 hoc
2123 3099 2233 3163 modo:

243 3195 328 3260 vota,
359 3202 456 3264 quam
487 3190 525 3244 ut
549 3200 584 3245 se
604 3179 714 3261 ipsum
743 3177 893 3260 abneget.
936 3179 1010 3244 Hoc
1032 3180 1061 3244 si
1083 3179 1213 3261 penitus
1266 3178 1427 3259 Quamvis
1450 3178 1637 3261 iniquitates
1660 3195 1801 3258 nostrae,
1825 3181 2039 3264 utrcpulsam
2057 3196 2232 3261 merentur,

242 3269 444 3350 insculptum
480 3267 542 3329 erit
576 3264 729 3330 cordibus
763 3265 898 3343 nostris,
939 3266 1108 3348 proprium
1142 3285 1212 3329 esse
1266 3265 1378 3346 procul
1401 3286 1459 3329 nos
1482 3286 1501 3329 a
1523 3276 1697 3348 conspectu
1721 3277 1777 3331 tuo
1801 3268 1945 3332 eliciant:
1974 3270 2049 3351 quia
2071 3281 2182 3334 tamen
2205 3284 2234 3332 to

241 3355 314 3420 Deo
355 3359 388 3417 et
427 3351 641 3433 inseparabile
681 3348 837 3415 exaudire
875 3370 1007 3433 preces,
1044 3370 1212 3433 nunquam
1266 3350 1306 3414 ad
1331 3350 1626 3415 reconciliationem
1650 3364 1798 3434 paratum
1819 3354 1980 3436 ostendis,
2007 3375 2141 3419 cursum
2164 3376 2232 3437 pro·

243 3442 428 3505 excutietur
447 3439 538 3502 nobis
557 3435 815 3501 orandifidueia.
848 3434 1212 3518 Iamquumnunquam
1266 3435 1357 3501 cibus
1379 3436 1500 3501 nostris
1523 3457 1587 3500 uon
1612 3436 1816 3520 abrumpent.
1861 3441 2026 3506 Dooomur
2043 3449 2155 3503 autem
2178 3440 2234 3505 hoo

242 3525 439 3590 destituatur
469 3523 622 3588 facultate
646 3521 790 3597 iuvandi,
820 3520 942 3585 laetum
965 3532 999 3585 et
1022 3542 1213 3603 prosporum
1267 3522 1353 3604 loeo,
1383 3543 1448 3586 non
1471 3522 1565 3586 aliter
1587 3526 1715 3588 exorari
1740 3526 1845 3588 Deum
1875 3524 2006 3590 anobis
2036 3546 2146 3607 posse,
2175 3527 2234 3590 nisi

240 3632 427 3677 successum
456 3607 589 3673 indubie
618 3607 830 3688 sperabimus.
876 3606 945 3671 Neo
968 3608 1076 3673 minus
1099 3618 1213 3671 notatu
1267 3608 1344 3671 dum
1367 3608 1557 3690 suppliciter
1580 3611 1708 3673 veniam
1738 3609 1950 3691 deprecamur
1979 3612 2100 3675 nostrie
2129 3632 2236 3693 pecca·

240 3698 378 3781 dignum
406 3708 457 3760 est
486 3693 570 3776 quod
600 3692 756 3774 sequitur,
786 3691 858 3756 ideo
885 3713 1009 3758 caruem
1033 3712 1152 3757 omium
1173 3693 1215 3757 od
1267 3693 1318 3758 tis.
1374 3693 1505 3758 Interea
1539 3693 1753 3758 dubitandum
1788 3716 1853 3759 non
1887 3708 1937 3760 est
1975 3697 2054 3779 quin
2095 3699 2237 3780 gratuita

241 3784 346 3848 Deum
363 3788 541 3848 uenturam:
560 3783 637 3861 quia
655 3778 750 3843 sicuti
769 3797 863 3842 nemo
883 3800 990 3843 coram
1011 3780 1081 3843 Deo
1099 3778 1214 3843 sistere
1267 3789 1473 3860 peecatorum
1506 3781 1653 3844 remissio
1676 3781 1784 3844 Deum
1815 3781 1907 3847 nobis
1937 3782 2096 3847 conciliet.
2142 3782 2235 3864 Quod

241 3892 276 3934 se
299 3869 440 3941 auderet.
469 3865 534 3930 nisi
556 3885 732 3947 persuasus
754 3870 841 3928 esset
863 3886 940 3928 oum
962 3864 1023 3929 sibi
1046 3866 1114 3928 fore
1137 3885 1214 3928 exo·
1267 3866 1294 3929 si
1318 3865 1481 3946 paulisper
1504 3865 1642 3945 gratiam
1666 3886 1757 3929 suam
1780 3867 1986 3932 submoveat:
2009 3867 2156 3951 adeoque
2174 3884 2234 3933 ter·

241 3954 388 4035 rabilem,
417 3956 462 4017 ita
491 3951 546 4017 ubi
576 3961 692 4033 sponte
714 3951 855 4015 occurrit
876 3972 914 4015 ae
937 3953 1128 4032 pronuntiat
1150 3971 1212 4014 non
1267 3972 1345 4033 gum
1376 3949 1469 4014 nobis
1503 3950 1669 4027 obrodat,
1704 3951 1841 4016 Daridis
1870 3963 1981 4017 tamen
2015 3954 2167 4038 exemplo
2200 3953 2238 4018 ad

242 4040 365 4103 frustra
393 4060 427 4103 ae
456 4038 611 4112 invocari,
646 4046 758 4118 aperta
786 4047 835 4100 est
862 4037 969 4115 ianua,
999 4049 1036 4100 ut
1064 4037 1214 4099 certatim
1266 4056 1357 4117 spem
1381 4036 1577 4118 expiationis
1599 4057 1769 4120 erumpere
1792 4040 1955 4103 convenit.
2000 4038 2098 4119 Quod
2128 4041 2237 4125 singu·

242 4146 354 4190 omnes
381 4123 421 4186 ad
445 4144 521 4187 eum
543 4123 720 4188 confluant.
764 4122 837 4185 Etsi
860 4122 949 4186 enim
971 4121 1158 4203 hypocritae
1182 4134 1215 4184 et
1267 4121 1327 4184 lari
1362 4142 1499 4186 numero
1539 4123 1659 4186 fatetur
1698 4143 1733 4187 se
1770 4125 1909 4204 peccatis
1942 4125 2112 4203 obrutum,
2155 4128 2235 4191 ratio

242 4209 372 4293 profani
395 4208 551 4285 hominos,
574 4208 652 4271 dum
674 4209 867 4273 necessitate
889 4219 1060 4289 urgentur,
1085 4220 1161 4272 vota
1178 4207 1213 4270 in
1268 4207 1378 4271 afferri
1401 4218 1517 4288 potest,
1540 4208 1623 4289 quod
1644 4229 1702 4273 rex
1720 4229 1820 4290 quum
1840 4222 1934 4289 esset,
1958 4220 2061 4274 totum
2081 4213 2238 4294 populum

242 4309 352 4361 aerem
374 4293 533 4358 fundunt:
564 4292 623 4360 hoe
649 4300 760 4357 tamen
783 4314 847 4357 non
870 4291 982 4358 estad
1005 4292 1114 4357 Deum
1136 4312 1214 4357 vere
1268 4293 1547 4374 repraesentabat:
1571 4294 1622 4357 vel
1645 4295 1731 4376 quod
1755 4295 1815 4360 hac
1837 4294 1972 4361 docendi
1996 4298 2116 4373 forma,
2144 4298 2238 4362 sicuti

243 4381 406 4459 accedere,
429 4381 484 4445 ubi
506 4378 583 4442 fidei
603 4378 833 4443 certitudinem
851 4399 915 4442 non
934 4378 1076 4442 afferunt
1093 4400 1135 4443 ex
1149 4377 1213 4442 Dei
1269 4376 1396 4455 Daniel,
1418 4378 1564 4461 singulos
1586 4379 1733 4444 hortetur
1755 4381 1795 4445 ad
1818 4402 1853 4446 se
1876 4382 2028 4464 privatim
2046 4384 2240 4447 examinan-

242 4469 342 4533 verbo
381 4480 588 4547 conceptam,
627 4463 683 4529 sad
723 4464 867 4546 pendent
900 4464 940 4528 ab
974 4463 1215 4545 exspectatione
1268 4463 1335 4540 dos,
1360 4478 1395 4528 ut
1407 4465 1544 4547 quisque
1556 4466 1719 4546 propriam
1732 4478 1842 4531 reatus
1853 4469 2090 4532 confessionem
2112 4467 2238 4533 afferat.

242 4553 368 4618 fortuiti
387 4563 535 4617 eventus.
570 4550 784 4615 Praelueeant
804 4571 881 4632 ergo
900 4549 963 4613 Dei
980 4549 1215 4631 promissiones
1269 4548 1400 4614 Scimus
1423 4549 1509 4613 enim
1534 4550 1715 4632 hypocritas
1738 4552 1936 4617 defunctorie
1959 4576 1993 4618 se
2011 4553 2184 4618 involvere
2205 4554 2240 4618 in

243 4660 377 4705 necesse
406 4649 471 4719 est,
506 4646 544 4701 ut
575 4636 627 4698 via
656 4635 718 4699 rite
746 4633 861 4699 orandi
891 4640 1014 4717 pateat,
1047 4637 1121 4718 quia
1149 4634 1216 4700 illis
1268 4634 1431 4700 communi
1454 4634 1608 4719 catalogo,
1629 4647 1666 4701 ut
1688 4649 1819 4718 peccata
1845 4660 1903 4703 sua
1929 4639 2102 4704 occultent
2136 4639 2240 4722 Atqui

243 4725 382 4790 sublatis
404 4723 616 4806 prohibemur
637 4742 657 4784 a
679 4720 741 4784 Dei
765 4740 904 4797 accessu,
934 4721 1030 4787 sicuti
1052 4720 1141 4785 huna
1163 4743 1214 4784 or·
1268 4721 1376 4785 David
1401 4741 1466 4783 non
1488 4730 1616 4785 tantum
1639 4724 1734 4788 fictae
1754 4721 1930 4789 modestiae
1948 4744 2054 4801 eausa,
2077 4723 2135 4789 sed
2154 4726 2241 4790 serio

244 4811 355 4875 dinem
383 4812 500 4874 statuit
522 4808 646 4872 Paulus
675 4806 715 4869 ad
739 4805 897 4888 Ephesios
922 4807 1025 4888 eapite
1046 4808 1142 4871 tertio
1166 4806 1216 4886 12,
1269 4807 1388 4870 affeetu
1419 4827 1494 4871 aso
1517 4807 1588 4890 ipso
1610 4829 1763 4885 exorsus,
1793 4830 1901 4874 eoram
1923 4809 1996 4874 Deo
2025 4831 2097 4874 reos
2126 4831 2241 4875 omnes

245 4911 280 4960 ut
306 4897 454 4979 quisquis
482 4893 634 4959 accedere
656 4891 698 4956 ad
722 4892 827 4955 Deum
850 4893 951 4973 cupit,
981 4892 1151 4975 praeditus
1173 4894 1216 4955 sit
1269 4892 1406 4977 peragit.

244 4981 308 5046 fide
338 5003 394 5064 per
417 4980 598 5059 Christum,
627 4998 709 5061 quae
739 4998 813 5042 eum
844 4976 884 5041 ad
908 4978 1059 5042 fiduciam
1082 4979 1215 5043 animet.

245 5067 332 5132 Hinc
364 5067 557 5151 colligimus,
586 5061 733 5147 r'egulam
765 5062 916 5146 precandi
944 5063 1068 5127 nullam
1091 5083 1161 5128 esse
1181 5064 1216 5127 in
1353 5061 1384 5127 5.
1408 5061 1531 5128 Beatus
1552 5085 1641 5145 quem
1670 5066 1808 5148 degam,
1838 5071 1866 5130 et
1888 5067 2101 5148 propinquum
2128 5067 2241 5148 feceris

245 5164 374 5233 papatu,
393 5154 448 5217 ubi
466 5153 634 5233 suspensis
652 5161 685 5215 et
703 5149 811 5214 dubiis
829 5149 946 5213 animis
964 5170 1092 5230 semper
1107 5148 1215 5213 Deum
1269 5147 1343 5212 tibi:
1372 5147 1522 5212 habitabit
1543 5151 1578 5215 iu
1600 5152 1693 5216 atriis
1715 5152 1793 5231 tuis:
1820 5151 2011 5217 satiabimur
2031 5152 2107 5217 baua
2128 5153 2240 5218 damus

246 5248 349 5301 orant.
390 5235 634 5303 Inaestimabile
656 5244 764 5301 autem
788 5256 915 5318 semper
936 5242 987 5299 est
1008 5234 1217 5318 privilegium
1268 5239 1340 5298 tuac
1360 5234 1537 5300 eatutuarii
1561 5236 1681 5319 palatii
1700 5235 1759 5301 tui.
1802 5237 1832 5303 6.
1858 5237 2030 5303 Terribilia
2052 5239 2087 5303 iu
2117 5238 2241 5304 uiridia
