4658 5856
110 341 173 407 545

110 555 206 617 quam
240 532 268 597 si
300 533 333 596 in
367 532 430 597 Dei
464 532 700 614 providentiam
734 534 932 598 recumbant.
988 532 1075 613 Quia

51 636 59 661 ·
111 636 217 685 mmen
243 617 370 682 nullum
393 619 536 684 occurrit
561 619 666 684 simile
695 620 881 702 exemplum
911 620 945 682 in
973 618 1073 700 scrip·

111 705 210 781 turis,
233 703 372 769 libenter
394 703 530 769 alteram
551 705 747 770 sententiam
770 703 964 789 amplector,
991 722 1075 785 qnae

112 791 239 867 utilem,
269 803 302 855 et
325 789 419 853 valde
441 787 573 855 uberem
595 791 630 854 in
650 813 685 855 se
707 789 890 855 doctrinam
912 790 1075 856 continet:

111 874 269 961 siquidem
293 875 371 940 dare
394 887 539 939 nostrum
562 878 737 959 accipimus
759 877 887 958 passivo
905 895 964 957 pro
983 874 1076 939 bene·

112 963 193 1029 ficiis
214 959 364 1026 omnibus
386 980 469 1042 quae
487 961 578 1025 nobis
596 982 616 1026 s
633 963 704 1026 Deo
728 961 866 1028 conferri
885 961 1076 1043 expetimus.

112 1050 187 1115 Huc
209 1047 320 1129 itaque
343 1045 453 1110 tendet
474 1047 666 1125 exhortatio,
689 1058 726 1112 nt
746 1067 858 1113 euram
878 1067 989 1112 eorum
1008 1066 1077 1111 om·

113 1136 202 1200 nium
222 1152 304 1215 quae
322 1131 416 1197 nobis
438 1133 512 1196 usui
532 1141 611 1197 sunt
629 1133 700 1197 Deo
718 1133 931 1215 resignemus.
964 1131 1077 1213 Neque

113 1221 199 1286 enim
221 1218 300 1284 satis
319 1229 369 1282 est
385 1238 405 1281 a
421 1217 490 1281 Deo
511 1230 619 1300 petere
638 1231 674 1283 nt
692 1216 936 1284 necessitatibus
958 1217 1078 1281 nostris

113 1318 296 1381 succurrat,
326 1304 387 1368 nisi
415 1304 511 1367 etiam
543 1304 714 1386 petitiones
737 1315 868 1369 nostrae
890 1316 923 1367 et
946 1302 1077 1366 retain

114 1394 184 1457 eins
206 1387 445 1473 providentiam
468 1388 672 1467 recumbant,
695 1389 770 1472 qnia
793 1388 965 1471 plerosque
986 1386 1079 1452 ride·

115 1497 187 1543 mus
205 1474 406 1540 tumultuoso
425 1475 565 1557 precari:
584 1486 617 1539 et
634 1473 711 1540 dum
730 1476 800 1540 sine
818 1473 913 1539 modo
931 1474 1080 1540 laborent

116 1563 168 1629 vel
190 1560 322 1627 solliciti
339 1570 427 1638 sunt,
446 1559 553 1624 Deum
573 1560 613 1624 ud
632 1581 709 1626 snas
727 1560 816 1644 leges
834 1560 920 1625 velle
938 1558 1078 1643 adigere.

115 1649 227 1728 Quare
249 1667 313 1711 non
335 1645 457 1710 lrustra
479 1644 588 1710 David
610 1646 801 1711 modestiam
823 1645 909 1711 hanc
941 1646 977 1709 in
1008 1665 1079 1727 pre·

115 1735 206 1801 cibus
228 1731 452 1809 commendat,
485 1744 522 1795 ut
542 1730 653 1796 fideles
675 1753 787 1797 eorum
810 1753 893 1814 quae
915 1731 1081 1813 postulant

115 1840 226 1886 curam
248 1816 419 1882 remittant
434 1818 514 1895 Deo,
537 1837 597 1881 nec
618 1819 706 1882 enim
729 1818 823 1883 aliter
840 1817 958 1901 corrigi
974 1824 1081 1898 potest

117 1905 236 1970 nimiae
257 1902 474 1968 festinationis
505 1904 637 1981 vitium,
667 1924 765 1986 quam
799 1904 827 1967 si
855 1902 918 1967 Dei
947 1902 1081 1966 arbitrio

117 1989 304 2056 subiieimus
326 1987 404 2070 quid
427 1989 520 2054 nobis
547 1988 679 2054 concedi
708 1997 863 2072 oporteat.
908 1987 974 2068 Qui
1003 2007 1081 2051 vero

117 2086 297 2159 exponunt:
316 2073 467 2157 Agnosce
478 2074 586 2138 Deum
605 2074 665 2138 tibi
683 2074 842 2140 hactenus
859 2083 908 2138 tut
922 2074 1081 2137 bonorum

118 2163 218 2228 luisse
239 2171 404 2238 autorem,
434 2169 470 2224 ut
492 2159 533 2224 de
554 2159 624 2224 eius
653 2158 847 2225 liberalitate
876 2157 981 2223 adhuc
1010 2179 1081 2241 spc-

119 2268 190 2312 rare
211 2244 345 2311 debeas:
369 2246 466 2310 nimis
489 2245 584 2329 longe
602 2244 795 2311 recedente
812 2245 954 2328 genuino
972 2263 1080 2310 sensu.

117 2334 195 2398 Sive
213 2341 322 2397 autem
334 2331 443 2395 David
462 2331 542 2396 alios
555 2329 713 2406 hortetur,
735 2332 805 2396 sivo
823 2352 857 2395 se
869 2331 975 2412 ipsum
994 2347 1081 2395 com·

118 2417 233 2502 pellet,
262 2436 379 2499 parum
408 2417 561 2498 interest,
590 2435 774 2499 quanquam
804 2414 886 2480 mihi
917 2415 1082 2498 probatur,

118 2525 176 2569 sco
205 2502 355 2585 exemplo
387 2522 591 2568 communem
624 2502 686 2584 piis
718 2502 868 2567 omnibus
901 2500 1082 2566 doctrinam

117 2592 223 2671 ipsum
246 2588 474 2671 praescribere.
522 2586 618 2667 Quod
641 2587 789 2670 proxime
806 2586 944 2664 subiicit,
968 2587 1085 2667 ipsele

115 2680 231 2756 poscet,
255 2674 376 2756 optimc
398 2671 578 2738 doctrinam
601 2672 691 2738 illam
713 2675 884 2738 confirmat
905 2692 1003 2755 quam
1026 2692 1083 2735 ex·

118 2761 222 2843 posui.
277 2758 360 2823 Nam
394 2761 469 2841 quia
506 2758 619 2823 multis
658 2757 810 2824 subsidiis
849 2757 975 2840 indiget
1015 2756 1084 2820 vite

118 2857 240 2924 nostra,
262 2863 391 2927 semper
415 2844 483 2908 fere
512 2864 626 2910 sumus
654 2844 791 2926 inquieti
820 2852 854 2909 ct
880 2845 1082 2908 fluctuamus.

118 2930 227 2995 David
248 2939 359 2994 antem
377 2930 540 3012 promittit
557 2930 665 2995 Deum
682 2931 751 2994 fore
769 2930 908 3012 pastoris
925 2929 1004 3005 loco,
1026 2925 1083 3009 qai

118 3017 326 3082 necessitates
349 3025 480 3080 nostras
501 3036 599 3080 curae
620 3014 754 3093 habeat,
784 3015 944 3097 nobisque
965 3033 1083 3095 sappe-

119 3102 200 3166 ditat
239 3120 451 3184 quaecunque
489 3121 569 3166 usus
608 3111 721 3165 noster
758 3100 926 3184 flagitabit.
981 3097 1083 3162 Addit

119 3198 229 3269 postea
251 3206 316 3250 non
335 3206 507 3268 passurum
526 3197 562 3250 ut
577 3187 654 3250 iusti
673 3207 817 3269 unquam
836 3184 1006 3250 labantur:
1032 3182 1083 3247 vel

119 3283 275 3355 perpetuo
297 3283 424 3334 nutent.
469 3271 554 3336 Nam
576 3272 604 3334 si
626 3283 703 3352 mn
725 3291 784 3354 pro
811 3272 906 3353 lapsu
935 3269 1084 3350 accipias,

118 3379 236 3424 sensas
258 3359 336 3422 erit:
365 3353 516 3422 Stabiliet
538 3357 628 3421 Deus
656 3376 785 3439 semper
813 3357 951 3434 iustum,
980 3375 1023 3418 ne
1049 3354 1084 3416 in

119 3452 287 3508 aeternum
310 3442 454 3518 labatur,
483 3463 580 3524 quem
612 3463 743 3506 sensum
774 3443 904 3507 tametsi
935 3461 1000 3505 non
1023 3441 1083 3504 im·

119 3527 232 3612 probo,
263 3528 367 3610 magis
397 3538 507 3592 tamen
529 3527 650 3593 inclino
672 3526 707 3590 in
729 3525 880 3592 alterum.
924 3524 1084 3591 Videmus

119 3615 207 3678 enirn
229 3613 269 3677 ad
300 3626 428 3695 tempus
456 3624 571 3678 nutare
596 3614 714 3678 iustos:
748 3623 781 3677 st
811 3611 889 3676 dum
918 3612 1085 3696 agitantur

118 3698 183 3765 huo
204 3712 237 3764 et
258 3698 337 3764 illuc
358 3700 453 3781 qnasi
477 3699 575 3763 variis
596 3698 763 3782 procellis,
786 3718 887 3782 prope
909 3697 1082 3763 labascere.

933 343 1151 411 PSALMUS
1174 345 1265 411 LVI.

2031 346 2094 413 546

1126 534 1233 615 potius
1254 542 1449 616 sequnntur,
1473 552 1509 599 ac
1532 541 1675 607 vertunt,
1698 532 1841 599 Foveam
1864 535 2093 618 corruptionis.

1127 618 1214 699 Quia
1245 619 1285 682 ad
1318 639 1480 684 summam
1514 619 1561 683 rei
1600 639 1715 700 parum
1756 620 1893 686 interest
1932 622 2096 686 utrumvis

1127 705 1246 789 eligas,
1275 705 1310 768 in
1332 703 1439 770 medio
1461 704 1625 787 relinquo:
1663 704 1827 788 significat
1858 705 1944 770 enim
1976 704 2095 786 David,

1128 811 1192 854 non
1215 789 1425 872 temporalem
1448 789 1541 855 modo
1563 787 1688 855 cladem
1712 791 1833 855 instare
1852 793 1919 857 suis
1938 790 2095 871 hostibus,

1128 874 1186 941 sed
1208 885 1378 941 aeternnm
1400 875 1579 940 interitum.
1623 873 1732 957 Atque
1760 877 1807 941 ita
1829 898 1884 942 eos
1906 897 1925 941 a
1947 876 2096 943 fidelibus

1129 959 1294 1039 discernit,
1318 962 1373 1044 qui
1395 962 1509 1044 stipsi
1532 974 1726 1043 merguntur
1747 982 1845 1045 saepe
1866 963 1902 1026 in
1920 962 2097 1046 profundas

1129 1047 1290 1112 malornm
1313 1047 1439 1118 loreas.
1471 1067 1512 1111 ex
1535 1044 1652 1128 quibus
1675 1058 1786 1129 postea
1808 1059 2006 1132 resurgunt:
2039 1047 2096 1114 scd

1129 1132 1261 1198 letalem
1290 1131 1432 1197 hostium
1465 1152 1596 1198 suorum
1630 1133 1758 1196 ruinam
1783 1133 1891 1198 David
1919 1134 1989 1198 fore
2022 1154 2096 1216 pro·

1130 1219 1278 1297 nuntiat,
1310 1218 1386 1301 qnia
1409 1218 1499 1283 Deus
1521 1218 1555 1281 in
1584 1217 1769 1300 sepulcrum
1799 1239 1854 1284 eos
1882 1219 2012 1285 deiiciet
2041 1216 2097 1283 ubi

1130 1314 1326 1387 putrescent.
1381 1304 1472 1388 (Viri
1503 1301 1728 1388 sanguinarii.)
1778 1303 1933 1370 Genereli
1971 1306 2097 1370 ratione

1131 1390 1300 1455 confirmat
1321 1390 1407 1472 quod
1430 1389 1521 1454 dixit.
1565 1388 1651 1453 Nam
1673 1409 1772 1471 quum
1805 1403 1894 1456 certa
1923 1390 1988 1455 Dei
2017 1390 2098 1456 ultio

1132 1474 1279 1541 crudeles
1312 1485 1345 1540 et
1376 1474 1504 1540 dolosos
1537 1494 1651 1540 omnes
1690 1487 1836 1554 maneat,
1876 1475 1985 1541 hostes
2022 1496 2098 1541 suos

1132 1561 1284 1648 (quornm
1314 1560 1483 1627 saevitiem
1517 1570 1550 1624 et
1582 1559 1672 1625 dolos
1705 1570 1776 1625 erut
1808 1562 1975 1647 expertus)
2008 1562 2097 1626 illam

1132 1647 1276 1729 effugere
1298 1667 1365 1712 non
1386 1666 1480 1729 posse
1509 1645 1642 1729 colligit.
1693 1647 1795 1728 Atqui
1821 1646 1976 1712 reclamat
2000 1667 2098 1730 expe-

1134 1733 1261 1797 rientia.
1284 1731 1450 1815 Tyrannis
1462 1732 1549 1796 enim
1562 1730 1646 1796 nihil
1657 1741 1708 1795 est
1719 1731 1824 1815 magis
1842 1732 2098 1816 sanguinarium,

1134 1818 1188 1900 qui
1212 1830 1314 1881 totum
1337 1837 1442 1902 genus
1464 1816 1645 1882 humanum
1668 1837 1726 1898 pro
1748 1837 1809 1882 sua
1830 1817 1969 1883 libidine
1996 1816 2100 1883 caedi·

1135 1904 1194 1968 bus
1216 1901 1382 1969 addicunt.
1415 1902 1518 1967 Vivet
1531 1917 1638 1967 sutem
1659 1913 1819 1984 tyrannus
1838 1902 1879 1968 ad
1897 1915 2099 1970 senectutem

1135 2007 1237 2072 nsque
1265 1988 1320 2071 qui
1352 2001 1497 2054 trecenta
1529 1988 1699 2053 bominum
1731 1986 1835 2052 millia
1865 1989 2035 2070 occiderit,
2067 2000 2100 2053 et

1134 2074 1215 2139 tales
1237 2070 1357 2138 diserte
1380 2083 1471 2139 notat
1492 2073 1619 2150 David,
1650 2092 1715 2139 non
1745 2085 1856 2138 autem
1880 2076 2033 2159 vulgares
2056 2075 2101 2140 si·

1133 2159 1248 2226 carice.
1293 2157 1500 2241 Respondeo,
1522 2161 1671 2242 quamvis
1694 2180 1758 2223 non
1782 2161 1829 2224 ita
1850 2161 1958 2226 subito
1981 2179 2101 2243 poenas

1133 2246 1225 2311 Dens
1242 2264 1371 2327 semper
1387 2245 1506 2327 exigat,
1529 2245 1641 2309 multis
1666 2261 1777 2309 tamen
1803 2244 2006 2313 documentis
2030 2245 2101 2328 pla·

1134 2352 1213 2395 num
1236 2331 1307 2396 fieri
1329 2329 1416 2412 quod
1437 2329 1490 2395 hio
1513 2328 1639 2395 dicitur.
1684 2327 1774 2395 Satis
1796 2343 1905 2396 autem
1938 2342 1989 2398 est
2016 2344 2099 2396 tem·

1135 2415 1261 2499 porales
1282 2436 1403 2498 poenae
1425 2428 1462 2480 ut
1483 2415 1660 2497 plurimum
1682 2418 1844 2499 conspici:
1875 2438 1935 2483 nec
1957 2418 2102 2502 praecise

1135 2500 1315 2585 exigendus
1325 2514 1374 2565 est
1384 2501 1417 2566 in
1430 2501 1495 2566 illis
1506 2500 1649 2583 aequalis
1661 2499 1784 2580 modus,
1804 2503 1900 2567 sicuti
1913 2503 2044 2569 Psalmo
2059 2501 2100 2566 37

1135 2587 1239 2653 fusius
1261 2584 1408 2652 disserui.
1442 2585 1571 2651 Deinde
1594 2597 1759 2668 uteunque
1779 2588 1929 2654 scelerati
1952 2588 2102 2655 homines

1136 2673 1238 2738 vitam
1260 2672 1390 2756 longius
1413 2671 1608 2755 producant,
1637 2692 1733 2755 agere
1756 2683 1865 2739 tamen
1888 2674 2046 2756 trepidam
2069 2682 2102 2739 et

1136 2759 1314 2842 inquietam
1336 2757 1450 2836 ritem,
1473 2771 1509 2822 nt
1530 2767 1702 2824 versentur
1721 2759 1755 2823 in
1778 2760 1895 2824 umbra
1915 2759 2047 2835 mortis,
2070 2768 2103 2824 et

1137 2843 1265 2927 proprie
1297 2843 1476 2925 loquendo,
1516 2843 1617 2907 vitam
1651 2844 1785 2910 minime
1815 2847 1936 2910 vivere.
1990 2843 2102 2924 Quum

1136 2951 1213 2995 vero
1235 2930 1323 2993 omni
1346 2937 1451 2993 morte
1474 2927 1617 2992 deterior
1647 2929 1690 2993 sit
1717 2929 1785 2994 vita
1815 2951 1898 3015 qoae
1926 2931 1973 2996 sic
2001 2931 2101 2997 male·

1135 3014 1222 3080 dicte
1242 3026 1293 3079 est
1315 3034 1334 3077 a
1356 3012 1508 3090 Domino,
1532 3014 1566 3076 in
1589 3014 1750 3078 rationem
1772 3018 1885 3082 venire
1910 3037 1975 3081 non
1997 3036 2102 3081 mere·

1136 3109 1206 3166 tur:
1229 3101 1421 3182 praesertim
1440 3099 1494 3165 nbi
1513 3097 1600 3163 mala
1617 3100 1815 3165 conscientia
1834 3102 1902 3167 suis
1920 3103 2101 3180 tormentis,

1136 3198 1291 3267 tanquam
1320 3184 1530 3250 saevissimus
1556 3184 1719 3261 carnifex,
1748 3207 1802 3252 eos
1831 3187 2006 3254 excruciat.
2057 3187 2103 3253 lta

1136 3283 1224 3338 certe
1251 3270 1279 3334 si
1308 3270 1409 3354 probe
1441 3283 1631 3353 reputamus
1664 3269 1743 3353 quid
1779 3274 1823 3336 sit
1855 3272 1979 3338 iustum
2013 3273 2102 3338 vitae

1135 3377 1268 3422 cursum
1295 3376 1464 3439 peragere,
1497 3376 1563 3420 non
1592 3355 1647 3419 alii
1674 3355 1859 3422 admotam
1896 3358 2102 3442 perveniunt,

1136 3462 1234 3524 quam
1254 3443 1308 3525 qui
1331 3443 1401 3506 Deo
1425 3442 1543 3508 vivunt
1564 3449 1598 3504 et
1619 3442 1821 3508 moriuntur:
1844 3442 1921 3527 quia
1942 3442 2007 3508 illis
2024 3442 2102 3510 solis

1135 3539 1202 3593 tam
1226 3547 1314 3593 mors
1334 3548 1431 3610 quam
1453 3528 1521 3590 vita
1542 3526 1668 3591 lucrum
1692 3536 1751 3592 eet.
1785 3531 1893 3611 Atque
1915 3528 2103 3594 heecvalde

1137 3613 1330 3695 tempestiva
1351 3619 1401 3678 est
1417 3612 1602 3695 consolatio,
1625 3614 1749 3695 quoties
1768 3613 1905 3696 improbi
1924 3614 1975 3679 vol
1994 3613 2102 3698 gladio

1136 3700 1188 3764 vel
1211 3697 1378 3764 fraudibus
1396 3718 1454 3762 nos
1471 3710 1670 3781 oppugnant,
1692 3718 1759 3762 non
1777 3697 1833 3763 diu
1852 3701 2003 3773 victuros,
2027 3700 2103 3782 quia

119 3783 207 3864 Quia
227 3795 336 3848 antem
360 3783 442 3848 nihil
465 3785 614 3850 miserius
636 3795 686 3849 est
707 3804 804 3866 quam
832 3783 879 3848 ita
900 3783 986 3847 inter
1007 3803 1083 3847 eon·
1136 3787 1229 3866 quasi
1266 3783 1436 3866 repentino
1469 3782 1599 3847 turbine
1632 3781 1723 3848 Dens
1756 3784 1845 3867 ipsos
1878 3783 2030 3868 abripiet:
2065 3807 2102 3852 ac

120 3872 228 3935 tinuos
251 3883 361 3934 aestus
382 3870 524 3946 versari,
554 3871 652 3935 finem
678 3868 810 3934 tandem
832 3868 900 3933 lore
922 3867 1084 3951 promittit
1137 3870 1304 3948 discutiet,
1326 3881 1479 3951 tanquam
1503 3868 1655 3948 nebulas,
1677 3889 1791 3933 eorum
1814 3880 1966 3951 conatus,
1987 3871 2102 3953 quibus

119 3954 246 4034 David,
276 3954 352 4038 quia
374 3953 465 4021 Dens
488 3976 642 4038 passurus
664 3976 730 4019 non
753 3956 797 4019 sit
819 3963 856 4019 ut
877 3973 1005 4036 semper
1026 3974 1083 4017 an·
1140 3955 1290 4020 videntur
1311 3963 1413 4018 totum
1436 3953 1596 4018 mnndum
1623 3952 1791 4036 perdituri.
1837 3955 1995 4022 clausula
2024 3975 2103 4040 quo·

119 4041 295 4106 xietetibns
317 4039 447 4104 obnoxii
470 4044 545 4118 siut,
567 4041 620 4105 vel
638 4040 791 4123 periculis
808 4050 842 4104 et
859 4040 946 4105 curis
964 4060 1082 4105 concu-
1136 4062 1198 4124 que
1221 4039 1345 4106 Psalmi
1367 4038 1519 4104 admonet
1541 4037 1695 4103 iudicium
1718 4037 1778 4107 hoc
1802 4062 1868 4106 non
1890 4041 1954 4107 nisi
1984 4040 2049 4107 fide
2070 4052 2104 4107 et

118 4127 254 4208 tiantnr,
277 4125 333 4190 sed
356 4124 492 4191 daturus
510 4126 554 4191 sit
576 4126 788 4209 tranquillum
813 4134 943 4190 statum.
1136 4127 1292 4210 patientia
1307 4125 1421 4191 cerni:
1455 4125 1533 4207 quia
1550 4123 1660 4189 David
1683 4124 1799 4191 salutis
1822 4147 1899 4192 suae
1921 4128 2101 4193 custodiam

203 4211 254 4275 24.
277 4207 333 4296 (El
354 4215 390 4276 lu
409 4210 522 4296 Deua.)
554 4211 678 4276 Iterum
702 4210 743 4276 ad
765 4210 874 4277 hostes
896 4231 971 4275 suos
990 4208 1084 4288 redit,
1136 4212 1171 4275 in
1193 4231 1251 4294 spe
1279 4212 1417 4293 reponit.
1460 4208 1557 4277 Unde
1584 4209 1784 4294 colligimus,
1813 4234 1877 4277 non
1907 4211 1954 4277 ita
1976 4228 2102 4278 mature

119 4306 156 4361 ut
173 4296 347 4362 discrimen
365 4295 516 4362 ostendat
533 4298 620 4362 inter
637 4317 732 4361 sunm
751 4308 784 4361 et
801 4295 930 4360 illorum
946 4295 1083 4360 exitum.
1137 4318 1155 4361 e
1176 4296 1283 4362 medio
1304 4296 1373 4361 tulli
1396 4297 1521 4379 impios,
1542 4296 1621 4378 quin
1644 4296 1807 4362 diuturnis
1829 4298 1959 4364 iniuriis
1979 4298 2018 4363 ad
2037 4307 2102 4364 tae·

120 4383 205 4447 Nam
227 4403 326 4464 quum
349 4380 391 4446 ad
414 4392 541 4466 tempus
560 4382 652 4465 quasi
675 4383 812 4448 victores
835 4381 1017 4465 exsultent,
1039 4380 1084 4463 pii
1138 4381 1228 4447 dium
1250 4403 1351 4464 usque
1374 4403 1434 4448 nos
1457 4395 1640 4448 exerceant.

117 4483 228 4533 autem
257 4468 386 4532 iaceant
415 4467 549 4551 proiecti
578 4466 639 4533 sub
671 4488 783 4533 eornm
815 4466 948 4550 pedibus
981 4487 1083 4531 unum

121 4553 182 4618 hoc
199 4552 353 4617 solatium
375 4562 491 4629 restat,
521 4565 558 4617 ut
580 4553 723 4636 quictem
750 4553 811 4619 sibi
843 4563 991 4637 paratam
1013 4572 1085 4617 esee

117 4638 297 4716 confidant,
327 4638 384 4720 qui
416 4638 616 4722 trepidantes
649 4640 735 4704 inter
765 4640 868 4704 multa
896 4637 1085 4704 discrimina

118 4725 176 4789 vix
198 4745 233 4789 ee
253 4724 433 4788 sustinent:
456 4725 520 4789 lide
538 4726 670 4792 etiams
694 4725 863 4791 eculentur
879 4723 964 4806 quod
983 4723 1085 4790 hosti·

119 4808 178 4876 bus
200 4811 269 4874 suis
286 4809 453 4892 impendet
467 4810 632 4875 iudicium.
666 4746 760 4890 &uod
778 4809 819 4873 ad
838 4808 937 4873 verba
952 4819 1084 4891 spectat,

118 4899 195 4977 quia
217 4895 349 4978 ponitur
379 4916 494 4960 nomen
520 4895 623 4977 palei,
655 4906 689 4960 et
720 4894 850 4959 additur
871 4907 966 4975 nm
997 4895 1084 4978 quod

118 4981 305 5063 sepulcrum
327 4981 505 5064 significat:
527 4981 703 5066 improprie
721 4992 831 5045 autem
850 4981 973 5045 dictum
990 4989 1085 5056 esset,

121 5065 298 5130 trahendos
319 5086 389 5131 esse
410 5066 445 5130 in
469 5074 604 5147 puteum
626 5065 782 5150 sepulcri:
816 5064 887 5131 ideo
919 5066 1012 5130 multi
1034 5067 1086 5131 in·

120 5162 279 5251 ῑθῖΡΓθῖθῦ
312 5150 541 5235 ⁰tyffl⁰¹⁰ssi⁸m
576 5153 665 5217 '⁰⁰5⁸
699 5150 868 5217 hemme
902 5149 1086 5236 (demitur
1242 5194 1333 5256 potest
1356 5195 1386 5238 nt
1408 5186 1462 5239 iam
1483 5185 1624 5239 defunctus
1647 5185 1767 5254 periculo
1786 5185 1865 5238 istam
1890 5189 2038 5255 gratiarum
2062 5210 2104 5246 no·

119 5260 207 5303 enim
230 5258 250 5300 a
271 5247 381 5318 mv,
414 5235 498 5320 quod
525 5251 574 5302 cet
601 5256 825 5321 corrumpere,
856 5237 907 5302 rel
937 5237 1087 5325 perdere)
1242 5257 1345 5310 tionem
1362 5254 1505 5309 addiderit.

195 5339 307 5395 Ocluirsi
322 5355 414 5408 opera
453 5338 511 5394 Vel.
529 5337 644 5394 XXXI.
1868 5339 1903 5395 35

1462 4738 1666 4809 Psatuus
1688 4740 1778 4807 LVI.

1140 4911 1223 4967 ABG.
1243 4911 1364 4965 Psalmns
1378 4910 1422 4963 bic
1434 4909 1535 4990 partim
1548 4911 1729 4979 querimonias
1743 4912 1869 4979 precibus
1883 4915 1986 4980 miscet,
2005 4919 2105 4987 partim

1241 4981 1361 5034 dolorem
1382 4979 1497 5048 mitigat,
1520 4979 1624 5048 gratiae
1642 4979 1691 5032 Dei
1716 4979 1900 5034 meditatione.
1936 4983 2007 5039 Nam
2030 4988 2105 5042 euxi-

1241 5051 1305 5102 linm
1328 5049 1379 5101 Dei
1402 5054 1496 5102 contra
1519 5047 1660 5101 saevitiam
1683 5047 1771 5101 Saulis
1800 5055 1828 5101 et
1852 5048 1970 5104 bostium
1995 5070 2104 5110 suornm

1241 5118 1388 5186 implorans
1416 5115 1516 5184 David,
1542 5117 1576 5169 de
1603 5131 1727 5169 successu
1753 5116 1899 5186 glorietur:
1930 5120 1988 5173 lieri
2013 5130 2104 5178 tamen
