4658 5856
171 353 232 419 111
941 353 1158 422 PSALMUS
1180 353 1384 422 LXXXIII.
2095 354 2152 418 tta

170 562 237 605 nou
267 542 390 621 refello,
424 545 533 625 potius
562 552 671 608 tamen
702 542 852 623 arbitror,
885 545 1009 608 utiam
1032 543 1137 626 attigi,
1188 541 1311 607 uitium
1340 543 1558 626 unigenitum,
1587 543 1641 626 qui
1665 543 1775 609 Patris
1805 563 1974 624 personam
2005 541 2154 616 sustinet,

170 627 320 692 damnari
350 628 571 713 prodigiosum
605 639 776 712 stuporem
805 630 839 693 in
870 629 1047 705 iudicibus,
1080 629 1137 710 qui
1188 628 1224 692 in
1247 648 1309 712 quo
1329 628 1455 694 relucet
1478 631 1547 694 eius
1568 632 1732 706 maiestas,
1755 641 1884 710 totaque
1901 627 2031 693 deitatis
2053 627 2155 711 pleni·

171 714 267 778 rebus
290 714 489 780 horrendum
511 716 545 778 iu
564 714 697 779 modum
720 714 863 780 confusis
884 721 918 780 et
939 716 1008 798 ipsa
1031 724 1137 778 terrae
1188 713 1266 779 tudo
1289 712 1423 779 habitat.

142 831 144 835 v
170 801 380 867 concussione
401 822 467 864 non
488 808 672 865 moventur.
1273 801 1303 866 8.
1326 799 1440 884 (Surge
1461 796 1573 882 Dae.)
1617 797 1685 864 Cur
1707 797 1859 865 Psalmus
1889 799 1941 865 hio
1970 799 2156 882 precatione

256 886 285 950 6.
308 884 501 986 (Euodiet'.)
541 886 713 951 Concessio
732 893 790 962 est,
814 905 878 967 qua
900 894 1008 950 tamen
1032 894 1138 950 osteu-
1188 884 1368 964 claudatur,
1391 885 1485 949 initio
1508 885 1585 949 dixi.
1622 883 1791 967 Propheta
1812 885 1899 949 enim
1921 906 1956 949 ss
1979 885 2063 949 nihil
2086 905 2155 966 pro

170 968 220 1034 dit
237 972 405 1055 propheta,
428 971 509 1035 nilnl
528 972 689 1053 perversis
711 971 873 1035 iudicibus
896 970 1048 1052 praesidii
1070 971 1138 1035 iore
1188 971 1285 1036 ficere
1306 970 1423 1037 uidens
1452 969 1629 1049 monendo,
1657 981 1692 1036 st
1712 968 1928 1053 obiurgando,
1956 971 2035 1053 quia
2065 971 2156 1051 prin·

169 1054 206 1119 in
228 1077 320 1123 sacra
342 1077 476 1139 persone
501 1076 597 1138 quam
621 1056 686 1121 illis
708 1055 800 1121 Deus
822 1058 986 1140 imposuit.
1023 1056 1137 1136 Quan-
1188 1058 1275 1139 cipes
1301 1057 1453 1138 superbia
1481 1056 1584 1119 inflati
1613 1075 1745 1121 omnem
1774 1057 1944 1139 aequitatis
1973 1056 2157 1121 doctrinam

170 1161 268 1223 quum
290 1152 397 1207 autem
422 1161 487 1205 non
510 1141 635 1206 inducit
657 1162 712 1206 eos
732 1142 914 1225 loquentes,
944 1142 1136 1207 tantundem
1188 1154 1365 1224 respuunt:
1398 1162 1433 1207 se
1454 1140 1495 1205 ad
1517 1140 1626 1206 Deum
1648 1142 1818 1218 convertit,
1850 1152 1883 1206 et
1904 1141 2157 1222 compescendae

170 1227 260 1291 valet
289 1227 367 1292 haec
397 1226 545 1309 exceptio
567 1248 604 1293 ac
627 1228 654 1292 si
677 1227 830 1293 dixisset:
864 1227 902 1294 Si
929 1227 1036 1311 clypei
1064 1227 1136 1292 loco
1189 1247 1302 1291 eorum
1331 1226 1523 1292 insolentias
1545 1226 1708 1293 vindicem
1737 1226 1900 1309 implorat.
1944 1229 2020 1293 Hoc
2048 1241 2157 1291 autem

170 1312 309 1378 obiicitis
338 1322 477 1377 vestram
512 1312 720 1397 dignitatem,
755 1313 837 1377 nihil
866 1312 959 1378 vobis
992 1312 1137 1395 proderit
1188 1312 1284 1377 modo
1317 1313 1454 1394 spiritus
1486 1324 1617 1378 sanctus
1649 1312 1799 1379 solatium
1831 1313 1925 1378 nobis
1955 1314 2157 1395 praescribit,

171 1397 250 1463 haec
272 1398 436 1481 gloriatio:
459 1399 526 1463 imo
548 1419 605 1463 vos
628 1398 783 1464 deluditis
806 1399 906 1463 stulta
928 1397 1135 1474 confidentia,
1189 1399 1314 1481 quoties
1344 1398 1516 1462 libidinose
1545 1419 1604 1463 nos
1627 1407 1749 1464 vexant
1778 1400 1920 1480 tyranni.
1965 1399 2042 1464 Etsi
2070 1400 2157 1463 enim

170 1484 245 1565 quia
269 1484 359 1549 Deus
381 1504 441 1548 vos
463 1485 525 1548 sibi
548 1484 685 1548 vicarios
707 1485 920 1563 constituens,
949 1505 984 1548 se
1006 1485 1136 1566 propriu
1188 1483 1316 1548 nullum
1339 1485 1375 1547 in
1399 1485 1495 1548 torris
1524 1484 1674 1548 fraenum
1697 1482 1895 1550 cohibendae
1917 1505 2032 1549 corum
2055 1483 2156 1550 liosn·

167 1569 304 1651 impsrio
338 1590 403 1633 non
437 1569 597 1652 spoliavit.
651 1568 780 1635 Deinde
814 1569 918 1635 voluit
949 1569 1136 1653 fragilitatis
1188 1570 1252 1634 tiae
1279 1570 1429 1647 occurrit,
1459 1570 1623 1650 suspicere
1650 1581 1759 1634 tamen
1782 1569 1817 1632 in
1840 1569 1965 1634 coelum
1995 1571 2157 1650 convenit,

168 1665 299 1718 vestrae
329 1674 400 1718 esse
430 1675 606 1731 memores,
636 1663 675 1719 ut
703 1656 840 1722 sollicite
862 1666 990 1720 etcum
1020 1656 1136 1720 timore
1188 1664 1285 1738 atque
1307 1656 1383 1719 inde
1400 1654 1580 1719 remedium
1599 1665 1727 1737 petere:
1750 1656 1909 1736 quianon
1927 1656 2051 1720 frustra
2066 1653 2156 1720 Deus

167 1759 289 1804 munus
313 1741 406 1805 vobis
436 1741 620 1807 iniunctum
650 1741 884 1823 exsequamini.
930 1740 1047 1806 Potest
1074 1742 1136 1804 hoc
1188 1750 1297 1822 partes
1326 1739 1493 1806 iudicandi
1521 1739 1608 1804 orbis
1635 1741 1697 1806 sibi
1725 1739 1885 1805 vendicat.
1930 1740 2076 1822 Ideoque
2105 1762 2156 1805 ro·

168 1826 265 1889 etiam
289 1826 391 1908 accipi
413 1824 448 1889 in
472 1825 535 1890 Dei
560 1845 700 1908 persona
722 1826 807 1910 quod
831 1846 992 1891 unacum
1016 1826 1135 1908 princi·
1188 1825 1313 1909 gandm
1335 1835 1386 1891 est
1407 1838 1445 1889 ut
1467 1846 1519 1890 res
1541 1825 1692 1892 confusas
1715 1827 1755 1889 ad
1785 1825 1944 1890 rationem
1974 1825 2155 1909 legitimam

168 1921 248 1992 patu
276 1931 394 1974 nomen
424 1910 490 1976 illis
515 1931 611 1976 suum
634 1911 799 1976 detulerit.
843 1911 893 1978 Ao
914 1911 1048 1976 videtur
1074 1911 1136 1976 hoc
1187 1923 1370 1993 componat.
1419 1909 1512 1991 Quae
1541 1931 1616 1975 mox
1649 1914 1800 1994 sequitur
1828 1912 1926 1989 ratio,
1960 1911 2154 1994 quibusdam

167 2016 349 2079 congruere
372 2017 445 2061 cum
469 1996 593 2062 Christi
616 1996 718 2061 dIcto:
752 1997 861 2062 vocari
895 1997 970 2063 deos
992 1996 1033 2061 ad
1055 2018 1135 2080 quos
1187 1997 1318 2061 videtur
1338 2017 1409 2062 esse
1431 1997 1621 2062 vaticinium
1645 1997 1684 2060 de
1707 2017 1807 2081 regno
1830 1995 1964 2074 Christi,
1987 2018 2053 2079 quo
2066 1998 2154 2062 Deus

168 2081 231 2147 Dei
253 2101 360 2146 sermo
382 2082 486 2147 factus
509 2092 567 2148 est.
601 2082 778 2147 Commode
801 2092 910 2147 tamen
933 2084 1030 2147 etiam
1050 2082 1135 2147 verti
1187 2094 1319 2147 cunctas
1341 2091 1454 2166 gentes
1475 2082 1536 2147 sub
1558 2092 1750 2163 potestatem
1780 2102 1873 2146 suam
1903 2081 2040 2166 redegit.
2084 2083 2154 2165 Ego

168 2176 282 2248 potest,
311 2167 432 2231 Fateor
455 2189 514 2232 vos
536 2189 606 2232 esse
628 2168 721 2249 deos,
750 2179 783 2233 st
804 2169 888 2234 filios
911 2168 1051 2233 llxcslsi.
1094 2168 1134 2232 In
1187 2180 1297 2232 autem
1332 2167 1429 2232 latius
1465 2168 1627 2232 extendo:
1667 2166 1740 2234 Deo
1773 2167 1808 2231 iu
1841 2169 1968 2234 cunctis
2003 2168 2154 2251 gentibus

167 2271 204 2315 re
232 2251 303 2334 ipsa
331 2271 449 2334 parum
478 2264 529 2318 est
556 2252 767 2334 discriminis,
801 2255 879 2337 quia
912 2253 972 2320 hoc
1005 2261 1134 2317 tantum
1186 2253 1404 2318 obedientiam
1437 2254 1510 2318 iure
1543 2253 1671 2327 deberi,
1709 2256 1825 2338 iusque
1858 2253 2049 2319 dominandi
2082 2274 2153 2335 pcr-

165 2336 239 2401 vult
260 2338 427 2421 propheta,
449 2360 512 2403 non
536 2341 683 2404 excusari
705 2338 838 2406 honoris
860 2348 1029 2423 praetextu
1052 2338 1134 2402 iudi·
1185 2359 1298 2420 peram
1330 2348 1363 2402 et
1390 2339 1511 2403 iniuste
1540 2339 1569 2402 ei
1599 2340 1680 2421 oripi
1708 2359 1728 2404 a
1758 2340 1923 2424 tyrannis,
1959 2339 2037 2404 dum
2068 2350 2154 2422 pust·

167 2441 234 2499 ces,
265 2435 302 2487 ut
322 2424 481 2489 scelerum
505 2444 641 2506 posnam
671 2425 846 2509 effugiant:
881 2425 956 2509 quia
979 2425 1039 2489 hac
1061 2424 1133 2507 lege
1186 2423 1298 2489 habito
1319 2427 1389 2488 eius
1412 2424 1567 2488 mandato
1588 2425 1639 2488 fas
1660 2434 1694 2488 et
1716 2427 1806 2491 nefas
1835 2430 2043 2508 permiscent.
2089 2423 2154 2488 lta·

166 2510 318 2590 praefecti
346 2519 423 2575 sunt
444 2508 566 2574 mundo
588 2519 624 2574 ut
645 2510 721 2574 olim
750 2513 813 2595 ipsi
843 2531 970 2593 quoque
998 2511 1133 2574 rationis
1185 2530 1248 2592 que
1271 2509 1435 2592 rogandus
1463 2521 1572 2574 estut
1597 2511 1756 2575 mundum
1785 2512 1846 2575 rite
1875 2510 2067 2590 ordinando,
2095 2512 2154 2573 im·

165 2593 351 2659 reddendae
380 2615 477 2659 causa
505 2594 546 2659 ad
569 2596 711 2660 tribunal
740 2597 878 2661 coeleste
906 2604 1130 2677 compareant:
1184 2596 1311 2678 perium
1332 2616 1429 2662 suum
1452 2607 1631 2678 recuperet.

165 2680 303 2762 ideoque
332 2680 462 2745 nonnisi
492 2680 661 2762 temporali
685 2680 844 2763 dignitate
866 2701 937 2746 esse
959 2680 1130 2762 praeditos,

166 2785 249 2847 quae
278 2785 343 2829 una
373 2785 447 2828 cum
477 2765 591 2828 mundi
618 2765 727 2848 figura
754 2767 873 2831 effluet.
924 2764 998 2846 Quo
1032 2785 1131 2829 sensu

167 2849 321 2914 continuo
344 2863 417 2931 post
439 2848 539 2932 addit,
565 2850 666 2932 Atqsd
686 2853 767 2916 ciust
787 2851 926 2917 homiues
945 2851 1130 2916 moriemini.

165 2933 216 3000 Ac
237 2934 265 2999 si
288 2934 418 3011 diceret,
449 2955 549 3016 quum
576 2937 725 3002 instructi
748 2937 814 3002 sint
836 2945 995 3020 potestate
1017 2936 1058 3000 ad
1080 2957 1131 3001 rs·
1444 2967 1652 3040 Psmffls
1674 2970 1873 3038 LXXXIII

165 3018 307 3104 gendum
337 3019 506 3099 mundum,
535 3042 600 3086 non
628 3025 757 3087 exuisse
787 3032 897 3088 tamen
920 3032 1073 3087 naturam
1093 3030 1131 3085 ιιι
1874 3017 1884 3038 ’

164 3105 317 3172 mortales
350 3126 421 3170 ⁰⁵⁸⁰
455 3105 648 3171 deeinmnt'
708 3108 875 3175 P⁰⁸t⁰ri⁰r
906 3129 993 3192 pm·
1015 3127 1131 3172 vorsus
1184 3155 1268 3211 ABG.
1286 3157 1419 3227 Implorat
1438 3156 1489 3210 Dei
1513 3174 1591 3227 opem
1616 3159 1750 3229 propheta
1774 3165 1870 3213 eontra
1893 3160 2022 3213 ecelesiae
2047 3161 2151 3217 hostes:

164 3193 318 3294 msslessb
347 3192 419 3256 11113
450 3193 603 3290 vertitur,
637 3213 709 3258 “¹⁰⁰
742 3194 874 3294 iudicio,
890 3192 1013 3293 ,9111191
1047 3214 1131 3293 Πῖωξ
1285 3231 1368 3294 atque
1389 3233 1419 3279 ut
1441 3226 1545 3279 facilius
1568 3228 1706 3297 impetrat,
1730 3234 1923 3282 commemorat
1946 3246 2027 3297 quarn
2052 3230 2151 3284 multae

165 3298 347 3362 principum
378 3278 509 3343 cadetis.
559 3278 683 3342 Putant
712 3290 821 3344 autem
851 3279 917 3345 rllrs
947 3279 1130 3345 denuntiari
1285 3303 1381 3360 gentes
1401 3295 1481 3347 simul
1503 3297 1728 3364 conspiraverint,
1752 3304 1781 3350 st
1799 3297 1908 3365 quidem
1927 3299 2099 3360 cosenulis,
2122 3308 2152 3352 ut

163 3364 342 3430 violentam
364 3375 517 3427 mortem:
541 3364 627 3428 siout
648 3363 704 3428 ille
726 3364 814 3442 dicit,
1286 3362 1376 3416 deleto
1399 3365 1500 3433 populo
1516 3364 1599 3417 lsrael
1622 3365 1752 3418 ecciesiae
1770 3366 1820 3418 Dei
1844 3381 1943 3419 noman
1968 3368 2152 3436 exstinguant.

1284 3430 1404 3497 Interim,
1428 3440 1459 3485 ιιι
1477 3449 1506 3485 se
1524 3441 1552 3486 et
1569 3433 1636 3486 ulios
1655 3435 1755 3487 maiore
1780 3433 1879 3487 fiducia
1896 3435 1931 3487 sd
1949 3435 2069 3488 studium
2091 3453 2150 3507 pro·

259 3500 304 3554 ad
320 3515 449 3569 generum
467 3498 573 3553 Cereris
590 3501 649 3580 sine
667 3499 749 3554 caede
767 3509 795 3554 st
811 3500 940 3581 sanguine
958 3500 1036 3569 pauci
1285 3499 1363 3553 candi
1381 3501 1514 3553 stimulet:
1533 3501 1681 3582 propositis
1693 3503 1721 3555 in
1734 3502 1851 3555 medium
1869 3502 1993 3571 pluribus
2011 3505 2152 3573 exemplis,

258 3568 431 3623 Descendunt
448 3584 534 3637 reges,
552 3572 581 3621 et
598 3584 669 3621 steca
686 3574 775 3622 morte
793 3568 948 3640 tyranus')
1285 3585 1365 3637 quam
1393 3575 1520 3638 potenter
1545 3571 1642 3623 solitus
1668 3572 1705 3623 sit
1728 3570 1800 3623 Deus
1827 3572 1914 3624 servis
1941 3572 1997 3625 suis
2024 3574 2152 3642 opitulari

163 3689 231 3756 Sed
253 3687 434 3771 quiaillud
462 3699 608 3753 coactum
639 3696 688 3754 est
707 3707 746 3753 ac
767 3695 944 3767 remotum,
973 3709 1041 3753 non
1070 3687 1130 3753 du·
1285 3636 1413 3690 mmm

162 3775 230 3840 bito
252 3775 416 3856 principes
438 3773 584 3839 obscuris
606 3783 639 3839 at
660 3774 819 3858 gregariis
845 3773 1030 3839 hominibus
1052 3795 1130 3839 con·
1268 3790 1297 3856 1,
1318 3790 1479 3858 (pamm
1496 3790 1647 3857 123de
1664 3791 1788 3872 Amph,
1827 3793 1857 3858 2,
1877 3792 1966 3858 Deus
1987 3813 2027 3858 „e
2048 3799 2153 3860 mm

163 3861 250 3926 ferri.
300 3859 397 3926 Unus
430 3861 533 3938 onim,
567 3859 746 3942 quemlibet
777 3881 794 3926 e
825 3858 922 3942 vulgo
955 3860 1128 3943 significat.
1181 3878 1267 3959 apud
1288 3882 1324 3956 te,
1346 3898 1384 3942 m
1404 3878 1502 3942 silem
1521 3882 1549 3942 et
1568 3898 1607 3944 m
1629 3879 1772 3958 quiescas
1788 3877 1887 3943 Deus,
1924 3878 1954 3943 3ο
1982 3878 2068 3958 Quia
2090 3900 2154 3945 κω

163 3946 281 4028 Itaque
314 3945 390 4011 licet
423 3944 571 4011 hominos
603 3967 638 4011 se
671 3966 742 4012 esse
775 3946 882 4028 obliti,
915 3945 1022 4011 fallaci
1055 3966 1127 4028 per·
1180 3963 1304 4027 inimici
1324 3963 1372 4026 tm·
1393 3963 1631 4041 tumultuantur,
1654 3968 1682 4027 ει
1702 3964 1759 4044 qm·
1778 3969 1806 4027 te
1827 3964 1957 4029 oderunt
1976 3964 2153 4030 murm

163 4031 329 4115 petuitatis
357 4030 556 4096 confidentia
583 4053 617 4096 se
646 4031 818 4107 inebrient,
848 4031 889 4095 sd
911 4032 1127 4114 promiscuam
1180 4053 1283 4128 capus,
1326 4048 1357 4113 4,
1381 4046 1486 4129 super
1512 4049 1662 4133 populum
1690 4054 1778 4112 mum
1802 4049 1912 4114 mutae
1939 4052 2155 4132 excoquam

162 4126 301 4181 mortem
328 4116 503 4181 trahendos
525 4137 596 4182 esse
617 4116 704 4183 dicit.
750 4116 903 4182 Christus
930 4116 1127 4182 calumniam
1180 4133 1354 4208 magum,
1377 4138 1406 4197 ει
1422 4134 1667 4199 pompaverunt
1688 4135 1838 4199 meumes
1860 4135 2055 4200 absconditos
2075 4142 2154 4202 pm,

161 4204 306 4301 refutare
328 4201 440 4266 volens
459 4222 614 4284 quaeum
636 4202 816 4286 gravabant
837 4202 1018 4299 Pharisaei,
1040 4203 1128 4301 testi·
1180 4220 1210 4284 5,
1240 4218 1415 4297 merant,
1446 4218 1550 4283 Venite
1571 4224 1599 4283 et
1620 4220 1802 4285 eradamus
1824 4240 1873 4285 eos
1895 4226 2033 4302 agente,
2065 4228 2094 4286 et
2115 4243 2154 4289 m

161 4306 271 4353 monto
294 4285 354 4351 hoc
377 4306 455 4351 usus
478 4298 540 4364 est,
570 4287 686 4352 Iohan.
710 4288 761 4365 10,
783 4287 834 4353 35.
879 4286 917 4352 ur
941 4297 1033 4354 vocat
1062 4288 1125 4373 (1n·
1179 4306 1223 4370 set
1241 4306 1276 4370 4„
1297 4305 1448 4369 memoria
1468 4324 1575 4368 nm
1598 4305 1703 4370 Israel
1724 4306 1871 4386 amplius.

161 4372 245 4459 quit)
274 4372 436 4453 scriptura
468 4371 545 4437 deos
574 4375 614 4437 ad
637 4393 716 4455 quos
739 4373 803 4439 Dei
832 4370 1021 4438 mandatum
1053 4394 1127 4456 per-

160 4461 267 4536 venit,
301 4478 409 4522 annon
443 4456 541 4540 longe
573 4458 701 4541 dignior
730 4472 781 4524 est
813 4459 874 4524 hoc
903 4457 998 4523 titulo
1031 4479 1126 4539 quem
1266 4474 1417 4558 1‚(1)0143
1438 4494 1476 4538 m
1496 4474 1620 4561 imag)
1665 4474 1760 4555 Quod
1788 4477 1963 4542 mulsorum
1986 4498 2153 4545 consensu

159 4545 189 4611 P
191 4558 261 4610 81θῖ
283 4543 426 4626 signavit
448 4540 562 4607 Deus?
598 4544 771 4608 caeterum
797 4544 849 4609 his
874 4542 981 4609 verbis
1002 4565 1069 4609 11011
1091 4565 1127 4608 88
1179 4573 1346 4644 receptum
1377 4567 1442 4643 est,
1482 4560 1651 4625 psalmum
1684 4561 1772 4627 hunc
1801 4563 2015 4645 oompogitum
2048 4564 2154 4630 fuisso

160 4631 328 4696 constituit
349 4631 382 4692 in
406 4629 519 4694 ordine
541 4627 695 4702 iudicum,
717 4630 773 4694 sed
796 4630 1009 4695 ratiocinatur
1030 4629 1127 4695 ami·
1179 4662 1323 4730 tempore
1346 4644 1432 4726 regis
1454 4644 1617 4728 lmphat,
1640 4645 1721 4710 mihi
1744 4649 1841 4712 etiam
1864 4649 2038 4730 probatu„
2072 4652 2153 4732 quia

159 4716 293 4815 HOC-fid,
317 4716 439 4779 11111181
474 4713 511 4780 Sl
535 4712 734 4779 transfertur
756 4716 834 4814 1161,
848 4735 967 4779 110111θῦ
992 4714 1033 4780 ad
1055 4715 1127 4813 01118
1178 4732 1299 4798 scimus
1319 4740 1474 4813 quantam
1494 4732 1566 4813 pius
1581 4732 1636 4796 ille
1651 4753 1709 4797 rex
1726 4731 1799 4815 belli
1818 4733 1935 4798 molem
1955 4736 2153 4800 sustinuerit

159 4802 341 4878 ⁰lfi⁰¹³f¹⁰⁸‚
371 4797 421 4885 (ut
443 4799 593 4885 V⁰0²¹¹lli
624 4800 719 4882 ¹⁰⁰ss⁰
749 4821 852 4884 1111818
882 4810 1063 4882 10111θῖ1116
1089 4821 1126 4863 111
1177 4828 1292 4883 contra
1312 4815 1509 4899 multiplices
1531 4817 1673 4883 hostium
1691 4818 1808 4900 copias.
1843 4817 2039 4900 Quanquam
2057 4822 2151 4886 enim

157 4927 362 4942 -——-
1177 4903 1344 4985 praecipui
1374 4901 1451 4966 belli
1480 4912 1609 4968 autores
1638 4913 1734 4968 erant
1761 4902 1970 4969 Ammonitas
1998 4916 2032 4969 et
2050 4905 2151 4971 Mos·

228 4989 256 5058 *)
275 4988 398 5044 Iuventi.
419 4987 454 5042 X
474 4991 532 5042 113.
549 4989 660 5057 9att'se:
687 5057 692 5069 Ι
1176 4989 1276 5066 bitae,
1307 4986 1451 5052 subsidia
1480 4999 1587 5053 tamen
1616 4999 1848 5053 contraxerant
1880 5010 1945 5053 nou
1978 4989 2074 5055 modo
2107 5015 2149 5057 ox

261 5058 318 5112 Pau
335 5059 370 5111 de
387 5059 462 5128 Roys
481 5065 509 5110 et
526 5058 631 5128 Tyrans
650 5065 706 5112 vost
723 5072 759 5110 on
777 5056 835 5109 leur
853 5073 912 5110 ame
930 5056 1027 5111 rendre
1177 5072 1290 5157 Syria,
1323 5072 1380 5137 sed
1415 5074 1512 5137 etiam
1542 5095 1583 5139 ex
1613 5073 1798 5156 longinquIs
1827 5074 2026 5159 regionibus,
2060 5096 2148 5158 quac

260 5124 1027 5265 gfff„Jeffgyfflfflssg‘’ssoffffividssssglg,egrtufifissffoe’
1176 5158 1386 5224 multitudine
1414 5158 1482 5224 fers
1511 5158 1686 5224 obruerant
1716 5172 1815 5223 totam
1843 5158 2008 5225 Iudaeam.
2053 5160 2146 5241 Quo·

262 5264 330 5316 Sans
346 5264 372 5317 le
390 5280 469 5318 sours
485 5263 600 5317 estavar
617 5263 652 5317 (ιο
670 5267 766 5316 nature
783 5262 915 5317 morcelle.
1175 5245 1264 5310 niam
1293 5264 1370 5328 ergo
1399 5243 1452 5311 hic
1481 5246 1623 5310 refertur
1649 5245 1768 5329 longus
1796 5244 1937 5311 hostium
1966 5246 2145 5332 catalogus,
