4658 5856
223 352 287 417 475
1016 345 1233 415 PSALMUS
1254 344 1419 411 XLVIII.
2152 351 2218 416 476

223 540 356 606 storiam
390 546 621 604 commemoret
661 539 835 623 propheta,
877 537 1045 619 aptissime
1082 545 1190 600 tamen
1243 540 1282 598 ut
1302 533 1390 597 inter
1411 531 1535 604 medios
1557 545 1693 600 conatus
1715 547 1879 604 momento
1901 538 2064 604 deficiant.
2103 541 2216 621 Atque

223 647 305 710 qnae
335 624 389 690 hic
418 623 583 703 dicuntur,
616 634 682 688 tam
712 626 746 689 iu
776 634 905 706 tempus
933 623 1062 705 Achae,
1092 639 1192 704 quam
1243 619 1323 684 haec
1345 619 1500 703 cogitatio
1521 630 1649 685 mentes
1671 633 1810 702 nostras,
1837 624 1929 708 quasi
1952 625 2069 690 iniecto
2092 624 2215 703 fraeno,

224 711 384 779 Ezechiae
413 710 465 775 vel
489 712 558 776 Asa
585 711 802 776 conveniunt:
834 710 896 774 fuit
925 709 1013 773 enim
1043 705 1193 772 mirabile
1243 714 1441 786 compescat,
1473 723 1516 768 ne
1544 703 1609 770 huc
1632 716 1664 770 et
1685 709 1762 774 illno
1792 711 2055 794 circumspiciant
2083 711 2124 774 ad
2154 710 2216 776 hu·

222 798 303 863 illud
324 797 386 863 Dei
403 816 496 879 opus,
518 816 619 879 quum
639 794 702 861 duo
719 795 941 879 potentissimi
962 814 1057 879 reges
1075 791 1193 877 Syriae
1244 809 1342 855 mana
1363 790 1479 856 media.

223 895 256 949 et
285 881 404 962 Israel,
437 882 565 966 ingenti
597 882 742 948 exercitu
775 881 944 952 instructi,
978 888 1070 945 tanto
1102 885 1193 942 metu
1307 876 1357 973 .⁷·
1387 873 1464 959 (Per
1490 880 1611 940 venem
1635 879 1839 965 orientalem.)
1889 882 1962 946 Etsi
1992 881 2079 947 hunc
2107 881 2215 946 locum

223 969 439 1054 perculissent
460 967 583 1045 urbem,
612 978 648 1031 ut
669 988 729 1032 rex
751 986 824 1031 cum
848 966 965 1049 populo
988 966 1057 1030 fere
1079 963 1192 1028 exani·
1244 978 1336 1026 varie
1358 970 1528 1046 exponunt
1548 961 1754 1048 interpretes,
1782 969 1928 1032 contenti
1948 968 2049 1033 simus
2072 968 2215 1051 genuino

222 1058 287 1121 mis
313 1057 442 1130 iaceret,
472 1060 608 1136 repente
636 1052 709 1117 fran
736 1054 755 1133 ',
783 1062 816 1117 et
838 1053 986 1117 frustrari
1017 1060 1105 1117 certa
1135 1068 1193 1131 spe
1244 1064 1352 1126 sensu,
1383 1069 1448 1113 non
1471 1068 1564 1112 secus
1586 1050 1723 1116 afflictos
1746 1061 1778 1117 et
1800 1054 1901 1117 exitio
1923 1052 2086 1118 demersos
2115 1054 2214 1118 fuisse

223 1141 400 1226 potiundae
421 1139 521 1218 urbis,
550 1138 690 1204 undeet
731 1139 834 1205 esaias
863 1138 968 1220 capite
991 1138 1020 1215 7,
1043 1156 1141 1202 versu
1162 1133 1193 1214 4,
1244 1132 1397 1198 eeclesiae
1431 1134 1550 1211 hostes,
1583 1154 1621 1199 ae
1652 1135 1744 1202 Deus
1777 1139 1892 1203 subitis
1928 1139 2078 1221 propellis
2115 1159 2215 1204 naves

222 1249 282 1312 per
303 1225 482 1291 ludibrium
504 1224 634 1289 titiones
656 1225 820 1289 fumantes
842 1233 954 1290 vocat:
985 1243 1085 1306 quum
1109 1219 1192 1285 duae
1245 1216 1377 1283 Ciliciae
1406 1221 1438 1284 in
1464 1239 1555 1284 mare
1583 1222 1779 1302 profundum
1810 1224 1927 1290 deiicit.
1973 1224 2216 1289 Oommemorat

222 1314 316 1397 quasi
343 1314 428 1376 faces
457 1329 611 1375 accensae
644 1318 753 1375 essent
784 1309 824 1375 ad
855 1308 1107 1375 consumendam
1141 1308 1192 1369 in·
1244 1313 1353 1368 antem
1369 1303 1432 1370 Dei
1450 1306 1630 1389 potentiam
1649 1328 1747 1390 quam
1765 1330 1915 1375 exserere
1926 1309 2018 1374 'solet
2034 1311 2067 1375 iu
2085 1312 2216 1394 magnis

223 1398 338 1466 cendio
360 1396 526 1462 Iudaeam.
566 1395 634 1461 Nec
655 1397 765 1461 minus
787 1395 986 1478 stupendum
1008 1394 1072 1458 fuit
1093 1393 1192 1457 mira·
1244 1401 1276 1452 et
1299 1389 1449 1455 violentis
1479 1395 1734 1475 tempestatibus,
1764 1415 1801 1460 ac
1830 1395 1858 1460 si
1885 1395 2019 1475 diceret,
2048 1416 2116 1461 non
2143 1415 2216 1461 esse

222 1485 350 1558 culum,
383 1483 572 1547 innumeras
605 1483 714 1564 copias
744 1479 969 1548 Sennacherib
999 1488 1093 1546 nocte
1126 1499 1192 1541 una
1243 1474 1364 1540 mirum
1395 1478 1423 1540 si
1454 1476 1561 1554 Deus,
1595 1479 1652 1559 qui
1680 1481 1857 1564 confringit
1887 1494 2060 1547 ventorum
2089 1482 2217 1565 impetu

222 1573 292 1636 sine
310 1569 477 1633 hominum
497 1587 596 1632 manu
615 1567 655 1631 ab
673 1569 788 1650 angelo
808 1567 918 1645 deleri,
937 1568 966 1632 2.
979 1566 1062 1648 Reg.
1077 1564 1126 1641 19,
1138 1562 1191 1628 35.
1243 1559 1393 1626 robustas
1418 1582 1527 1638 naves,
1559 1561 1668 1630 hostes
1690 1587 1816 1649 quoqne
1839 1586 1913 1633 suos
1936 1568 2057 1632 virium
2079 1588 2216 1632 suarum
2245 1640 2249 1649 ,

222 1657 292 1720 Iam
316 1674 416 1737 quum
438 1675 497 1718 rex
520 1652 719 1735 Aethiopum
747 1653 883 1719 collecta
901 1653 1049 1736 myriade
1071 1649 1112 1714 ad
1134 1670 1191 1732 op·
1243 1645 1438 1713 confidentia
1459 1649 1589 1712 inflatos
1610 1654 1833 1733 prostraverit.
1872 1653 1938 1717 Per
1954 1652 2047 1718 Mare
2067 1652 2217 1730 Tharria,

222 1738 433 1826 pugnandam
456 1738 689 1822 lerosolymam
713 1741 866 1815 venisset,
896 1737 1108 1803 memorabile
1130 1734 1192 1799 fnit
1242 1732 1327 1814 apud
1350 1732 1518 1798 Hebraeos
1543 1734 1819 1802 Mediterraneum
1846 1738 2051 1823 intelligitur,
2082 1752 2217 1820 propter

222 1826 387 1910 potentiae
403 1826 465 1889 Dei
481 1825 656 1906 specimen,
674 1835 803 1890 tentum
824 1834 1018 1908 apparatum
1034 1822 1191 1887 disiicere.
1244 1817 1404 1899 Ciliciam,
1434 1839 1518 1902 quae
1541 1819 1588 1884 sio
1609 1821 1688 1886 olim
1711 1836 1825 1888 vocata
1852 1823 1923 1901 fuit,
1952 1826 2050 1889 etiam
2073 1824 2216 1906 losepho

223 1909 391 1994 Quidquid
409 1910 460 1986 sit,
478 1909 619 1975 Iudaeos
637 1910 723 1975 claro
741 1911 935 1976 documento
953 1918 1104 1991 expertos
1123 1927 1192 1971 esse
1243 1915 1342 1969 teste:
1365 1904 1441 1971 licet
1463 1903 1594 1969 tandem
1618 1928 1736 1974 nomen
1760 1909 1820 1976 hoc
1842 1911 1883 1974 ad
1906 1911 2021 1975 urbem
2044 1931 2144 1975 unam
2168 1930 2218 1974 re·

223 1998 318 2081 dicit,
348 1997 456 2061 Deum
487 1995 588 2060 fuisse
618 2007 750 2061 sanotae
779 1997 871 2062 urbis
901 1994 1082 2069 custodem,
1114 1992 1192 2057 dnm
1243 1991 1394 2055 strictum
1424 1992 1533 2057 fuerit.
1586 1991 1674 2072 Quia
1702 2005 1812 2061 autem
1842 1998 2017 2079 praecipua
2046 1997 2217 2080 navigatio

221 2085 347 2149 invicto
371 2082 512 2148 hostium
531 2080 638 2145 robori
657 2102 691 2147 se
709 2082 869 2166 opposuit.
900 2080 978 2146 Ideo
997 2080 1076 2144 dicit
1093 2080 1192 2144 fuisse
1242 2073 1373 2141 Iudaeis
1395 2088 1466 2141 erat
1487 2077 1521 2141 in
1546 2077 1706 2164 Ciliciam,
1731 2101 1790 2164 per
1813 2082 2040 2165 synecdochen
2063 2082 2141 2148 huic
2163 2103 2216 2147 re·

221 2172 417 2252 eoaprepalos
436 2187 538 2251 repes:
559 2187 622 2250 quo
642 2168 743 2232 verbo
765 2168 927 2252 signifieat
948 2166 1068 2230 initum
1090 2164 1192 2228 fuisse
1243 2162 1333 2246 gioni
1366 2162 1514 2227 tribuunt
1550 2165 1634 2244 quod
1667 2166 1740 2233 aliis
1773 2168 2003 2234 remotioribus
2039 2181 2072 2233 et
2105 2169 2216 2234 minus

222 2255 334 2320 foedus
355 2254 390 2318 in
412 2253 565 2318 ecelesiae
591 2253 776 2335 perniciem.
819 2253 967 2318 Verbum
993 2248 1193 2316 Transeaadi
1242 2248 1330 2313 notis
1352 2268 1525 2313 commune
1546 2264 1627 2315 erat.
1712 2281 1713 2285 ¹

221 2340 370 2405 bifariam
403 2339 522 2420 exponi
556 2352 677 2420 potest:
711 2340 763 2405 vel
794 2339 879 2422 quod
910 2336 1024 2420 copiae
1054 2337 1094 2401 ab
1125 2333 1191 2400 illis

222 2426 390 2503 collectae,
424 2423 458 2488 in
489 2424 629 2487 nihilum
662 2425 813 2491 redactae
845 2425 985 2489 fuerint:
1019 2422 1070 2487 vel
1104 2420 1190 2503 quod
1328 2420 1358 2484 8.
1386 2418 1474 2484 seut
1494 2418 1684 2500 audivimas,
1705 2422 1752 2488 tte
1772 2424 1911 2491 mimas
1932 2427 1968 2491 ire
1988 2427 2062 2492 urbe
2081 2426 2213 2494 Iebovae

221 2512 319 2579 simul
342 2518 375 2576 et
393 2529 459 2574 uno
481 2529 654 2588 consensu,
677 2512 771 2592 quasi
793 2512 954 2575 instructa
975 2510 1043 2573 acie
1060 2504 1191 2588 expedi·
1242 2507 1440 2585 medeam,
1469 2505 1505 2568 in
1531 2506 1607 2571 urbe
1627 2506 1692 2572 Dei
1719 2511 1833 2575 matri:
1864 2511 1955 2577 Deae
1982 2512 2116 2579 stabiliet
2144 2534 2214 2578 eam

221 2600 342 2663 tionem
365 2596 574 2677 susceperint.
608 2595 654 2659 Et
676 2595 737 2661 hoc
759 2596 936 2662 secundnm
960 2593 1093 2658 ridetur
1114 2611 1190 2656 oon·
1243 2592 1397 2671 usquein
1412 2595 1608 2671 perpetrarem.
1645 2592 1747 2659 Selalr.
1792 2595 1822 2661 9.
1846 2597 2107 2679 manemus
2124 2599 2215 2665 Deus

221 2683 329 2749 textui
359 2703 430 2747 esse
459 2681 583 2762 aptius:
618 2681 694 2762 quia
722 2690 835 2763 postea
863 2681 1012 2762 sequitur
1040 2678 1081 2743 ad
1114 2697 1191 2741 con·
1243 2677 1491 2742 misericordiam
1515 2680 1604 2741 ruam
1624 2679 1660 2742 in
1680 2680 1781 2746 medio
1801 2685 1907 2765 templi
1928 2686 1984 2751 lai.
2031 2685 2081 2751 10.
2111 2685 2215 2752 seete

221 2777 368 2851 spectum
389 2765 481 2830 urbis
498 2765 626 2829 stetisse
644 2770 831 2832 attonuitos.
867 2766 1064 2848 Quanquam
1083 2762 1192 2827 licebit
1242 2781 1351 2826 nomen
1373 2767 1462 2827 ruam
1475 2761 1574 2838 Deae,
1596 2764 1643 2829 sie
1662 2763 1735 2831 ltus
1750 2770 1807 2834 trra
1826 2789 1924 2853 snper
1944 2777 2081 2838 maereo
2102 2777 2212 2851 terrae

221 2875 291 2919 non
313 2848 516 2915 incommode
546 2851 634 2916 hunc
655 2872 786 2916 versum
816 2855 971 2936 accipere,
1001 2850 1093 2934 quasi
1121 2868 1190 2913 am·
1243 2847 1366 2913 inoleta
1384 2848 1479 2930 pleno
1498 2853 1543 2912 eet
1559 2848 1684 2915 metere
1704 2855 1770 2918 tuo.

221 2935 388 3024 plificandi
410 2955 508 3003 causa
529 2934 685 3003 additum.
719 2935 786 3003 Sed
807 2938 883 3021 quia
900 2937 941 3003 ad
958 2937 1008 3002 rei
1029 2955 1190 3002 summam

222 3025 285 3091 hoe
306 3044 372 3087 non
396 3021 475 3087 adeo
505 3021 594 3097 facit,
625 3023 750 3107 eligant
778 3022 914 3091 lectores
943 3031 1056 3088 utrum
1086 3020 1192 3104 magis
1329 3020 1360 3084 8.
1392 3020 1496 3106 (sae
1524 3020 1730 3108 audivimus.)
1787 3025 1921 3110 Duplex
1956 3050 2071 3097 sensns
2106 3043 2214 3115 potest

222 3109 392 3195 placuerit.
436 3109 612 3175 Caeterum
634 3108 688 3173 ubi
711 3109 797 3188 dicit,
827 3110 966 3176 Mirator
994 3106 1192 3189 substerne
1243 3105 1320 3171 huic
1343 3105 1412 3172 loeo
1434 3125 1628 3189 congruere:
1650 3110 1741 3192 prior
1761 3113 1842 3191 erit,
1864 3114 1893 3179 si
1915 3113 1948 3178 in
1971 3134 2110 3197 persona
2131 3117 2210 3183 fide-

222 3199 300 3278 visa,
322 3195 504 3276 trepidasse,
527 3199 609 3259 ador
628 3194 730 3276 faisse
745 3197 942 3278 praecipites,
964 3198 1117 3277 conopas
1138 3193 1192 3258 do·
1243 3192 1324 3257 lium
1347 3191 1433 3259 dieat
1454 3191 1624 3275 propheta,
1653 3197 1782 3277 qualem
1804 3198 1896 3265 Dens
1924 3198 2002 3265 olim
2030 3205 2213 3284 potentiam

222 3284 286 3350 lore
314 3287 465 3363 tanquam
493 3279 588 3346 atet
610 3285 743 3362 partus,
777 3292 914 3346 exornat
943 3279 1192 3364 quibuscunque
1243 3287 1434 3344 exseruerat
1450 3280 1485 3344 in
1503 3277 1682 3347 liberandis
1698 3282 1855 3365 patribus,
1873 3297 2106 3370 prosequutum
2124 3311 2213 3357 nunc

222 3378 329 3451 potest
358 3366 475 3449 elogiis
507 3364 699 3429 miraculum
734 3367 819 3449 quod
851 3368 1003 3435 exhibuit
1031 3365 1126 3431 Deus
1157 3366 1192 3429 iu
1243 3365 1344 3430 fuisse
1372 3384 1452 3448 erga
1480 3374 1615 3446 nepotes
1644 3376 1677 3431 et
1705 3379 1863 3452 posteros.
1909 3373 2093 3439 Audierant
2123 3376 2210 3441 enim

222 3451 425 3538 profligando
443 3460 535 3516 tanto
552 3460 720 3533 apparatu.
755 3451 812 3518 Sia
829 3464 941 3518 antem
959 3451 1079 3518 resolvi
1098 3449 1194 3517 debet
1244 3471 1286 3515 ex
1316 3469 1374 3514 ore
1402 3459 1551 3533 patrum,
1581 3460 1615 3515 et
1643 3473 1686 3517 ex
1715 3456 1816 3521 sacris
1846 3456 1990 3522 historiis
2019 3458 2211 3539 didicerant,

224 3540 338 3612 oratio,
366 3535 503 3602 simulac
524 3535 680 3601 viderunt
709 3537 844 3604 miratos
873 3559 954 3604 esse.
998 3538 1122 3603 Notum
1144 3543 1194 3601 est
1244 3556 1343 3619 quam
1372 3535 1550 3602 clementer
1576 3548 1610 3601 et
1638 3550 1773 3621 paterne
1794 3539 1887 3607 Dens
1915 3542 2084 3610 eeclesiam
2117 3568 2212 3613 snam

223 3624 305 3692 illud
329 3622 479 3687 ansaris
502 3620 682 3701 dictefim,
712 3621 804 3701 Veni,
833 3623 910 3701 vidi,
939 3624 1012 3702 vici,
1042 3622 1105 3704 qno
1127 3622 1194 3687 Ae·
1244 3623 1397 3687 iuvisset:
1426 3639 1515 3686 nuno
1543 3642 1578 3686 se
1605 3625 1750 3691 oculatos
1779 3647 1852 3692 esse
1880 3636 1980 3694 testes
2010 3630 2211 3713 praedicant,

223 3710 395 3797 gyptiacae
411 3708 566 3773 victoriae
584 3708 775 3774 facilitatem
793 3710 935 3776 annuit:
957 3708 1124 3791 Propheta
1140 3707 1194 3774 hic
1244 3708 1320 3789 quia
1349 3728 1386 3773 re
1414 3708 1486 3789 ipsa
1512 3707 1650 3772 eandem
1679 3732 1758 3795 erga
1785 3733 1821 3777 se
1852 3713 2110 3781 misericordiam
2144 3718 2213 3783 sint

224 3805 347 3873 contra,
365 3793 481 3876 impios
499 3791 578 3857 dicit
595 3793 799 3877 obstupuisse
815 3797 886 3863 solo
903 3803 1078 3880 conspectu
1093 3794 1194 3874 urbis,
1244 3794 1380 3876 experti.
1425 3791 1564 3858 Summa
1584 3793 1686 3876 igitur
1707 3805 1801 3878 esset,
1822 3798 1935 3865 fideles
1957 3821 2022 3866 non
2051 3802 2146 3868 modo
2176 3804 2211 3867 in

225 3902 263 3948 ao
292 3882 320 3946 si
349 3879 440 3945 Dens
470 3879 643 3962 splendore
675 3881 798 3964 gloriae
830 3903 908 3948 snae
940 3901 1053 3947 eorum
1084 3881 1194 3946 oculos
1245 3879 1389 3944 historiis
1416 3878 1537 3943 habere
1565 3878 1719 3946 bonitatis
1756 3893 1787 3947 et
1824 3887 1990 3967 potentiae
2018 3887 2082 3953 Dei
2117 3890 2211 3954 testi·

224 3968 420 4033 hebetasset.
465 3965 510 4029 at
531 3965 692 4047 particula
713 3977 753 4072 p)
783 3968 976 4034 translative
1006 3966 1114 4050 posita
1134 3974 1193 4046 est,
1244 3966 1408 4044 monium,
1437 3963 1494 4030 sed
1517 3982 1580 4027 usu
1606 3975 1640 4029 et
1667 3967 1869 4049 experientia
1896 3973 2035 4051 sentire,
2064 3974 2211 4059 adeoque

225 4052 317 4138 quasi
339 4051 379 4117 ad
399 4071 467 4115 rem
491 4050 592 4134 digito
610 4053 869 4134 monstrandam,
891 4054 986 4119 sicuti
1005 4052 1194 4135 paulopost
1245 4050 1429 4133 perspicere
1440 4047 1544 4115 oculis
1554 4049 1640 4129 quod
1652 4052 1743 4135 prius
1755 4067 1975 4138 cognoverant
1985 4078 2027 4122 ex
2046 4059 2211 4127 auditione

225 4139 373 4222 sequitur
394 4136 505 4200 eodem
529 4156 627 4201 seusu
650 4135 839 4203 adverbium
867 4138 930 4203 loci
951 4153 1024 4224 pqr.
1068 4135 1193 4203 Simili·
1244 4146 1278 4202 et
1296 4136 1401 4201 relatu
1422 4142 1563 4218 patrum.
1602 4132 1718 4220 Itaque
1736 4140 1844 4205 Deum
1863 4163 1992 4226 semper
2009 4164 2142 4213 manere
2159 4147 2211 4213 sni

225 4224 307 4290 tudo
335 4220 549 4306 parturientis
578 4222 617 4285 ad
641 4223 887 4305 exprimendam
918 4227 1058 4290 subitam
1083 4234 1192 4288 mute·
1245 4222 1395 4301 similem,
1423 4220 1479 4303 qui
1502 4228 1632 4285 vetusta
1653 4224 1778 4305 gratiae
1799 4248 1877 4293 suae
1899 4229 2048 4314 exempla
2069 4231 2210 4297 subinde

226 4311 349 4376 tionem
372 4306 522 4388 pertinet,
547 4327 622 4372 nam
645 4308 706 4372 hac
728 4309 975 4375 circumstantia
996 4309 1193 4374 luculentius
1244 4308 1385 4373 assiduis
1407 4305 1611 4371 documentis
1632 4310 1810 4377 confirmet.
1854 4313 1950 4379 Alter
1974 4335 2092 4383 sensus
2114 4317 2210 4401 paulo

226 4395 345 4461 enituit
373 4391 479 4475 gratia
506 4389 587 4473 Dei,
621 4392 707 4474 quod
736 4396 903 4479 inopinato
933 4402 1022 4460 metu
1053 4395 1194 4478 perculsi
1245 4393 1392 4478 argutior
1413 4401 1477 4469 est,
1504 4390 1627 4473 optime
1648 4404 1758 4460 tamen
1779 4397 1928 4481 quadrat,
1950 4399 2059 4467 Deum
2088 4405 2211 4470 scilicet

227 4482 334 4548 subito
363 4476 482 4542 animis
511 4476 724 4556 conciderint,
756 4489 788 4543 et
810 4502 851 4546 ex
873 4501 985 4547 securo
1014 4482 1100 4544 fastu
1129 4480 1194 4545 acti
1246 4501 1282 4545 re
1310 4479 1381 4562 ipsa
1410 4476 1610 4561 praestitisse
1639 4481 1726 4561 quod
1752 4484 1916 4565 pollicitus
1945 4488 2053 4552 fuerat
2089 4489 2211 4573 populo

226 4568 349 4632 fuerint
370 4562 571 4646 praecipites.
606 4561 780 4629 Monemur
802 4574 911 4630 autem
930 4565 1087 4642 hocloco,
1111 4565 1193 4629 nihil
1246 4585 1321 4641 suo,
1351 4582 1389 4628 aa
1410 4563 1440 4629 si
1461 4562 1607 4627 dicerent
1627 4564 1759 4646 fideles,
1788 4571 1850 4634 sihi
1872 4581 1948 4637 ante
1975 4573 2087 4640 oculos
2107 4576 2209 4641 fuisse

228 4653 307 4717 novi
338 4648 435 4715 hodie
467 4646 613 4713 accidere
646 4649 673 4712 si
704 4648 821 4714 validis
854 4651 954 4734 copiis
987 4658 1195 4735 oppugnetur
1247 4648 1429 4716 exhibitum
1452 4646 1538 4730 quod
1560 4650 1650 4731 prius
1671 4660 1800 4718 tantum
1823 4656 1958 4724 auribus
1979 4671 2210 4744 perceperant:

228 4737 372 4813 ecelesia,
395 4753 433 4798 ac
450 4732 675 4798 formidolosos
693 4734 834 4816 impetus
855 4736 1031 4802 sustineat:
1053 4738 1129 4819 quia
1147 4734 1195 4801 sic
1246 4737 1322 4819 quia
1344 4735 1399 4800 ubi
1421 4733 1531 4799 nudae
1552 4742 1680 4801 tantum
1703 4741 1934 4822 promissiones
1956 4754 2125 4828 apparent,
2147 4746 2210 4812 Dei

228 4823 320 4888 Deus
346 4820 387 4886 ab
407 4818 500 4885 initio
529 4839 605 4884 suos
634 4818 807 4885 humiliare
835 4822 1018 4897 consuevit,
1047 4841 1110 4904 quo
1138 4819 1195 4884 ad·
1246 4821 1353 4905 gratia
1374 4827 1408 4883 et
1428 4819 1516 4885 salus
1537 4820 1572 4884 in
1594 4843 1651 4904 spe
1672 4825 1779 4892 adhuc
1801 4828 1990 4895 abscondita
2010 4839 2069 4910 est,
2092 4832 2209 4899 effectu

227 4908 410 4974 mirabilem
432 4924 524 4971 suam
546 4906 726 4989 potentiam
755 4906 860 4989 magis
887 4909 1095 4991 conspicuam
1120 4904 1194 4971 red·
1246 4917 1356 4971 nutem
1388 4907 1561 4989 conspicua
1594 4908 1751 4976 redditur.
1801 4913 1840 4979 Si
1872 4914 1953 4981 haec
1984 4918 2208 5001 interpretatio

229 4993 294 5057 dat.
327 4993 459 5058 Interea
479 4990 573 5058 nobis
595 4998 753 5071 occurrat,
775 4991 880 5058 solum
902 4992 966 5058 Dei
990 5001 1108 5058 nutum
1129 4991 1197 5056 suf·
1246 4991 1388 5074 placeat,
1417 4991 1561 5056 continet
1590 4993 1722 5060 uberem
1752 4996 1949 5079 doctrinam,
1978 5023 2099 5086 nempe
2126 5003 2209 5088 quod

229 5079 325 5143 ficere
347 5077 387 5142 ad
410 5096 470 5141 nos
490 5075 688 5144 liberandos:
716 5087 823 5162 atque,
844 5086 882 5143 ut
903 5079 996 5144 nobie
1017 5076 1194 5144 obruendis
1247 5075 1339 5141 Deus
1375 5097 1465 5159 spem
1495 5077 1595 5143 verbo
1625 5100 1685 5145 sno
1713 5079 1823 5146 datam
1852 5086 1988 5153 minime
2014 5089 2207 5156 frustretur:

228 5164 371 5244 undique
401 5161 595 5228 immineant
624 5164 749 5242 hostes,
783 5164 817 5229 in
847 5163 917 5230 eius
950 5164 1085 5230 arbitrio
1113 5183 1194 5240 esse,
1247 5180 1308 5227 nec
1329 5163 1433 5246 magis
1454 5163 1632 5230 liberaliter
1653 5167 1843 5250 promittere
1872 5172 1991 5250 soleat,
2020 5194 2118 5256 qnam
2150 5177 2207 5241 im·

229 5250 355 5333 quoties
383 5245 550 5330 placuerit,
579 5259 712 5334 stupore
732 5258 902 5334 pereutere
924 5267 1037 5315 eorum
1059 5250 1195 5328 animos,
1247 5247 1337 5330 plere
1356 5249 1443 5332 qnod
1463 5252 1621 5334 promisit
1666 5250 1731 5320 Ubi
1753 5252 1886 5336 dicitur,
1912 5259 1949 5324 ia
1969 5257 2055 5341 arde,
2077 5275 2105 5344 2
2127 5262 2208 5331 aeci·
