4658 5856
172 325 239 395 ras
956 325 1173 393 assumus
1198 294 1397 392 nxrvru.
2113 327 2172 394 aa

170 520 275 584 mines
297 537 372 582 caro
396 526 563 595 vocantur,
586 516 661 599 quia
684 515 763 579 nihil
788 515 821 578 in
844 516 923 593 ipsis
944 516 1077 579 firmum
1100 515 1145 578 sit
1196 514 1332 598 perinde
1354 526 1403 578 cst
1427 536 1464 580 aa
1487 518 1514 579 si
1533 517 1642 581 Deum
1665 516 1772 580 metiri
1797 514 1919 580 vellent
1942 535 2001 580 suo
2025 513 2170 578 modulo:

170 604 223 670 vol
253 602 401 679 solidum,
433 604 529 666 sicuti
560 601 646 686 apud
670 602 807 665 Iesaiam
831 601 882 678 31,
906 601 943 665 3:
973 606 1143 684 Aegyptus
1196 600 1282 684 quod
1312 600 1394 665 nihil
1425 601 1514 665 aliud
1544 614 1594 666 est
1624 622 1722 684 quam
1752 622 1828 667 eam
1856 622 1897 664 ex
1925 601 2009 665 solio
2034 619 2095 665 suo
2119 599 2171 663 de·

168 712 244 755 caro
278 698 335 760 est.
370 697 403 752 et
433 708 498 750 non
529 687 673 768 spiritus.
725 687 849 750 Verum
880 687 940 752 hoo
970 687 1039 751 loco
1069 707 1142 769 pro·
1196 687 1335 752 trahere.
1380 687 1482 752 Nobis
1511 688 1599 751 enim
1629 687 1819 752 subiicietur
1846 688 1915 751 eius
1946 687 2113 771 meipsius,
2144 688 2171 750 ei

169 777 269 861 pheta
291 772 403 839 eodem
426 793 524 837 sensu
545 793 669 837 carnem
687 776 716 836 ct
733 773 881 855 spiritam
896 774 1017 854 posuit:
1041 774 1142 854 priori
1195 773 1240 836 ita
1263 783 1374 837 nostro
1396 773 1531 838 arbitrio
1554 774 1586 836 in
1612 772 1761 837 ordinem
1784 781 1932 854 cogatur.

169 883 247 927 voce
269 859 469 943 corruptioni
492 869 525 921 et
547 858 712 940 putredini
735 859 890 922 obnoxios
906 880 976 923 esse
993 859 1142 923 homines

168 949 366 1032 significans,
389 945 491 1009 altera
515 965 591 1008 vero
613 945 738 1021 flatum,
762 944 813 1006 vel
838 945 946 1009 nescio
968 945 1044 1026 quid
1070 966 1140 1008 am·
1279 944 1331 1009 42.
1357 944 1429 1008 Nan
1451 945 1604 1009 recordati
1625 949 1698 1007 sunt
1720 963 1834 1009 manus
1855 942 1923 1006 eius
1939 942 1992 1005 dic
2009 961 2072 1023 qua
2091 941 2173 1005 rede-

168 1034 294 1100 bratile.
340 1030 427 1111 Quia
456 1030 543 1093 enim
572 1031 728 1094 continua
756 1029 899 1094 defluxio
927 1030 1076 1095 homines
1099 1031 1139 1094 ad
1194 1031 1250 1094 mit
1271 1051 1321 1094 cos
1344 1029 1382 1094 ad
1404 1031 1570 1110 afdipmte.
1615 1028 1667 1093 43.
1694 1031 1824 1109 Quande
1839 1028 1950 1109 paruit
1972 1027 2007 1091 in
2031 1028 2171 1109 Aegypto

167 1118 338 1184 interitum
360 1115 534 1197 compellit,
560 1125 727 1196 comparat
749 1137 803 1180 eos
826 1129 924 1179 vento
948 1117 1138 1192 ambulanti,
1192 1119 1288 1199 sipna
1309 1136 1378 1193 sua,
1401 1122 1429 1180 et
1445 1117 1598 1197 prodi-pia
1619 1135 1680 1181 sua
1696 1117 1732 1178 iu
1749 1135 1857 1197 eampo
1877 1112 1976 1177 Scan:
2008 1113 2064 1177 44.
2083 1112 2172 1177 Dum

167 1218 200 1270 et
230 1203 287 1286 qni
316 1202 446 1286 proprio
477 1210 564 1266 motu
588 1201 727 1266 concidit
749 1202 820 1265 sine
842 1200 957 1266 reditu.
1002 1202 1139 1267 Peracto
1193 1203 1337 1268 convertit
1354 1203 1388 1265 ia
1407 1203 1592 1283 sanquinem
1608 1201 1726 1280 fluvias
1743 1221 1859 1280 cerunt,
1880 1199 2041 1278 etsluenta
2055 1218 2171 1269 eorum.

168 1292 254 1355 enim
289 1289 393 1353 stadio
421 1309 486 1350 non
517 1287 664 1363 ordimur
693 1308 814 1351 novam
844 1287 946 1351 vitam
976 1288 1009 1352 in
1040 1298 1139 1367 terra,
1190 1309 1228 1353 ne
1250 1288 1392 1351 biberent.
1429 1287 1480 1351 45.
1506 1286 1601 1351 Misit
1623 1289 1657 1350 in
1679 1306 1728 1350 eos
1750 1289 1928 1352 deletionem
1949 1306 2031 1365 quae
2051 1284 2172 1349 aoracu't

167 1377 261 1441 sicuti
291 1385 323 1438 et
345 1374 404 1438 Iob
427 1393 495 1454 cap.
520 1373 569 1451 14,
591 1373 609 1436 7
634 1371 764 1451 dicitur,
796 1373 926 1438 arbores
960 1376 1137 1455 quotannis
1191 1395 1248 1449 eos,
1272 1378 1300 1438 et
1321 1393 1436 1438 ranam
1458 1393 1539 1453 quac
1557 1373 1697 1453 perdidit
1718 1392 1780 1436 eos.
1814 1368 2171 1436 aceruatarum

168 1461 311 1533 renasci.
344 1469 377 1523 et
412 1459 529 1523 herhas
561 1459 617 1522 ubi
652 1459 768 1540 hyeme
799 1458 925 1522 fuerint
958 1469 1137 1536 emortuae,
1189 1462 1326 1540 fructum
1355 1479 1471 1532 eorum,
1501 1464 1528 1522 et
1557 1458 1690 1523 laborem
1719 1478 1824 1522 eorum
1851 1457 1994 1523 lmustis:
2039 1456 2092 1520 47.
2129 1456 2171 1519 Et

167 1549 287 1611 iterum
311 1545 487 1609 virescere:
511 1544 676 1608 hominem
702 1566 790 1617 vero,
814 1556 985 1627 postquam
1004 1547 1138 1609 interic-
1190 1546 1299 1611 cecidit
1319 1545 1474 1627 prandine
1495 1545 1586 1608 nitcm
1608 1546 1760 1625 ipsoram.
1782 1550 1812 1608 et
1832 1562 2007 1626 sycomoros
2026 1544 2171 1624 ipsorum

165 1636 217 1709 rit,
241 1653 308 1696 non
331 1651 523 1711 recuperare
547 1632 642 1695 vires.
678 1630 772 1694 Nunc
791 1643 939 1696 tenemus
959 1633 1138 1713 prophetae
1189 1631 1296 1711 lapide
1320 1630 1498 1713 praedicis.
1542 1629 1595 1695 48.
1620 1629 1663 1693 Et
1691 1630 1823 1693 tradidit
1850 1628 2007 1711 praedici
2031 1630 2170 1692 tentante

165 1738 307 1790 sensum,
338 1716 446 1780 Deum
477 1736 536 1798 pro
566 1737 626 1780 sua
656 1715 878 1779 misericordia
903 1717 1059 1782 tolerasse
1082 1718 1137 1781 Iu·
1189 1718 1340 1796 ipsorum,
1359 1722 1386 1781 ct
1399 1735 1513 1796 pecc-ra
1530 1715 1841 1797 ipsorumiapididus
1853 1715 1973 1798 ipnitis.
2006 1712 2062 1779 49.
2077 1713 2171 1778 Misit

166 1803 271 1883 dacos,
302 1823 367 1867 non
397 1800 481 1884 quod
511 1801 600 1884 digni
628 1812 747 1875 essent,
777 1801 833 1865 sed
863 1805 939 1884 quia
960 1803 1082 1867 caduca
1104 1818 1138 1866 et
1190 1804 1224 1867 in
1246 1823 1296 1866 ees
1317 1802 1564 1884 indignationum
1585 1803 1654 1866 irae
1674 1822 1759 1878 suae,
1787 1801 1936 1880 furorem
1965 1800 2169 1864 iracundiam

163 1891 253 1953 fluxa
275 1909 388 1952 eoram
411 1886 552 1952 conditio
578 1888 705 1951 veniam
728 1886 794 1951 illis
813 1887 1048 1967 impetraverit.
1085 1887 1136 1954 Si·
1189 1893 1216 1952 et
1254 1889 1468 1968 affiictionem,
1516 1888 1739 1951 immissionem
1782 1887 1963 1969 armatorum
2001 1885 2168 1951 semlerum

164 1975 275 2039 milam
307 1976 372 2038 fere
402 1974 597 2038 sententiam
629 1973 821 2037 habebimus
844 1974 975 2038 Psalmo
1001 1975 1071 2057 103,
1097 1976 1138 2039 14
1189 1974 1239 2039 50.
1265 1974 1395 2040 Diremit
1415 1973 1558 2036 semitam
1579 1975 1647 2036 irae
1666 1994 1758 2037 suae:
1779 1992 1844 2036 iton
1856 1970 2019 2053 probibuit
2037 1993 2058 2035 a
2075 1976 2169 2036 motta

164 2061 218 2125 ubi
252 2058 338 2125 dicet
370 2059 544 2142 propheta,
579 2059 686 2124 Deum
718 2058 813 2122 nobis
846 2080 916 2124 esse
949 2062 1136 2142 propitium,
1188 2061 1329 2124 animam
1361 2060 1520 2139 ipsorum,
1555 2064 1582 2123 et
1611 2060 1781 2123 iumentum
1811 2059 1951 2139 ipsorum
1985 2057 2019 2121 in
2048 2061 2168 2136 pestem

163 2147 240 2228 qnia
269 2144 359 2209 videt
391 2145 510 2209 herbae
541 2144 676 2218 similes,
711 2145 886 2226 statimque
915 2147 1017 2210 instar
1051 2148 1136 2211 foeni
1188 2147 1345 2211 corrclusit.
1395 2144 1447 2209 51.
1477 2144 1521 2208 Et
1547 2146 1708 2224 percussit
1737 2163 1825 2210 omne
1851 2142 2102 2225 primogenitum
2134 2143 2168 2205 ia

163 2250 318 2295 arescere.
364 2229 460 2310 Quod
490 2231 574 2294 siin
598 2231 691 2295 nobis
714 2230 796 2294 nihil
820 2242 949 2312 praeter
972 2233 1135 2297 miseriam
1160 2306 1163 2315 Ι
1189 2232 1339 2316 Aepppto,
1355 2231 1563 2312 'principiam
1591 2231 1742 2294 virtutum
1765 2232 1800 2294 in
1821 2227 2034 2294 tabernaculis
2059 2227 2166 2292 Citam.

165 2318 288 2400 reperit
311 2317 411 2396 Deus,
434 2338 496 2398 quo
517 2318 669 2381 flectatur
686 2317 725 2379 ad
745 2317 1009 2396 misericordiam,
1031 2321 1135 2401 sequi·
1160 2320 1163 2401 l

164 2414 218 2466 tur
239 2403 369 2467 nonnisi
393 2423 482 2466 mara
505 2411 538 2464 et
559 2403 704 2485 gratuita
727 2401 871 2466 bonitate
894 2403 1004 2468 induci
1024 2416 1062 2468 ut
1077 2427 1135 2469 nos
1160 2408 1163 2503 l
1273 2403 1325 2468 42.
1348 2403 1437 2488 (Nan
1466 2401 1621 2467 recordati
1649 2401 1745 2486 sunt.)
1789 2401 1905 2482 Pergit
1928 2400 1962 2463 in
1985 2398 2166 2483 exprobra·

162 2489 332 2554 sustineat.
387 2489 560 2554 Caeterum
596 2489 649 2554 abi
683 2497 781 2571 negat
815 2488 990 2570 propheta,
1023 2493 1136 2555 reuerti
1160 2512 1163 2605 p
1188 2492 1383 2571 tione,¹quia
1403 2489 1473 2553 sola
1490 2488 1719 2552 beneficiorum
1740 2488 1802 2551 Dei
1826 2488 1982 2549 memoria
2003 2506 2062 2549 eos
2083 2486 2165 2549 frae-

163 2574 313 2639 hominee
342 2583 472 2654 peracto
500 2594 608 2653 cursa,
639 2575 774 2637 minime
803 2573 948 2637 excludit
969 2595 1059 2655 spem
1083 2578 1135 2640 tu·
1188 2598 1268 2640 nare
1287 2585 1421 2658 poterat,
1441 2575 1503 2637 nisi
1522 2594 1733 2656 quaecuuque
1751 2573 1877 2655 experti
1897 2576 2032 2635 lucrant
2049 2582 2166 2653 sponte

163 2668 257 2723 turae
285 2660 547 2739 resurrectionis,
577 2668 706 2721 tantum
737 2659 825 2721 enim
848 2660 881 2722 in
905 2680 939 2723 se
961 2661 1041 2742 ipsis
1063 2681 1136 2725 con·
1188 2672 1221 2726 et
1250 2662 1393 2743 maligne
1423 2669 1533 2723 esseut
1561 2660 1663 2723 obliti.
1708 2660 1760 2723 Ex
1792 2661 1852 2722 hac
1877 2658 1978 2739 impia
1999 2655 2164 2721 oblivione

163 2744 285 2809 siderat
307 2744 466 2819 homines,
489 2763 526 2807 aa
544 2742 584 2807 de
602 2754 731 2807 terreno
749 2764 863 2807 corum
878 2754 965 2808 statu
981 2746 1134 2828 loquitur.
1189 2748 1334 2811 nascitur
1364 2746 1526 2825 protervia
1556 2757 1589 2808 et
1615 2744 1721 2808 omnis
1751 2744 1893 2810 rebellio.
1939 2741 2080 2806 Martum
2100 2740 2166 2806 Dei

163 2829 347 2893 Renovatio
370 2834 479 2893 autem
502 2830 536 2891 iu
558 2828 731 2894 coelestem
754 2830 853 2893 vitam
877 2831 1069 2895 miraculum
1088 2845 1137 2896 est
1160 2836 1164 2867 v
1188 2852 1245 2915 pro
1270 2834 1389 2895 virtute
1413 2851 1469 2911 per
1492 2831 1725 2913 metonymiam
1749 2829 1953 2912 accipi—satis
1973 2838 2090 2891 notum
2105 2840 2164 2890 est.

163 2914 261 2998 longe
292 2914 390 2980 altius
423 2928 550 2979 natura.
606 2913 731 2979 Eodem
764 2937 863 2980 sensu
897 2916 974 2981 alibi
1008 2917 1136 2994 dicitur,
1188 2919 1268 2982 Fuit
1299 2929 1408 2982 autem
1439 2917 1473 2978 in
1501 2917 1606 2998 prima
1632 2915 1687 2978 illa
1711 2915 1901 2979 liberatione
1934 2912 2048 2997 populi
2079 2932 2164 2977 novo

162 3001 244 3065 Exit
273 3001 408 3084 spiritus
436 3002 515 3076 eius,
545 3010 579 3063 et
606 3021 672 3065 non
701 3003 886 3077 revertitur,
918 3001 995 3085 Sap.
1021 3005 1137 3087 16,14
1188 3015 1221 3069 et
1253 3004 1383 3068 insolito
1412 3001 1507 3065 modo
1537 3012 1672 3065 extenta
1701 3002 1763 3065 Dei
1794 3021 1926 3077 manus,
1960 3020 2025 3082 quo
2059 2998 2164 3081 magis

162 3087 238 3169 quia
268 3086 390 3152 scilicet
415 3107 505 3169 spem
537 3087 665 3151 futurae
692 3087 936 3153 instaurationis
966 3110 1009 3152 ex
1042 3103 1136 3154 atero
1188 3089 1388 3154 detestabilis
1411 3088 1473 3151 tuit
1497 3088 1607 3169 populi
1630 3088 1790 3168 impietas,
1821 3088 1855 3150 in
1878 3105 1976 3167 quam
2000 3105 2091 3150 nunc
2113 3086 2164 3147 in·

162 3172 298 3237 minime
331 3172 472 3236 afferunt
505 3172 672 3250 homines,
712 3171 769 3237 sed
802 3194 844 3238 ex
877 3177 1135 3256 regenerationis
1188 3176 1320 3241 vehitur
1342 3175 1509 3256 propheta,
1540 3193 1599 3254 pro
1622 3173 1724 3236 nihilo
1747 3174 1874 3248 ducere,
1901 3171 1952 3234 vel
1976 3170 2090 3235 statim
2114 3191 2164 3234 so·

162 3259 269 3341 gratia
292 3257 362 3322 eius
385 3257 525 3341 petenda
547 3263 606 3324 est.
1188 3262 1289 3344 polire
1322 3260 1407 3343 quod
1442 3259 1532 3322 nulla
1567 3269 1729 3322 vetustate
1762 3258 1961 3323 obsolescere
1995 3254 2163 3321 debuerat.

248 3343 299 3408 40.
323 3343 464 3428 (Quoties
491 3343 772 3422 enacabaacrunt.)
817 3343 997 3409 Confirmat
1026 3350 1134 3427 proxi·
1189 3349 1256 3411 lam
1287 3347 1412 3427 aliquot
1444 3356 1676 3409 commemorat
1707 3345 1870 3426 potentiae
1906 3342 1967 3407 Dei
2000 3341 2162 3424 exempla,

162 3448 249 3493 mam
280 3430 494 3493 sententiam:
528 3432 602 3511 quia
636 3429 759 3493 scilicet
786 3429 947 3494 immensa
975 3433 1135 3497 scelerum
1187 3455 1270 3515 quac
1298 3434 1404 3514 primo
1425 3432 1519 3512 siqua
1542 3440 1644 3507 vocat,
1674 3429 1790 3494 deinde
1806 3429 1974 3511 prodipia:
2003 3448 2069 3510 quo
2091 3447 2163 3491 rur·

163 3515 317 3598 congerie
345 3515 442 3578 toties
463 3514 572 3578 Deum
603 3516 853 3595 provocaverint
874 3517 908 3578 in
931 3515 1067 3593 deserto,
1099 3532 1135 3582 ut
1187 3540 1259 3583 sum
1293 3518 1493 3601 perstringat
1523 3515 1653 3580 foedum
1684 3514 1795 3598 populi
1824 3525 2000 3596 stuporem.
2051 3512 2164 3594 Quan-

160 3599 282 3665 millics
311 3601 418 3682 perire
447 3620 579 3664 necesse
608 3600 715 3674 luerit,
746 3600 810 3664 nisi
831 3599 950 3665 millies
972 3603 1134 3685 propitius
1187 3625 1286 3688 quam
1314 3613 1424 3668 autem
1455 3622 1524 3665 rem
1555 3622 1653 3665 unam
1686 3603 1734 3666 his
1765 3604 1928 3683 exprimit,
1957 3600 1990 3662 in
2019 3598 2163 3665 seeundo

160 3685 226 3749 illie
256 3686 369 3752 fuisset
397 3686 498 3751 Deus.
544 3685 763 3768 Interrogatio
793 3694 902 3750 autem
933 3688 1038 3770 magis
1066 3710 1134 3752 em·
1158 3716 1162 3811 1
1187 3704 1299 3754 tamen
1327 3690 1473 3752 membro
1504 3699 1718 3770 augmentum
1740 3697 1804 3751 est:
1837 3707 1875 3751 ac
1897 3686 1925 3749 si
1948 3684 2086 3765 diceret,
2111 3685 2162 3748 in·

162 3771 291 3852 phatice
320 3772 485 3853 exprimit,
515 3771 643 3835 nullum
672 3772 785 3836 iecisse
815 3773 970 3853 peccandi
991 3773 1133 3839 modum.
1187 3776 1307 3840 auditis
1337 3774 1440 3837 modis
1469 3775 1635 3839 incussum
1666 3786 1744 3837 tunc
1774 3773 1875 3836 tuisse
1905 3783 2075 3849 terrorem,
2106 3771 2161 3853 qui

162 3856 288 3922 Deserti
309 3879 427 3922 nomen
451 3869 518 3921 tam
538 3856 600 3922 loci
624 3877 721 3938 quam
745 3858 899 3940 temporis
921 3859 1133 3924 circumstan-
1157 3814 1162 3947 l
1186 3882 1252 3925 non
1282 3859 1393 3924 debuit
1422 3872 1487 3922 tam
1517 3861 1581 3922 cito
1611 3882 1651 3922 cx
1675 3858 1787 3941 populi
1809 3857 1929 3921 animis
1951 3876 2160 3921 evanescere.

163 3943 241 4006 tiam
270 3944 307 4007 in
333 3945 549 4007 recontinet:
580 3963 616 4006 ao
639 3943 666 4006 si
690 3943 959 4027 ingratitudinem
983 3949 1161 4027 arguereti
1271 3946 1323 4010 44.
1353 3944 1524 4030 (Carrvertit
1557 3948 1591 4009 in
1620 3944 1830 4028 sanquinem.)
1882 3942 1957 4007 Non
1987 3953 2163 4005 enumerat

163 4028 330 4109 propheta,
361 4028 446 4110 quod
475 4040 542 4093 tam
572 4029 757 4092 recentibus
781 4030 841 4093 Dei
865 4028 1037 4108 beneficiis,
1068 4033 1134 4096 imo
1157 4036 1163 4130 i
1185 4032 1298 4095 ordine
1331 4031 1502 4104 miracula,
1536 4030 1653 4112 quibus
1683 4051 1775 4094 suam
1811 4030 1990 4112 potentiam
2021 4039 2161 4093 testatus

163 4113 349 4193 quotidiano
388 4135 500 4177 eorum
549 4113 703 4196 adspectu
748 4135 813 4177 non
854 4116 971 4180 saltem
1014 4120 1133 4181 retenti
1158 4134 1161 4211 1
1186 4133 1235 4182 est
1266 4120 1354 4182 Deus
1381 4119 1415 4181 in
1446 4115 1633 4179 redimendo
1665 4116 1798 4198 populo:
1832 4117 1907 4197 quia
1937 4116 2017 4178 satie
2048 4112 2162 4177 hahuit

163 4200 302 4262 luerint:
336 4198 452 4262 deinde
487 4199 662 4266 violentam
692 4199 918 4282 intemperiem
952 4203 1133 4283 damnaret,
1188 4220 1280 4267 notas
1310 4204 1461 4267 historias
1483 4203 1517 4264 in
1541 4205 1729 4266 memoriam
1751 4222 1905 4265 revocare
1926 4220 2009 4282 quac
2032 4200 2161 4263 suffice·

162 4285 246 4364 quod
277 4285 364 4348 intra
387 4284 485 4349 breve
508 4296 635 4367 tempus
657 4294 706 4349 tot
731 4298 863 4368 peccata
884 4288 1131 4355 cumulaverint.
1186 4297 1261 4353 rent
1290 4287 1329 4352 ad
1360 4287 1574 4369 detegendam
1606 4288 1716 4369 populi
1744 4286 1902 4351 malitiam
1927 4297 1961 4350 ot
1983 4286 2162 4368 ingratitu-

163 4371 289 4436 Eodem
311 4390 409 4433 sensu
431 4372 584 4434 continuo
601 4381 675 4453 post
692 4370 791 4451 addit,
814 4373 930 4436 iterato
947 4395 1044 4439 cursu
1062 4386 1131 4439 ten·
1186 4376 1304 4440 dinem.
1340 4374 1451 4456 Neque
1474 4375 1573 4437 etiam
1597 4374 1650 4437 hia
1674 4373 1802 4455 longius
1824 4373 1976 4436 insistere
1998 4391 2085 4454 opus
2102 4381 2161 4445 est,

162 4471 248 4521 tasse
276 4455 395 4519 Deam.
448 4454 562 4537 Neque
591 4455 678 4519 enim
710 4458 845 4523 verbum
874 4460 994 4536 renati,
1027 4472 1132 4526 muta·
1186 4482 1286 4543 quum
1304 4460 1405 4524 Masis
1428 4458 1564 4522 historia
1585 4460 1704 4524 clarius
1720 4459 1833 4524 doceat
1848 4478 1930 4540 quae
1946 4457 2001 4522 hic
2017 4457 2162 4522 breviter

163 4544 287 4606 tionem
303 4541 544 4624 hicsignifioat,
561 4540 616 4603 sed
632 4543 819 4606 continuam
835 4544 989 4625 peccandi
1005 4548 1132 4611 seriem.
1185 4548 1373 4611 recitantur.
1426 4545 1497 4608 Hoc
1527 4545 1632 4608 solum
1663 4553 1798 4609 teneant
1826 4544 1973 4621 lectores,
2007 4543 2161 4625 quamvis

162 4628 282 4693 Pulcra
302 4639 410 4691 autem
434 4625 625 4706 metaphora
646 4629 803 4708 exprimit
824 4649 920 4710 quam
936 4633 1037 4696 atroci
1055 4653 1131 4696 oon·
1185 4634 1265 4695 alias
1304 4633 1433 4711 saepius
1474 4629 1632 4710 grandine
1672 4631 1808 4712 aliisque
1842 4628 2037 4711 corruptelis
2072 4628 2160 4692 ultus

163 4713 300 4778 tumelia
329 4712 436 4776 Deam
471 4711 615 4776 afficiant
646 4710 795 4777 homines
828 4716 933 4794 ipsum
967 4717 1132 4782 tentando.
1184 4718 1281 4783 luerit
1308 4719 1395 4780 Deus
1417 4717 1567 4798 gentium
1590 4728 1728 4796 peccata,
1759 4713 1915 4797 quidquid
1939 4730 2020 4780 tuno
2040 4714 2162 4781 accidit

163 4799 310 4864 Verbum
339 4798 425 4862 enim
449 4810 521 4880 mn
543 4817 607 4880 quo
630 4798 744 4872 utitur,
773 4800 903 4882 proprie
925 4801 1057 4884 signare
1079 4806 1132 4868 vel
1184 4806 1219 4867 in
1252 4803 1412 4884 Aegypto,
1447 4802 1545 4865 fuisse
1578 4801 1891 4878 extraordinarium,
1924 4813 1957 4863 et
1990 4821 2160 4883 nunquam

162 4883 344 4950 describere
361 4884 532 4967 significat.
568 4881 633 4949 Sed
653 4880 753 4958 docet,
777 4885 832 4948 abi
850 4907 907 4967 pro
922 4907 982 4950 sua
997 4886 1132 4955 libidine
1185 4902 1261 4954 ante
1280 4888 1441 4950 auditum:
1461 4886 1533 4950 ideo
1551 4887 1701 4967 pluribus
1716 4886 1824 4951 verbis
1844 4899 1910 4949 tam
1929 4886 2162 4952 memorabiles

163 4970 270 5034 media
298 4970 369 5034 Deo
399 4971 617 5052 praescribere
647 4989 746 5033 ausas
777 4981 826 5035 cst
853 4971 1000 5052 populus,
1031 4973 1132 5041 fuisse
1187 4975 1247 5039 Dei
1273 4972 1433 5036 vindictas
1462 4983 1640 5055 exaggerat
1663 4973 1831 5055 prophete,
1862 4972 1946 5054 quod
1969 4974 2094 5038 misem
2114 4974 2162 5037 in·

163 5057 255 5138 quasi
293 5056 445 5121 cancellis
483 5056 733 5134 circumdatum,
774 5064 806 5118 et
836 5057 1028 5122 immensam
1062 5060 1132 5125 eius
1184 5060 1391 5143 dignationem
1421 5059 1489 5123 irae
1518 5078 1604 5136 suae,
1631 5059 1839 5136 iracundiam,
1867 5058 2018 5139 furorem,
2046 5064 2076 5123 et
2104 5079 2160 5123 an·

163 5142 341 5224 potentiam
375 5142 577 5206 infidelitatis
610 5140 771 5224 angustiis
805 5141 903 5206 fuisse
933 5145 1130 5212 conclusam.
1182 5147 1329 5230 partiam.
1382 5144 1458 5208 Huc
1492 5145 1580 5207 enim
1613 5156 1738 5224 spectat
1773 5146 1946 5208 vorborum
1976 5146 2159 5229 congeries,

164 5227 209 5289 Et
238 5238 326 5290 carte
354 5228 480 5310 quoties
509 5228 542 5291 in
569 5248 628 5292 sua
650 5249 748 5293 sensu
771 5228 919 5292 homines
939 5229 1132 5311 subsistant,
1184 5243 1221 5295 ut
1244 5230 1367 5311 sopitae
1388 5238 1516 5294 mentes
1538 5230 1763 5312 expergefiant
1784 5231 1824 5294 ad
1848 5240 1915 5294 tam
1938 5231 2041 5296 densa
2058 5232 2159 5297 mire·
