4658 5856
183 153 245 216 455
1026 138 1242 207 PSALMUS
1264 139 1373 205 XLV.

183 360 309 424 quoque
332 337 410 403 vitio
440 358 504 401 nou
534 347 647 401 carent
674 332 804 397 luxuria
826 342 859 397 st
880 332 1064 414 superfluae
1094 329 1148 394 de·
1200 339 1288 393 certe
1309 327 1362 395 hio
1385 327 1591 398 uehementis
1617 339 1649 394 et
1671 329 1799 395 acribus
1828 327 1969 393 stimulis
1998 347 2079 411 opus
2108 338 2167 404 est,

183 425 294 491 liciae:
333 425 373 487 ab
403 423 505 487 altera
535 438 645 485 tamen
674 432 766 501 parte
795 417 941 484 cavenda
970 432 1020 482 est
1048 415 1150 480 nimia
1200 413 1256 478 ubi
1286 413 1326 479 de
1355 415 1568 498 abnegatione
1601 437 1713 480 eurum
1748 415 1893 479 omnium
1926 414 2049 497 agitur,
2085 433 2168 496 quae

184 510 366 583 austeritas,
395 530 437 572 ne
467 506 669 571 moderatum
700 502 921 586 splendorem,
951 503 1006 584 qni
1036 521 1149 566 eornm
1200 513 1321 564 natura
1348 499 1402 565 vel
1431 501 1666 565 consuetudine
1697 500 1789 565 nobis
1818 500 1957 582 placent.
2002 499 2169 563 Admonet

184 596 337 680 dignitati
354 593 556 676 respondeat,
576 611 709 675 prorsus
725 589 926 666 damnemus,
945 589 1040 653 sicuti
1052 586 1149 670 paulo
1201 594 1310 651 autem
1339 607 1404 650 non
1433 607 1503 650 esse
1527 608 1586 651 cur
1608 587 1675 651 filia
1695 586 1878 651 Pharaonis
1905 606 2001 670 aegre
2030 597 2168 667 patrem,

184 699 257 765 post
275 681 439 744 inducitur
460 680 571 760 regina
587 687 776 758 sumptuose
793 675 1009 757 etmagnifioe
1026 680 1150 737 ornata.
1201 683 1364 752 cognatos,
1387 681 1550 752 totamque
1574 677 1762 756 Aegyptum
1787 671 1930 736 deserat:
1958 671 2035 752 quia
2055 670 2096 734 ad
2119 690 2169 735 se·

185 769 314 831 interea
338 779 444 828 tamen
476 764 642 828 sciendum
669 775 727 839 est,
756 782 820 825 non
849 761 1021 842 probatum
1050 757 1150 822 fuisse
1202 755 1342 820 dandam
1370 757 1536 822 absentiae
1565 759 1732 822 tristitiam
1756 756 1923 840 praeclara
1948 757 2169 837 compensatio

185 852 258 916 Deo
280 849 436 933 quidquid
460 850 511 911 bic
534 847 685 912 laudatur
707 846 740 910 in
762 845 943 912 Solomone.
983 847 1092 926 Atque
1115 855 1151 905 ut
1201 859 1358 907 occurrat.
1403 845 1598 908 contentam
1628 846 1713 907 enirn
1744 845 1799 906 tali
1829 841 1946 907 marito
1975 863 2044 907 esse
2069 841 2170 917 iubet,

185 938 225 1002 de
247 939 319 1000 aliis
341 950 476 1011 taceam,
507 934 576 998 Deo
604 942 692 997 certe
719 934 829 996 statim
855 930 895 995 ab
916 930 1010 994 initio
1038 927 1149 1011 displi·
1202 939 1239 991 ut
1256 929 1362 1010 patria
1385 926 1523 993 libenter
1545 939 1662 994 careat.
1696 929 1883 992 Redeamus
1906 949 1993 994 nuno
2015 928 2056 992 ad
2073 927 2171 993 Chri·

185 1024 253 1089 cuit
275 1020 469 1104 polygamia.
513 1019 615 1100 Atqui
638 1019 724 1082 inter
747 1016 987 1081 benedictiones
1009 1014 1073 1079 Dei
1095 1034 1150 1096 po·
1201 1026 1298 1092 stum,
1322 1035 1359 1079 aa
1377 1015 1482 1096 primo
1504 1016 1756 1097 meminerimus,
1778 1013 1862 1096 quod
1881 1013 2049 1096 spirituale
2067 1026 2118 1079 est
2137 1014 2171 1077 in

186 1118 310 1173 nentur
338 1105 552 1182 concubinae,
582 1124 686 1186 neque
716 1103 801 1168 enim
832 1100 968 1166 dubium
997 1111 1046 1165 est
1072 1098 1150 1181 quin
1202 1101 1273 1164 eius
1295 1121 1406 1183 regno,
1437 1101 1575 1182 figurate
1605 1101 1698 1164 nobis
1726 1099 1882 1164 describi:
1915 1099 2011 1165 sicuti
2038 1110 2173 1183 propter

185 1214 242 1277 per
265 1190 460 1256 honorabiles
488 1188 646 1271 propheta
675 1188 837 1270 significet
865 1208 984 1252 uxores
1012 1205 1150 1267 quarum
1203 1185 1372 1250 hominum
1395 1185 1574 1250 crassitiem
1597 1186 1699 1251 coacti
1719 1199 1797 1249 sunt
1819 1186 1998 1268 prophetae
2019 1185 2174 1250 similitu·

185 1277 262 1343 alibi
283 1278 322 1340 fit
344 1277 476 1340 mentio.
520 1273 680 1354 Quamvis
702 1278 789 1338 enirn
819 1294 983 1337 summum
1013 1270 1150 1354 gradum
1203 1271 1295 1336 dines
1318 1272 1459 1335 mutuari
1484 1290 1503 1333 a
1526 1272 1621 1335 rebus
1647 1272 1792 1335 terrenis.
1838 1268 1875 1336 Si
1905 1283 2054 1336 tenemus
2084 1271 2174 1336 hanc

185 1373 310 1428 teneret
339 1382 422 1426 uxor
443 1360 617 1444 Aegyptia,
646 1359 727 1424 alias
753 1370 862 1423 tamen
884 1378 964 1441 quas
984 1378 1077 1422 sacra
1099 1355 1148 1419 bi·
1202 1356 1358 1438 loquendi
1381 1357 1541 1420 rationem
1564 1377 1645 1439 quae
1669 1357 1787 1438 passim
1812 1357 1888 1420 trita
1911 1367 1960 1420 est
1980 1356 2016 1420 in
2033 1358 2174 1440 scriptu·

183 1449 283 1514 storia
305 1447 340 1511 in
362 1444 468 1510 medio
490 1446 602 1511 ordine
625 1445 729 1528 ponit,
757 1443 936 1509 liberaliter
959 1453 993 1507 et
1022 1441 1152 1506 bonori-
1203 1443 1258 1517 ris,
1281 1462 1347 1505 non
1367 1442 1558 1506 mirabimur
1579 1439 1664 1523 quod
1687 1440 1843 1523 propheta
1865 1441 1905 1505 de
1926 1443 2055 1524 palatiis
2077 1441 2174 1507 ebur·

183 1535 243 1600 fico
265 1543 420 1598 tractatas
443 1531 542 1596 inisse
564 1542 716 1613 apparet:
738 1550 818 1611 quas
840 1527 912 1593 ideo
934 1529 1019 1593 filias
1038 1548 1150 1609 regum
1204 1527 1284 1604 neis,
1311 1548 1400 1600 auro,
1429 1529 1567 1610 gemmis
1590 1538 1621 1591 et
1643 1529 1843 1593 aromatibus
1865 1528 2040 1609 praedicat,
2070 1528 2173 1613 signi·

185 1629 279 1686 vocat
297 1619 463 1700 propheta,
486 1615 568 1699 quod
589 1639 631 1681 cx
648 1615 713 1681 illis
732 1614 909 1679 nonnullae
927 1618 1016 1696 regio
1033 1632 1153 1697 genere
1202 1615 1280 1679 fient
1294 1614 1381 1677 enim
1396 1611 1483 1677 felici
1498 1611 1656 1677 bonorum
1670 1614 1814 1678 omnium
1830 1613 1999 1679 affluentia
2012 1613 2172 1679 refertum

184 1719 275 1770 ortae
296 1712 415 1768 essent.
460 1701 651 1781 Quomodo
680 1702 781 1784 igitur
806 1700 1024 1784 polygamiam
1054 1718 1150 1780 quam
1204 1701 1281 1763 fore.
1313 1696 1511 1781 Quanquam
1534 1713 1642 1763 autem
1666 1699 1823 1764 donorum
1848 1699 2076 1781 spiritualium,
2100 1700 2174 1782 qui·

183 1792 276 1855 Deus
298 1790 332 1852 in
355 1789 493 1871 privatis
516 1788 675 1864 omnibus,
699 1787 892 1851 nominatim
916 1805 992 1850 vero
1013 1784 1047 1848 in
1071 1783 1153 1865 regi·
1205 1783 1264 1848 bus
1290 1783 1458 1849 eeclesiam
1488 1805 1581 1848 suam
1613 1783 1703 1849 Deus
1732 1784 1925 1867 locupletat,
1955 1785 2111 1867 splendor
2140 1796 2174 1850 at

182 1876 243 1941 bus
266 1873 437 1956 improbat,
466 1873 502 1936 in
522 1871 708 1938 Solomonis
735 1871 886 1936 laudibus
908 1880 1056 1936 recenset
1078 1888 1151 1952 pro·
1203 1870 1347 1953 dignitas
1369 1889 1389 1932 a
1409 1869 1532 1933 mundo
1563 1871 1792 1943 contemnitur,
1823 1890 1933 1935 coram
1960 1871 2032 1936 Deo
2060 1883 2174 1936 umen

184 1958 305 2044 pheta?
339 1959 436 2023 Certe
458 1958 609 2041 colligere
631 1970 819 2040 promptum
842 1966 900 2034 est,
923 1956 999 2020 dum
1025 1953 1152 2037 vulgari
1203 1966 1349 2038 praestat
1378 1955 1528 2020 omnibus
1550 1955 1663 2019 mundi
1687 1954 1826 2020 divitiis:
1856 1958 1916 2020 etsi
1946 1978 2078 2024 necesse
2108 1978 2172 2021 non

185 2067 275 2112 more
297 2044 501 2109 celebrantur
521 2044 608 2128 regis
626 2042 793 2125 opulentia
810 2052 843 2106 et
860 2042 972 2124 gloria,
996 2061 1061 2104 non
1081 2060 1154 2123 pro-
1204 2055 1253 2105 est
1282 2040 1414 2124 singula
1446 2040 1592 2105 membra
1625 2041 1753 2105 curiose
1784 2041 1823 2104 ad
1853 2042 2024 2107 Christum
2057 2045 2174 2125 aptari,

185 2131 254 2195 bari
285 2130 441 2194 abusum:
471 2129 547 2211 quia
575 2129 752 2211 prophetae
781 2127 952 2192 consilium
986 2147 1052 2191 non
1081 2125 1152 2201 fnit,
1204 2126 1300 2208 quale
1328 2136 1379 2191 est
1407 2125 1494 2207 quod
1521 2125 1561 2189 de
1583 2126 1695 2192 multis
1724 2124 1883 2193 uxoribus
1912 2128 2043 2193 dicitur.
2087 2129 2172 2193 Nam

185 2216 369 2297 exemplum
400 2215 542 2279 hominis
574 2216 610 2278 in
639 2225 801 2279 certamen
835 2233 909 2278 cum
941 2211 1005 2276 Dei
1038 2211 1152 2296 regula
1203 2212 1232 2278 si
1262 2212 1370 2293 plures
1398 2214 1567 2295 fingantur
1596 2211 1764 2290 ecclesiae,
1803 2212 1998 2281 lacerabitur
2027 2217 2174 2297 corporis

185 2304 399 2366 committere.
453 2300 533 2364 Fuit
569 2299 697 2381 quidem
737 2299 901 2380 potentia,
942 2296 1083 2380 dignitas
1119 2304 1153 2360 et
1205 2297 1330 2364 Christi
1352 2297 1471 2362 unitas.
1516 2296 1640 2362 Verum
1669 2296 1798 2379 quidem
1821 2311 1880 2374 est,
1909 2299 2007 2364 sicuti
2035 2301 2174 2383 quisque

185 2386 340 2469 splendor
370 2384 555 2451 Solomonis
588 2404 655 2448 non
687 2384 834 2466 vulgaris
863 2383 925 2446 Dei
954 2381 1151 2447 benedictio:
1205 2382 1350 2448 fidelium
1380 2391 1515 2448 vocatur
1545 2383 1702 2463 templum
1733 2384 1810 2461 Dei,
1842 2386 1870 2449 1.
1894 2384 1969 2450 Cor.
1991 2386 2022 2466 3,
2046 2386 2096 2452 17.
2126 2387 2173 2452 ita

187 2472 244 2538 sed
277 2493 374 2554 quant
409 2472 476 2552 ipse
509 2468 561 2554 (ut
588 2470 660 2535 fieri
689 2469 784 2554 solet)
817 2468 929 2532 multis
961 2467 1153 2550 corruptelis
1205 2467 1442 2551 quodammodo
1474 2488 1568 2551 posse
1602 2468 1710 2533 vocari
1729 2468 1869 2533 'Christi
1902 2490 2075 2552 sponsam:
2116 2473 2174 2539 sed

187 2558 325 2638 vitiavit,
355 2556 432 2620 dum
459 2555 519 2619 sibi
543 2574 609 2619 non
631 2559 710 2620 satis
733 2563 902 2637 temperat,
930 2553 988 2617 sed
1012 2552 1153 2637 largiore
1205 2555 1335 2637 proprie
1357 2554 1518 2636 loquendo
1534 2554 1693 2619 unicaest
1707 2574 1836 2637 sponsa,
1859 2575 1942 2638 qnae
1960 2579 2001 2623 ex
2017 2559 2174 2624 universo

186 2642 279 2724 copia
301 2642 342 2705 ad
361 2643 469 2706 carnis
486 2660 564 2706 suae
582 2640 747 2706 licentiam
770 2640 923 2704 abutitur.
958 2639 998 2701 In
1015 2658 1152 2717 summa,
1205 2640 1331 2723 piorum
1358 2649 1451 2705 coetu
1474 2639 1646 2723 colligitur.
1690 2637 1821 2706 Dicitur
1848 2651 1958 2707 autem
1988 2643 2104 2710 sedere
2132 2644 2173 2710 ad

186 2747 283 2813 qnam
305 2726 484 2791 liberaliter
504 2726 595 2790 Deus
618 2746 728 2791 rernm
750 2727 898 2789 omnium
920 2724 1153 2789 abundantiam
1205 2725 1291 2792 latus
1312 2725 1408 2810 regis,
1439 2746 1505 2789 non
1533 2723 1619 2807 quod
1647 2724 1811 2807 peculiare
1839 2727 1968 2809 aliquod
1998 2730 2173 2814 imperinm

185 2816 220 2878 in
243 2811 452 2878 Salomonem
475 2810 634 2886 effuderit,
657 2811 710 2877 hio
728 2820 890 2877 narratur.
924 2808 1020 2889 Quod
1043 2819 1154 2875 autem
1205 2819 1366 2889 exerceat,
1395 2809 1452 2876 sed
1480 2812 1632 2895 quoniam
1662 2811 1698 2875 in
1727 2831 1767 2876 ea
1795 2810 1982 2879 dominatur
2010 2815 2174 2890 Christus,

187 2898 249 2964 sibi
288 2898 493 2964 coacervavit
538 2897 657 2961 multas
702 2917 842 2975 uxores,
891 2917 949 2961 noc
992 2895 1154 2980 frugalem
1227 2917 1268 2962 uo
1283 2917 1379 2961 sensu
1396 2912 1532 2962 vocatur
1547 2905 1657 2962 nostra
1671 2897 1818 2963 omnium
1834 2899 2173 2981 maurannetus.

186 2983 318 3050 modum
348 2985 383 3047 in
408 2982 581 3066 splendore
610 2983 773 3061 adhibuit,
804 2984 863 3049 hoc
886 2993 935 3048 est
958 2982 1048 3063 quasi
1070 2981 1154 3047 aoei-
1205 2919 1361 3049 ilentinet
1385 2992 1494 3047 autem
1516 2982 1568 3047 hie
1589 2982 1678 3048 loeus
1700 2984 1827 3068 insigne
1849 2985 2038 3051 vaticinium
2061 2985 2103 3052 de
2125 2989 2174 3053 lu·

139 3124 142 3129 .
186 3069 326 3135 dentale.
1207 3082 1281 3134 tura
1309 3068 1458 3152 gentium
1488 3069 1672 3133 vocatione:
1702 3090 1766 3151 qua
1795 3068 1916 3135 iactum
1946 3082 1997 3137 est
2024 3081 2062 3137 ut
2087 3073 2175 3141 filius

275 3154 324 3218 11.
353 3153 455 3238 (aaut
481 3153 576 3239 lilia.)
620 3153 672 3217 De
696 3173 796 3218 uxore
825 3155 1027 3237 aegyptiaca,
1057 3174 1154 3236 quam
1207 3155 1271 3221 Dei
1300 3154 1493 3220 affinitatem
1524 3175 1597 3220 oum
1628 3153 1742 3220 alienis
1769 3163 1802 3220 et
1824 3155 1970 3222 hostibus
1998 3159 2067 3223 suis
2097 3179 2175 3224 con·

187 3260 292 3322 nuper
312 3239 396 3304 dixit
413 3252 500 3304 stare
517 3239 558 3304 ad
578 3239 729 3303 dextrum
747 3239 834 3304 latus
853 3241 949 3322 regis,
972 3260 1155 3305 sermonem
1207 3240 1354 3306 traxerit.
1399 3240 1482 3305 Erat
1510 3240 1597 3304 enim
1625 3235 1716 3304 inter¹
1734 3239 1843 3305 Deum
1872 3251 1906 3306 et
1933 3263 2047 3310 omnes
2076 3245 2175 3312 incir-

189 3325 301 3392 baberi
332 3344 398 3388 non
426 3325 549 3391 dubito.
602 3324 677 3389 Etsi
711 3335 821 3389 autem
844 3323 1011 3390 Solomoni
1041 3323 1155 3391 alieni·
1207 3327 1365 3392 cumoisos
1404 3325 1542 3408 populos
1580 3325 1698 3390 hostile
1736 3325 1926 3392 dissidium:
1966 3337 2001 3393 et
2034 3332 2176 3396 maceria

188 3432 306 3496 genam
332 3408 450 3475 ducere
479 3430 616 3474 uxorem
638 3410 687 3474 fas
710 3409 869 3487 nonfuit,
900 3411 1015 3474 merito
1044 3419 1154 3475 tamen
1206 3411 1415 3494 interposita,
1448 3431 1532 3494 quae
1561 3410 1635 3475 illos
1664 3411 1704 3477 ab
1738 3411 1841 3477 electo
1869 3411 2022 3479 Abrabae
2054 3437 2176 3499 genero

188 3500 250 3564 hoc
272 3516 400 3579 quoqne
422 3504 614 3560 numeratur
634 3495 719 3560 inter
739 3495 803 3561 Dei
820 3496 916 3570 dona.
938 3495 1025 3579 quod
1042 3515 1062 3559 a
1078 3518 1155 3580 rege
1207 3497 1421 3563 discerneret:
1451 3496 1527 3579 quia
1551 3495 1665 3560 foedus
1687 3497 1773 3578 quod
1795 3518 1870 3563 eum
1893 3499 2061 3566 Abraham
2084 3504 2175 3586 pepi·

188 3583 412 3667 potentissimo
444 3581 589 3664 quaesita
621 3581 718 3646 fuerit
750 3580 838 3646 illius
872 3581 1025 3645 affinitas.
1083 3581 1155 3646 Iam
1229 3592 1300 3648 erat
1328 3581 1437 3657 Deus,
1470 3591 1587 3664 gentes
1619 3602 1638 3645 a
1668 3603 1769 3666 regno
1803 3583 1967 3650 coelorum
2002 3608 2105 3669 usque
2135 3589 2176 3652 ad

189 3690 264 3735 vero
286 3667 362 3751 quia
380 3689 422 3732 ax
440 3666 521 3751 legis
539 3668 737 3750 praescripto
759 3666 897 3732 Iudaeos
917 3666 1060 3750 oportuit
1078 3666 1155 3733 dare
1206 3604 1332 3736 {bristi
1349 3665 1585 3732 exhibitionem
1603 3665 1743 3733 arcebat.
1777 3668 1879 3736 Sacro
1897 3672 2007 3753 itaque
2024 3675 2177 3757 coniugio

188 3773 327 3837 operam,
360 3763 396 3817 ut
424 3774 542 3817 uxores
571 3762 646 3818 ante
674 3773 884 3837 congressum
913 3753 1156 3819 assuefacerent
1206 3752 1365 3820 mundum
1388 3751 1622 3836 dignatusest,
1645 3757 2177 3826 nonseensacsiolimlndneus

189 3839 228 3904 ad
251 3858 371 3922 purum
395 3838 518 3903 uultum
536 3837 610 3918 Dei,
632 3851 664 3904 et
681 3838 964 3922 superstitionibus
987 3849 1154 3918 exuerent,
1206 3861 1340 3906 uxorem
1359 3860 1377 3902 e
1395 3847 1493 3921 gente
1512 3847 1624 3903 extera
1643 3850 1675 3903 et
1692 3840 1830 3923 profana
1846 3843 2047 3925 sumpsisset
2073 3845 2176 3911 Porro

186 3923 329 4008 puellam
353 3943 396 3987 ex
418 3925 556 4005 profana
576 3934 674 4008 gente
697 3934 817 4007 naum,
846 3946 929 4006 quae
952 3945 1154 4006 pernoram
1207 3941 1243 3992 ut
1269 3935 1392 3992 castam
1421 3934 1455 3987 et
1481 3923 1643 4007 integram
1673 3946 1825 4007 sponsam
1856 3928 2014 4010 propheta
2042 3929 2174 3996 Christo

187 4006 375 4091 coniugium
404 4006 503 4072 insita
524 4023 595 4073 orat
615 4010 823 4076 in‘ecclesiae
845 4030 974 4092 eorpus,
997 4010 1155 4093 propheta
1206 4014 1311 4088 sistat,
1340 4009 1492 4075 bortatur
1519 4009 1687 4075 ecclesiam
1710 4031 1751 4074 ex
1773 4013 1925 4095 gentibus
1947 4011 2116 4091 adscitam,
2139 4031 2176 4081 ut

187 4113 331 4178 aprava
352 4091 542 4157 educatione
564 4115 733 4175 revocans,
756 4096 843 4161 iubet
865 4093 1012 4176 deposita
1032 4117 1154 4162 memo·
1205 4096 1325 4180 prioris
1346 4095 1435 4161 vitae
1456 4093 1565 4173 oblita,
1588 4097 1719 4177 penitus
1740 4116 1776 4160 se
1793 4101 1911 4162 marito
1930 4099 2098 4166 devoveat.
2132 4102 2174 4165 Et

187 4183 237 4247 ria
259 4177 381 4263 patriae
403 4191 436 4241 et
457 4191 610 4259 paternae
632 4180 756 4258 domus,
786 4179 923 4244 induere
952 4180 1040 4244 aliud
1063 4183 1154 4265 inge·
1206 4183 1283 4268 quia
1304 4181 1443 4246 mutatio
1465 4181 1630 4263 haecque
1652 4182 1927 4265 transfigurantur
1944 4185 1977 4249 in
1998 4206 2100 4251 novos
2119 4186 2173 4250 ho·

187 4268 278 4333 nium
301 4273 334 4330 at
356 4262 437 4327 alios
459 4283 574 4328 mores.
617 4265 745 4346 Alioqui
768 4267 856 4330 enim
878 4265 1060 4348 periculum
1083 4277 1155 4332 erat
1206 4269 1321 4347 mines,
1351 4267 1407 4350 qui
1437 4287 1480 4331 ex
1506 4265 1583 4331 filiis
1610 4265 1699 4332 Adae
1728 4267 1788 4331 filii
1812 4268 1875 4332 Dei
1905 4291 1976 4334 esse
2004 4272 2172 4354 incipiunt,

187 4375 251 4418 non
274 4348 370 4415 modo
394 4370 433 4414 ne
455 4349 608 4430 privatim
632 4350 756 4414 foveret
777 4351 912 4415 vitiosos
934 4351 1053 4432 cultus,
1082 4353 1154 4434 qni·
1206 4353 1348 4421 difficilis
1365 4362 1426 4433 est,
1443 4371 1515 4416 eam
1533 4352 1760 4418 vehementius
1778 4365 1873 4438 urget
1890 4355 2057 4438 propheta.
2089 4357 2171 4422 Nam

187 4440 247 4503 bus
278 4447 475 4511 assueverat,
505 4433 683 4499 sedetiam
705 4456 747 4501 ne
767 4435 894 4518 publice
923 4458 981 4502 suo
1004 4436 1154 4521 exemplo
1206 4440 1267 4504 bac
1289 4439 1464 4505 verborum
1486 4437 1645 4521 congerie,
1672 4438 1769 4515 Audi,
1792 4440 1876 4519 vide,
1905 4441 2028 4506 inclina
2049 4464 2171 4520 aurem,

188 4525 307 4588 multos
331 4525 361 4585 in
382 4521 567 4585 societatem
588 4521 734 4587 oriminis
752 4520 910 4586 traheret:
933 4522 1020 4605 quod
1041 4534 1156 4605 postea
1206 4526 1368 4610 signifieat
1389 4522 1500 4588 fideles
1523 4544 1588 4587 non
1609 4524 1682 4588 sine
1701 4524 1803 4589 arduo
1822 4537 1855 4589 et
1872 4525 2031 4592 laborioso
2053 4541 2170 4593 conatu

187 4610 340 4690 contigit:
374 4607 453 4670 baec
478 4605 542 4670 init
571 4605 808 4673 exhortationis
837 4609 931 4683 ratio,
959 4609 994 4673 in
1017 4628 1089 4691 qna,
1119 4618 1156 4674 ut
1206 4632 1242 4676 se
1259 4612 1348 4693 ipsos
1365 4629 1441 4674 cnm
1459 4609 1597 4690 pristina
1617 4607 1807 4676 educatione
1830 4632 1965 4677 exuere:
1987 4613 2066 4695 quia
2088 4615 2169 4697 apud

187 4700 394 4759 autoritatem
418 4692 478 4757 sibi
498 4691 656 4770 conciliet,
676 4691 763 4773 filiae
783 4693 915 4758 nomine
934 4692 1046 4772 utitur,
1070 4693 1154 4776 quod
1205 4715 1381 4779 propensos
1404 4702 1438 4759 et
1460 4695 1659 4759 voluntarios
1686 4716 1887 4779 supervacua
1909 4709 1995 4763 esset
2017 4700 2094 4764 talis
2116 4721 2168 4765 ex·

187 4782 219 4844 in
235 4800 373 4863 persona
391 4777 561 4843 cuiuslibet
577 4779 697 4862 privati
711 4779 853 4844 hominis
868 4780 981 4843 fuisset
996 4781 1154 4862 ineptum.
1206 4781 1355 4847 hortatio.
1385 4780 1430 4845 Et
1446 4787 1534 4845 certe
1552 4782 1754 4863 experientia
1776 4781 1917 4847 ostendit
1939 4805 2036 4865 quam
2056 4806 2170 4870 segnes

187 4867 256 4929 lam
280 4887 342 4946 quo
366 4864 481 4928 melius
504 4876 613 4945 pateat
635 4864 748 4947 quanti
777 4863 907 4928 intersit
929 4885 1048 4930 novam
1071 4887 1154 4950 nup·
1206 4888 1244 4932 ao
1266 4866 1353 4930 tardi
1373 4867 1477 4932 simus
1499 4865 1539 4930 ad
1561 4866 1760 4948 sequendum
1779 4867 1894 4934 Deum.
1930 4869 2040 4936 Verbo
2063 4883 2169 4936 autem

187 4964 252 5031 tam
283 4970 416 5033 prorsus
445 4952 605 5024 renovari,
637 4950 849 5015 attentionem
876 4948 1025 5031 pluribus
1048 4951 1155 5016 verbis
1206 4951 1333 5017 oidotdi
1360 4952 1477 5017 merito
1505 4952 1737 5034 perstringitur
1766 4964 1878 5019 nostra
1907 4956 2068 5034 socordia,
2097 4959 2170 5041 quia

186 5034 298 5115 exigit,
320 5033 421 5115 Anti,
442 5035 612 5114 musidae,
634 5035 796 5102 etiadiao
816 5054 924 5100 aurem
940 5040 1036 5100 tuom
1069 5035 1153 5100 Nam
1206 5036 1283 5102 inde
1301 5048 1369 5103 tam
1386 5057 1501 5104 caecus
1518 5038 1623 5104 nostri
1641 5057 1741 5115 amor,
1759 5039 1839 5104 falsa
1854 5041 1962 5123 opinio
1978 5042 2170 5124 prudentiae
