4658 5856
196 385 261 452 aes
1008 325 1225 447 ramnus
1250 381 1386 447 xxxr.
1897 478 1899 482 Α
2134 379 2200 446 300

283 574 332 638 12.
359 571 546 637 Gencertisti
568 571 684 636 lactum
704 588 806 634 meum
827 568 862 632 ia
884 568 1063 649 tripudium
1079 568 1169 649 mibi,
1222 569 1356 635 Psalmo
1386 570 1438 641 16.
1466 571 1496 635 9.
1541 571 1644 635 Ροιιο
1673 591 1775 653 quum
1807 569 1918 635 David
1946 590 2026 633 mcx
2057 567 2198 649 adiiciat,

196 660 318 726 solvisti
339 677 464 724 emerem
485 677 594 735 meam,
615 660 642 719 et
662 654 790 720 cinxisti
806 673 854 719 mc
870 653 1002 719 laetitia.
1049 654 1100 719 13.
1129 653 1171 720 Ut
1216 660 1366 736 perpetuo
1395 653 1549 720 celebrabo
1577 660 1614 739 tc,
1650 661 1826 722 contextus
1858 656 1962 739 exigit
1991 663 2028 719 ut
2054 654 2199 737 peculia·

192 746 315 828 psallat
336 745 393 808 tibi
424 743 539 826 cloria,
571 747 600 807 ct
625 760 686 806 cort
706 740 814 806 sileat:
846 738 960 804 Iebcca
991 739 1083 806 Deus
1113 741 1169 823 mi,
1222 741 1304 805 riter
1325 740 1470 804 officium
1492 763 1588 805 suum
1613 742 1665 807 hic
1687 750 1928 807 commemoret.
1973 738 2197 825 Sensus-ergo

195 836 340 915 perpetuo
361 828 572 894 celebratote.
1222 835 1281 903 est,
1311 826 1465 905 Domine,
1494 827 1573 908 quia
1602 849 1655 892 me
1684 827 1757 892 ideo
1789 834 1957 892 servatum
1986 844 2127 909 agnosco
2159 835 2199 890 nt

1221 909 1336 976 landes
1358 920 1435 976 tnae
1457 912 1492 976 in
1514 912 1628 996 lingua
1650 934 1723 991 mea
1745 921 1907 989 resonent,
1930 912 2017 977 hanc
2039 912 2097 976 tibi
2119 932 2197 994 ope·

283 1001 333 1065 12.
374 996 594 1084 (Ooncmisti.)
656 997 848 1063 Gratiarum
887 997 1015 1077 actione
1055 1016 1075 1058 a
1106 1015 1170 1076 qna
1222 1017 1293 1061 ram
1315 996 1456 1062 fideliter
1484 999 1666 1079 praestabo,
1700 1007 1734 1062 et
1760 997 1906 1079 partibus
1935 997 2017 1062 meis
2045 996 2087 1061 ad
2110 1018 2198 1062 mor·

198 1107 335 1154 exorsus
356 1085 472 1157 fuerat,
496 1083 666 1148 Psalmum
687 1082 819 1148 clandit
864 1083 950 1147 Nam
973 1080 1057 1165 quod
1080 1081 1168 1146 inco·
1222 1090 1288 1146 tem
1317 1103 1425 1164 usqne
1454 1082 1624 1167 defungar.
1674 1083 1815 1149 Psallerc
1843 1089 1871 1149 ct
1899 1102 1962 1149 sors
1989 1082 2081 1148 silere
2107 1082 2198 1166 apud

198 1174 297 1239 lumis
317 1170 432 1247 evasit,
452 1169 517 1233 Dei
537 1189 620 1250 opus
637 1179 671 1233 et
688 1169 882 1235 beneficium
899 1189 970 1234 esse
986 1168 1169 1248 confirmat,
1221 1167 1389 1234 Hebraeos
1412 1169 1599 1252 amplificat,
1622 1189 1660 1234 ac
1681 1170 1710 1234 si
1732 1168 1855 1234 dictum
1879 1177 1980 1234 esset:
2011 1168 2063 1233 Ne
2083 1169 2198 1254 lingua

199 1257 318 1325 deinde
339 1276 468 1322 cansam
495 1254 626 1319 finalem
648 1254 809 1339 adiungit,
838 1262 876 1318 nt
898 1252 984 1336 qnod
1007 1252 1169 1335 reliquum
1222 1274 1296 1317 mea
1317 1261 1410 1319 muta
1432 1254 1485 1331 sit,
1515 1255 1566 1320 vel
1589 1254 1700 1320 debita
1720 1253 1817 1319 laude
1838 1254 1970 1320 fraudet
1990 1252 2109 1332 Deum,
2139 1255 2197 1321 sed

200 1356 250 1410 est
285 1342 384 1422 vitae,
433 1340 474 1403 ad
518 1339 681 1406 canendas
727 1340 793 1404 Dei
839 1339 951 1405 landes
990 1336 1168 1421 impendat.
1221 1339 1329 1421 potins
1351 1360 1387 1405 se
1408 1339 1445 1403 in
1467 1340 1538 1405 eins
1558 1340 1698 1424 gloriam
1720 1351 1897 1407 consecret.

200 1431 304 1496 Porro
331 1427 428 1493 sicuti
456 1426 578 1491 fatetur
605 1425 716 1492 David
743 1448 778 1491 se
806 1425 842 1489 in
864 1425 959 1492 malis
982 1447 1047 1490 non
1069 1423 1169 1488 fuisse

201 1512 370 1596 stupidum
398 1510 455 1577 vel
481 1511 625 1577 ferreum
654 1511 732 1593 quin
762 1512 864 1577 tristis
894 1520 927 1575 et
954 1520 1098 1576 moestus
1119 1507 1169 1572 lu·

202 1608 303 1683 geret,
326 1599 374 1663 ita
395 1598 546 1676 ostendit,
568 1597 660 1662 luctu
682 1598 752 1679 ipso
769 1597 809 1661 ad
828 1596 1068 1679 deprecandam
1084 1596 1169 1659 iram

199 1684 263 1752 Dei
282 1705 317 1751 ee
334 1684 437 1749 inisse
453 1683 637 1749 deductum.
670 1682 855 1765 Utrumque
873 1684 1015 1746 maxime
1033 1681 1169 1764 dignum
1525 1712 1731 1782 Psfflffls
1751 1713 1889 1780 ml·

199 1780 249 1836 est
281 1770 467 1849 observatu,
509 1790 550 1835 ne
587 1769 720 1834 stoicam
754 1767 906 1834 duritiem
939 1765 1117 1852 fingamus*
1133 1765 1169 1829 in
2079 1837 2084 1844 ¹

200 1857 332 1958 ⁸²¹Jssll⁸r
361 1875 453 1953 (luae,
472 1875 603 1920 ⁰m⁰⁰m
630 1853 750 1920 d⁰l⁰ri⁸
778 1853 980 1954 ⁸⁰¹²,3um‚⁰i⁸
1002 1852 1171 1952 adeqmil’
1223 1887 1308 1941 ABG.
1325 1887 1414 1939 David
1432 1902 1466 1939 ex
1483 1901 1588 1938 snmmc
1610 1885 1702 1952 aliqnc
1719 1885 1886 1953 discrimine,
1911 1885 1955 1938 vel
1973 1886 2056 1938 stiam
2074 1886 2200 1955 pluribus

200 1942 326 2019 deinde,
349 1952 386 2006 nt
408 1960 559 2024 sciamus,
582 1938 724 2023 lugendo
745 1949 979 2022 poenitentum
1000 1938 1171 2003 meditatae
1327 1957 1468 2019 literatus,
1489 1954 1607 2022 primum
1625 1969 1693 2022 quas
1709 1969 1805 2022 preces
1826 1955 1991 2022 acceperit,
2015 1955 2130 2008 obieeta
2147 1955 2201 2009 sibi

201 2049 281 2103 esse,
303 2027 367 2093 hoc
388 2027 551 2109 posterius
571 2026 655 2091 sacci
677 2027 807 2091 nomine
826 2025 984 2108 designat.
1028 2023 1172 2090 Solenne
1327 2021 1605 2090 aeruscatoribus,
1632 2021 1738 2076 recitat.
1779 2021 1884 2076 Deinde
1902 2022 2027 2091 adiunge
2048 2023 2202 2093 gratiarum

201 2114 291 2179 enim
313 2113 375 2176 fnit
401 2112 505 2177 veteri
534 2111 656 2195 populo
687 2131 819 2178 saecum
845 2111 881 2175 in
909 2110 999 2175 luctu
1026 2106 1172 2187 inducre,
1327 2094 1612 2215 ffiffieffigg
1635 2092 1866 2226 ssgssbiguffiffis
1893 2092 2201 2230 (11)ξὲᾳέῗὲῩὲ

204 2211 238 2265 et
259 2197 390 2297 quidem
412 2219 477 2296 non
500 2197 570 2297 alia·
585 2196 625 2262 de
646 2217 752 2298 cansa,
775 2197 839 2262 nisi
863 2206 1052 2295 ntureortum
1070 2212 1172 2272 more,
1327 2231 1397 2284 bone
1414 2229 1578 2299 sperandum
1595 2227 1730 2291 hortatur,
1749 2229 1813 2298 quia
1830 2234 1887 2281 ,m
1904 2230 2071 2297 mbram
2089 2229 2119 2283 in
2131 2236 2201 2283 m,

201 2284 392 2368 suppliciter
420 2303 456 2347 ιιι
484 2282 614 2348 sordido
643 2282 756 2347 habitu
778 2281 820 2347 ad
842 2302 973 2347 veniam
994 2289 1172 2363 impetran·
1327 2298 1502 2354 memorabile
1519 2296 1648 2351 boantis
1665 2297 1716 2352 Dei
1734 2298 1889 2365 exemplum
1909 2298 2025 2352 nunant

202 2369 277 2436 dam
311 2388 420 2435 eoram
454 2369 584 2435 coelesti
616 2366 723 2433 indice
756 2367 910 2449 prodiret,
944 2375 1042 2449 atque
1074 2366 1171 2430 etiam

202 2458 323 2522 scimus
344 2454 520 2520 orientales
542 2454 678 2536 populos
699 2474 777 2536 prae
799 2453 872 2520 eliis
893 2452 935 2517 ad
953 2452 1173 2519 caeremonias
1231 2513 1234 2521 ,
1313 2451 1476 2534 Praefecto
1504 2452 1658 2516 meeum
1689 2450 1839 2517 Daeidm
1892 2453 1921 2516 1.
1955 2453 1998 2516 In
2024 2457 2053 2517 tc
2082 2451 2201 2517 chcea

203 2543 304 2606 fnisse
325 2540 495 2623 proclives.
539 2539 612 2605 Iam
634 2548 793 2618 tenemus,
822 2537 994 2615 Davidem,
1022 2536 1173 2620 quamvis
1225 2539 1359 2620 speram,
1392 2558 1431 2603 ne
1458 2537 1620 2618 pcdebm
1651 2538 1686 2601 ia
1718 2542 1887 2619 menam,
1919 2539 1956 2602 in
1986 2538 2114 2602 iustitia
2144 2542 2202 2602 teta

203 2627 366 2709 patienter
387 2645 423 2690 se
450 2625 523 2690 Dec
552 2625 735 2703 subiicerst,
765 2646 832 2689 non
861 2624 961 2690 luisse
983 2624 1094 2690 delore
1116 2643 1173 2687 va·
1226 2624 1326 2689 libera
1356 2643 1412 2688 me.
1463 2624 1494 2688 2.
1517 2622 1643 2687 Inclita
1671 2623 1715 2687 ad
1735 2643 1784 2695 me
1803 2645 1914 2689 aurem
1933 2628 2030 2704 mm,
2062 2623 2202 2689 celeriter

204 2733 312 2778 cuum.
364 2710 431 2776 Sed
461 2711 611 2776 videmus
639 2710 747 2787 simul,
782 2709 950 2774 tristitiam
979 2711 1048 2776 eius
1074 2709 1175 2774 fnisse
1226 2711 1313 2790 eripe
1333 2729 1398 2773 mc.-
1425 2710 1473 2774 sis
1493 2707 1574 2773 eniti
1594 2709 1629 2772 ia
1650 2728 1761 2788 rupem
1780 2708 1988 2789 foritudinis,
2016 2710 2053 2774 is
2073 2710 2202 2775 domam

204 2796 382 2864 secundum
415 2797 533 2873 Denm,
570 2796 666 2860 aienti
695 2795 820 2860 Paulus
852 2797 882 2862 2.
906 2794 981 2861 (lor.
1004 2796 1034 2876 l,
1064 2795 1174 2860 1010-
1226 2795 1436 2860 manitionem
1456 2795 1499 2858 ad
1518 2793 1707 2859 servandum
1726 2815 1784 2860 me.
1827 2795 1857 2860 3.
1884 2796 1968 2878 Quia
1988 2815 2050 2859 ars
2071 2816 2151 2874 mea,
2174 2800 2203 2859 et

204 2884 332 2966 quitur:
363 2880 440 2963 qnia
468 2881 637 2946 testandae
665 2881 885 2964 poenitentiae
913 2901 1011 2946 eausa
1041 2879 1082 2944 ad
1104 2900 1174 2945 sac·
1223 2880 1492 2964 propapsacclam
1523 2899 1625 2943 meum
1657 2883 1708 2943 ta:
1753 2885 1781 2944 et
1806 2887 1937 2962 propte
1968 2900 2079 2946 comere
2110 2886 2203 2946 taam

204 2989 280 3033 enm
302 2988 338 3033 se
359 2967 507 3033 contulit.
533 2966 684 3048 Tripadii
704 2988 782 3034 voce
803 2988 871 3032 non
892 2966 1089 3050 intelligitur
1111 2964 1175 3030 las·
1227 2968 1344 3050 dames
1365 2987 1421 3044 aie,
1443 2970 1471 3031 et
1491 2965 1622 3030 deduces
1643 2963 1740 3050 med)
1781 2966 1812 3030 4.
1836 2967 1925 3033 Erue
1945 2987 1993 3032 cre
2008 2986 2025 3031 e
2041 2968 2102 3032 reti
2118 2966 2203 3050 qaod

205 3055 280 3120 cive
311 3052 446 3136 quaevis
466 3051 533 3118 ¹vel
564 3053 699 3136 profana
730 3052 870 3131 adlatis,
911 3051 968 3118 sed
999 3051 1111 3136 gravis
1144 3058 1177 3115 et
1228 3052 1453 3119 abscondam
1472 3051 1561 3130 mili,
1584 3051 1661 3133 qaia
1681 3056 1716 3115 ta
1734 3051 1885 3133 tortitudo
1908 3072 1987 3118 mea.

205 3146 319 3205 sancta
345 3138 504 3222 professio
532 3137 684 3215 laetitiae,
715 3137 845 3222 qualem
873 3138 989 3203 recitat
1011 3158 1105 3204 sacra
1125 3136 1177 3201 hi·

205 3226 316 3308 storia,
346 3245 448 3307 qunm
470 3223 579 3289 David
601 3244 710 3289 arcam
732 3225 870 3290 foederis
891 3224 928 3288 in
949 3224 1056 3291 locum
1079 3243 1176 3288 sunm
1317 3224 1346 3287 1.
1368 3221 1426 3309 (Ia
1447 3227 1474 3288 te
1494 3220 1655 3307 Dcrnirte.)
1698 3221 1793 3304 Quod
1815 3231 1935 3307 putant
1956 3222 2089 3306 quidam
2113 3246 2200 3290 com·

206 3313 356 3389 deferret,
386 3311 417 3374 2.
449 3308 592 3391 Samii,
623 3310 673 3374 16.
729 3310 903 3376 Caeterum
926 3308 1104 3377 si·dandns
1125 3315 1176 3373 est
1229 3308 1373 3392 positum
1390 3309 1490 3374 fnisse
1511 3309 1680 3374 Psalmnm
1697 3317 1869 3393 postquam
1881 3309 1991 3375 David
2009 3331 2051 3376 ex
2069 3310 2202 3376 deserto

205 3397 402 3463 coniecturis
424 3395 525 3472 locus,
559 3396 637 3462 hinc
665 3397 765 3462 etiam
794 3397 947 3480 colligere
968 3396 1054 3473 licet,
1084 3416 1176 3478 mag·
1228 3395 1329 3460 Maon
1358 3403 1488 3477 praeter
1515 3415 1606 3477 spem
1635 3395 1808 3462 incolumis
1836 3404 1994 3474 evaserat,
2022 3395 2103 3461 mihi
2132 3417 2201 3462 non

206 3504 284 3547 nnm
309 3481 369 3546 hoc
392 3480 577 3558 discrimen,
600 3481 640 3546 de
663 3503 726 3564 qno
748 3481 901 3563 loquutus
923 3490 972 3545 est
994 3480 1111 3557 David,
1134 3479 1176 3545 ad
1229 3479 1394 3563 displicet:
1412 3481 1562 3562 quamvis
1579 3480 1677 3546 dubia
1694 3488 1823 3547 tantum
1840 3483 1883 3548 sit
1899 3482 2092 3562 coniectura,
2109 3489 2201 3547 certe

207 3569 355 3631 morbum
378 3565 521 3646 aliquem
553 3586 723 3648 perperam
756 3565 921 3648 restringi,
958 3567 1175 3649 nequeenim
1229 3567 1281 3632 vel
1310 3567 1490 3631 maximum
1523 3565 1651 3648 aliquod
1681 3589 1700 3630 e
1728 3568 1796 3633 suis
1825 3566 1989 3650 periculis,
2022 3568 2075 3633 vel
2104 3567 2203 3650 plura

207 3652 384 3718 verisimile
406 3663 465 3727 est,
488 3669 618 3716 saecum
639 3650 795 3728 induisse,
829 3672 928 3733 quum
951 3651 1035 3716 lecto
1057 3653 1176 3716 affixus
1229 3652 1328 3716 etiam
1356 3660 1597 3716 commemorat.
1641 3651 1743 3717 Initio
1773 3664 1882 3719 antem
1911 3675 1977 3737 qua
2004 3654 2203 3736 precationis

206 3743 335 3805 iaceret.
380 3737 454 3801 Non
477 3746 560 3801 esset
588 3734 720 3819 quidem
742 3758 800 3821 per
821 3758 856 3801 se
877 3736 958 3802 haee
980 3736 1059 3802 satis
1081 3738 1177 3802 firma
1230 3737 1333 3802 forma
1351 3737 1387 3801 in
1410 3758 1470 3803 suo
1491 3738 1639 3804 cruciatu
1662 3750 1694 3803 et
1716 3738 1881 3804 anxietate
1903 3759 1982 3805 nens
2003 3740 2057 3818 sit,
2083 3740 2201 3805 refert:

207 3825 300 3900 ratio,
323 3821 380 3887 sed
403 3837 512 3887 tamen
546 3824 580 3886 in
613 3845 649 3886 re
681 3822 778 3889 dnbia
810 3822 955 3905 pondere
989 3842 1056 3887 non
1078 3830 1175 3888 caret.
1228 3823 1264 3886 in
1296 3822 1413 3905 quibus
1453 3822 1564 3888 verbis
1604 3825 1686 3888 mire
1725 3824 1879 3891 ardentes
1918 3826 2054 3891 affectus
2087 3825 2199 3907 spirat

208 3909 381 3991 Significat
406 3910 508 3992 igitur
536 3907 654 3986 David,
686 3929 720 3975 sc
748 3909 895 3992 deposita
923 3907 1053 3992 lugubri
1075 3918 1175 3984 veste,
1228 3908 1385 3975 Fiduciae
1431 3917 1662 3992 argumentum
1701 3911 1812 3988 sumit,
1864 3912 1941 3994 qnia
1981 3912 2126 3993 speravit
2164 3910 2201 3974 in

207 4016 227 4058 a
244 3995 393 4076 squalore
411 4003 443 4057 et
460 3993 611 4059 sordibus
629 3992 670 4059 ad
688 3994 845 4059 laetitiam
868 3995 968 4060 fuisse
989 4015 1174 4060 reversum:
1229 3993 1381 4074 Domino,
1402 3993 1454 4060 vel
1472 3995 1571 4057 etiam
1594 3993 1744 4075 confidat,
1768 3998 1907 4062 verbnm
1925 3997 2014 4061 enim
2032 3996 2202 4080 praeteriti

208 4079 305 4161 idque
338 4080 435 4144 unius
468 4080 531 4144 Dei
572 4081 695 4161 gratiae
730 4079 926 4158 adscribens,
968 4080 1175 4146 liberatorem
1229 4080 1387 4163 temporis
1404 4078 1534 4144 videtur
1551 4081 1746 4144 continuum
1765 4094 1875 4148 actum
1893 4094 2017 4149 notare.
2053 4081 2203 4149 Tenebat

207 4186 304 4230 snum
325 4164 425 4229 tuisse
447 4174 594 4230 testatur.
814 4222 827 4241 ,
1229 4167 1317 4230 enim
1340 4166 1536 4248 principium
1559 4162 1649 4242 illud,
1673 4167 1742 4230 fieri
1766 4187 1832 4232 non
1854 4190 1950 4252 posse
1968 4180 2006 4233 nt
2022 4188 2098 4251 spes
2115 4189 2202 4251 qnae

295 4250 344 4315 13.
368 4249 428 4333 (Ut
455 4251 574 4332 psallat
605 4252 661 4315 tibi
688 4249 816 4334 pluria.)
859 4250 990 4318 Olarins
1023 4252 1176 4334 exprimit
1228 4252 1262 4316 in
1293 4251 1401 4316 Deum
1430 4252 1599 4328 recumbit,
1630 4271 1691 4315 nos
1719 4252 1904 4319 frustretur.
1956 4253 2089 4320 Interea
2114 4253 2201 4319 nihil

208 4337 272 4401 hoc
293 4357 394 4400 versu
417 4357 451 4400 se
474 4356 649 4419 agnoscere
678 4337 713 4400 in
736 4357 832 4418 quem
854 4337 953 4403 finem
977 4338 1135 4404 divinitus
1156 4358 1177 4400 a
1229 4338 1324 4402 affert
1346 4347 1475 4420 praeter
1496 4336 1625 4401 unicam
1647 4335 1753 4417 fidem,
1783 4338 1922 4405 salutem
1944 4340 2006 4405 sibi
2027 4339 2102 4406 ideo
2124 4349 2201 4406 tan·

208 4428 314 4487 morte
358 4433 488 4502 ereptus
526 4421 634 4498 fuerit,
673 4421 799 4503 sibique
830 4443 927 4488 curae
961 4425 1106 4489 futurum
1139 4432 1177 4487 nt
1229 4431 1300 4487 tum
1322 4424 1524 4505 promittens,
1557 4422 1633 4503 qnia
1660 4422 1725 4487 Dei
1748 4444 1808 4506 ops
1830 4432 1863 4489 st
1885 4427 1992 4511 gratia
2013 4425 2143 4493 salvum
2165 4447 2202 4492 se

208 4509 333 4574 iustum
355 4505 564 4588 gratitudinis
581 4506 723 4571 officium
743 4509 813 4573 Dec
830 4507 998 4591 rependat
1043 4507 1177 4574 Gloriae
1229 4508 1297 4572 fore
1318 4507 1438 4586 credat,
1466 4508 1543 4589 qnia
1567 4508 1632 4571 iam
1661 4508 1737 4572 alibi
1767 4511 1917 4593 exposita
1937 4512 2001 4577 fuit
2022 4512 2103 4578 haec
2123 4532 2200 4578 sen·

209 4615 328 4660 nomen
347 4592 404 4657 alii
421 4590 462 4656 ad
480 4610 606 4672 corpus,
625 4591 681 4656 alii
699 4593 739 4656 ad
758 4595 903 4658 animam
921 4606 978 4660 aut
993 4594 1177 4676 superiores
1229 4595 1341 4673 tentia,
1364 4603 1399 4658 et
1419 4592 1549 4674 saepius
1571 4604 1727 4672 recurret,
1749 4597 1830 4663 satis
1852 4607 1902 4664 est
1922 4618 1996 4663 eam
2013 4618 2081 4663 uno
2097 4598 2201 4665 verbo

210 4682 338 4745 animae
359 4698 475 4742 sensns
502 4676 658 4741 referunt.
710 4677 799 4757 Quia
826 4691 935 4745 autem
958 4701 1023 4744 non
1044 4680 1177 4745 additur
1228 4680 1385 4764 attigisse.
1440 4679 1576 4745 Utinam
1608 4680 1655 4745 sic
1687 4681 1722 4746 in
1756 4703 1794 4748 ea
1825 4704 1938 4749 omnes
1960 4705 1995 4749 ee
2015 4692 2199 4762 exerceant,

210 4784 400 4848 pronomen,
432 4762 489 4827 alii
514 4770 643 4826 vertere
671 4764 799 4828 malunt
827 4765 862 4828 in
885 4767 1067 4831 accusativo
1089 4787 1176 4842 casn,
1228 4775 1265 4829 nt
1285 4787 1361 4833 cum
1383 4765 1521 4843 Davidc,
1548 4766 1672 4849 quoties
1694 4767 1735 4832 ad
1756 4769 1864 4833 Deum
1886 4767 2078 4847 accedimus,
2109 4791 2201 4853 pras·

210 4862 242 4914 et
264 4848 464 4916 subaudiunt
485 4848 678 4931 particulam
695 4849 839 4932 quisque,
864 4871 901 4916 ac
919 4851 947 4916 si
964 4851 1084 4916 diceret
1102 4872 1176 4933 pro·
1228 4850 1291 4915 fari
1323 4851 1428 4929 liceat,
1461 4872 1503 4915 ex
1535 4852 1597 4918 hcc
1629 4852 1717 4917 fonte
1750 4875 1884 4919 manare
1916 4875 2028 4937 preces
2057 4864 2198 4934 nostras,

211 4936 319 5017 pheta,
352 4934 545 5000 beneficium
578 4935 638 5000 hoc
664 4955 735 4999 esse
764 4933 899 5018 dignum
927 4937 1012 5019 qnod
1039 4937 1177 5019 publicis
1229 4938 1304 5017 quia
1325 4937 1464 5002 salutem
1491 4948 1637 5004 nostram
1664 4940 1698 5002 in
1722 4940 1784 5003 Dei
1807 4961 1906 5004 mann
1929 4941 2105 5023 repositam
2128 4962 2200 5007 esse

210 5022 357 5085 omnium
393 5020 572 5103 praeconiis
603 5019 794 5086 celebretur.
846 5021 912 5086 Sed
942 5024 1019 5103 qnia
1046 5032 1177 5088 coactae
1228 5023 1373 5103 persuasi
1406 5045 1528 5090 snmus.
1591 5024 1758 5089 Particula
1792 5025 1827 5087 itt
1860 5031 2028 5107 attereret,
2071 5026 2199 5095 duobus

211 5117 288 5169 sunt
309 5106 466 5170 eiusmodi
488 5107 781 5189 interpretationes,
815 5127 930 5171 maneo
958 5107 994 5171 in
1014 5108 1177 5173 sententia
1228 5164 1235 5170 .
1280 5164 1344 5169 ...

212 5211 308 5271 (luam
337 5192 441 5289 Ρῦἓηὶ·
495 5192 624 5291 N⁰¹J¹⁰¹¹
652 5205 751 5276 'llll'
780 5212 839 5275 Pr⁰
869 5193 995 5292 lingua,
1009 5194 1176 5293 interdu&
1296 5224 1325 5295 *)
1343 5233 1372 5279 tn
1396 5228 1606 5282 m'addresseras
1628 5233 1716 5282 etms
1740 5229 1891 5298 cosdumas,
1914 5244 1950 5284 ert
1967 5239 2076 5300 maret:
2098 5248 2135 5286 on
2151 5233 2198 5286 ad·

212 5275 431 5357 metaphorice
479 5297 564 5342 snmr
607 5290 732 5344 certum
776 5286 834 5353 est,
889 5288 922 5343 et
965 5298 1070 5343 visum
1113 5282 1177 5344 fn1t
1226 5296 1396 5366 ernas-moy
1413 5306 1441 5350 et
1458 5297 1572 5366 wnduy.
2075 5321 2080 5329 ·
