<?xml version="1.0" encoding="UTF-8"?>
<!DOCTYPE html PUBLIC "-//W3C//DTD XHTML 1.0 Transitional//EN"
    "http://www.w3.org/TR/xhtml1/DTD/xhtml1-transitional.dtd">
<html xmlns="http://www.w3.org/1999/xhtml" xml:lang="en" lang="en">
 <head>
  <title>
</title>
<meta http-equiv="Content-Type" content="text/html;charset=utf-8" />
  <meta name='ocr-system' content='tesseract 3.04.00' />
  <meta name='ocr-capabilities' content='ocr_page ocr_carea ocr_par ocr_line ocrx_word'/>
</head>
<body>
  <div class='ocr_page' id='page_1' title='image "./corpusreformato05melagoog_0282.png"; bbox 0 0 4658 5856; ppageno 0'>
   <div class='ocr_carea' id='block_1_1' title="bbox 104 286 1287 384">
    <p class='ocr_par' dir='ltr' id='par_1_1' title="bbox 104 286 1287 384">
     <span class='ocr_line' id='line_1_1' title="bbox 104 286 1287 384; baseline -0.004 0"><span class='ocrx_word' id='word_1_1' title='bbox 104 318 168 384; x_wconf 77' lang='lat' dir='ltr'><strong>aas</strong></span> <span class='ocrx_word' id='word_1_2' title='bbox 823 286 829 297; x_wconf 86' lang='lat'>&#39;</span> <span class='ocrx_word' id='word_1_3' title='bbox 931 315 1150 384; x_wconf 77' lang='lat' dir='ltr'><strong>Panthus</strong></span> <span class='ocrx_word' id='word_1_4' title='bbox 1173 315 1287 382; x_wconf 76' lang='lat' dir='ltr'><strong>unu.</strong></span> 
     </span>
    </p>
   </div>
   <div class='ocr_carea' id='block_1_2' title="bbox 1964 319 2109 385">
    <p class='ocr_par' dir='ltr' id='par_1_2' title="bbox 1964 319 2109 385">
     <span class='ocr_line' id='line_1_2' title="bbox 1964 319 2109 385; baseline 0.048 -7"><span class='ocrx_word' id='word_1_5' title='bbox 1964 350 1976 378; x_wconf 61' lang='grc' dir='ltr'><em>ι</em></span> <span class='ocrx_word' id='word_1_6' title='bbox 2045 319 2109 385; x_wconf 83' lang='grc'><strong>586</strong></span> 
     </span>
    </p>
   </div>
   <div class='ocr_carea' id='block_1_3' title="bbox 106 501 2109 2558">
    <p class='ocr_par' dir='ltr' id='par_1_3' title="bbox 106 501 2109 1181">
     <span class='ocr_line' id='line_1_3' title="bbox 106 501 2108 591; baseline 0 -18"><span class='ocrx_word' id='word_1_7' title='bbox 106 527 144 573; x_wconf 90' lang='lat' dir='ltr'><strong>ac</strong></span> <span class='ocrx_word' id='word_1_8' title='bbox 167 509 195 574; x_wconf 91' lang='lat' dir='ltr'><strong>ai</strong></span> <span class='ocrx_word' id='word_1_9' title='bbox 217 527 332 572; x_wconf 87' lang='lat' dir='ltr'><strong>ansam</strong></span> <span class='ocrx_word' id='word_1_10' title='bbox 361 505 533 572; x_wconf 76' lang='lat' dir='ltr'><strong>casuariis</strong></span> <span class='ocrx_word' id='word_1_11' title='bbox 564 502 745 570; x_wconf 88' lang='lat' dir='ltr'><strong>rationibus</strong></span> <span class='ocrx_word' id='word_1_12' title='bbox 773 503 992 587; x_wconf 75' lang='lat' dir='ltr'><strong>praecideret,</strong></span> <span class='ocrx_word' id='word_1_13' title='bbox 1021 504 1079 569; x_wconf 90' lang='lat' dir='ltr'><strong>ad·</strong></span> <span class='ocrx_word' id='word_1_14' title='bbox 1220 504 1251 570; x_wconf 88' lang='lat'><strong>4.</strong></span> <span class='ocrx_word' id='word_1_15' title='bbox 1284 502 1425 585; x_wconf 73' lang='lat' dir='ltr'><strong>Quousque</strong></span> <span class='ocrx_word' id='word_1_16' title='bbox 1446 501 1641 584; x_wconf 77' lang='lat' dir='ltr'><strong>protrahete&#39;s</strong></span> <span class='ocrx_word' id='word_1_17' title='bbox 1670 502 1810 568; x_wconf 70' lang='grc' dir='ltr'><strong>π’παίἅὶαε</strong></span> <span class='ocrx_word' id='word_1_18' title='bbox 1832 505 1965 591; x_wconf 62' lang='lat' dir='ltr'><strong>virosa)</strong></span> <span class='ocrx_word' id='word_1_19' title='bbox 1995 509 2108 575; x_wconf 70' lang='grc' dir='ltr'><strong><em>πεπαθ-</em></strong></span> 
     </span>
     <span class='ocr_line' id='line_1_4' title="bbox 108 587 2109 675; baseline 0 -16"><span class='ocrx_word' id='word_1_20' title='bbox 108 593 271 659; x_wconf 88' lang='lat' dir='ltr'><strong>versative</strong></span> <span class='ocrx_word' id='word_1_21' title='bbox 292 592 494 675; x_wconf 75' lang='lat' dir='ltr'><strong>pronuntiat,</strong></span> <span class='ocrx_word' id='word_1_22' title='bbox 518 589 610 656; x_wconf 86' lang='lat' dir='ltr'><strong>Deus</strong></span> <span class='ocrx_word' id='word_1_23' title='bbox 632 597 742 654; x_wconf 88' lang='lat' dir='ltr'><strong>tamen</strong></span> <span class='ocrx_word' id='word_1_24' title='bbox 761 589 877 654; x_wconf 75' lang='lat' dir='ltr'>Israeli</span> <span class='ocrx_word' id='word_1_25' title='bbox 897 610 956 655; x_wconf 90' lang='lat' dir='ltr'><strong>suo</strong></span> <span class='ocrx_word' id='word_1_26' title='bbox 974 590 1081 656; x_wconf 89' lang='lat' dir='ltr'><strong>bonus</strong></span> <span class='ocrx_word' id='word_1_27' title='bbox 1104 596 1106 609; x_wconf 74' lang='lat'><em>¹</em></span> <span class='ocrx_word' id='word_1_28' title='bbox 1134 589 1216 655; x_wconf 81' lang='lat' dir='ltr'><strong>mini</strong></span> <span class='ocrx_word' id='word_1_29' title='bbox 1237 608 1291 654; x_wconf 87' lang='lat' dir='ltr'><strong>vos</strong></span> <span class='ocrx_word' id='word_1_30' title='bbox 1312 608 1426 667; x_wconf 76' lang='lat' dir='ltr'><strong>mauce,</strong></span> <span class='ocrx_word' id='word_1_31' title='bbox 1455 590 1549 670; x_wconf 83' lang='lat' dir='ltr'><strong>quasi</strong></span> <span class='ocrx_word' id='word_1_32' title='bbox 1571 589 1686 670; x_wconf 80' lang='lat' dir='ltr'><strong>paries</strong></span> <span class='ocrx_word' id='word_1_33' title='bbox 1713 587 1893 671; x_wconf 80' lang='lat' dir='ltr'><strong>inclinatas,</strong></span> <span class='ocrx_word' id='word_1_34' title='bbox 1923 598 1951 656; x_wconf 91' lang='lat' dir='ltr'><strong>et</strong></span> <span class='ocrx_word' id='word_1_35' title='bbox 1971 596 2109 660; x_wconf 75' lang='lat' dir='ltr'><strong>maceria</strong></span> 
     </span>
     <span class='ocr_line' id='line_1_5' title="bbox 107 673 2108 760; baseline 0.001 -16"><span class='ocrx_word' id='word_1_36' title='bbox 107 688 168 745; x_wconf 90' lang='lat' dir='ltr'><strong>est.</strong></span> <span class='ocrx_word' id='word_1_37' title='bbox 201 677 292 742; x_wconf 91' lang='lat' dir='ltr'><strong>Idem</strong></span> <span class='ocrx_word' id='word_1_38' title='bbox 317 677 410 741; x_wconf 91' lang='lat' dir='ltr'><strong>etde</strong></span> <span class='ocrx_word' id='word_1_39' title='bbox 432 677 598 760; x_wconf 75' lang='lat' dir='ltr'><strong>praesenti</strong></span> <span class='ocrx_word' id='word_1_40' title='bbox 619 674 689 741; x_wconf 88' lang='lat' dir='ltr'><strong>locu</strong></span> <span class='ocrx_word' id='word_1_41' title='bbox 711 675 827 741; x_wconf 86' lang='lat' dir='ltr'><strong>santio.</strong></span> <span class='ocrx_word' id='word_1_42' title='bbox 862 674 993 742; x_wconf 79' lang='lat' dir='ltr'><strong>Scimus</strong></span> <span class='ocrx_word' id='word_1_43' title='bbox 1011 696 1081 740; x_wconf 91' lang='lat' dir='ltr'><strong>nan</strong></span> <span class='ocrx_word' id='word_1_44' title='bbox 1134 676 1284 758; x_wconf 73' lang='lat' dir='ltr'><strong>impulsa.</strong></span> <span class='ocrx_word' id='word_1_45' title='bbox 1328 675 1358 739; x_wconf 85' lang='lat'><strong>5.</strong></span> <span class='ocrx_word' id='word_1_46' title='bbox 1385 674 1502 738; x_wconf 81' lang='lat' dir='ltr'><strong>Tamen</strong></span> <span class='ocrx_word' id='word_1_47' title='bbox 1524 675 1562 738; x_wconf 82' lang='lat' dir='ltr'><strong>de</strong></span> <span class='ocrx_word' id='word_1_48' title='bbox 1582 673 1748 739; x_wconf 76' lang='lat' dir='ltr'><strong>elevatione</strong></span> <span class='ocrx_word' id='word_1_49' title='bbox 1774 675 1843 740; x_wconf 81' lang='lat' dir='ltr'><strong>eius</strong></span> <span class='ocrx_word' id='word_1_50' title='bbox 1864 679 2038 744; x_wconf 63' lang='lat' dir='ltr'><strong>consulunt</strong></span> <span class='ocrx_word' id='word_1_51' title='bbox 2066 683 2108 746; x_wconf 85' lang='lat' dir='ltr'><strong>ad</strong></span> 
     </span>
     <span class='ocr_line' id='line_1_6' title="bbox 107 759 2109 847; baseline 0 -18"><span class='ocrx_word' id='word_1_52' title='bbox 107 767 154 829; x_wconf 86' lang='lat' dir='ltr'><strong>ita</strong></span> <span class='ocrx_word' id='word_1_53' title='bbox 175 763 370 845; x_wconf 86' lang='lat' dir='ltr'><strong>compositas</strong></span> <span class='ocrx_word' id='word_1_54' title='bbox 391 781 464 829; x_wconf 86' lang='lat' dir='ltr'><strong>esse</strong></span> <span class='ocrx_word' id='word_1_55' title='bbox 483 762 614 845; x_wconf 90' lang='lat' dir='ltr'><strong>piorum</strong></span> <span class='ocrx_word' id='word_1_56' title='bbox 636 769 773 838; x_wconf 90' lang='lat' dir='ltr'><strong>mentes,</strong></span> <span class='ocrx_word' id='word_1_57' title='bbox 804 761 881 842; x_wconf 90' lang='lat' dir='ltr'><strong>quin</strong></span> <span class='ocrx_word' id='word_1_58' title='bbox 904 781 1003 844; x_wconf 90' lang='lat' dir='ltr'><strong>saepe</strong></span> <span class='ocrx_word' id='word_1_59' title='bbox 1032 761 1081 825; x_wconf 90' lang='lat' dir='ltr'><strong>al·</strong></span> <span class='ocrx_word' id='word_1_60' title='bbox 1133 761 1370 842; x_wconf 79' lang='lat' dir='ltr'><strong>impellendum:</strong></span> <span class='ocrx_word' id='word_1_61' title='bbox 1391 760 1528 842; x_wconf 75' lang='lat' dir='ltr'><strong>dilipaut</strong></span> <span class='ocrx_word' id='word_1_62' title='bbox 1547 759 1751 833; x_wconf 81' lang='lat' dir='ltr'><strong>mendacium,</strong></span> <span class='ocrx_word' id='word_1_63' title='bbox 1775 781 1900 827; x_wconf 78' lang='lat' dir='ltr'><strong>arcesso</strong></span> <span class='ocrx_word' id='word_1_64' title='bbox 1922 763 2109 847; x_wconf 81' lang='lat' dir='ltr'><strong>benedicant,</strong></span> 
     </span>
     <span class='ocr_line' id='line_1_7' title="bbox 108 843 2108 930; baseline 0.001 -14"><span class='ocrx_word' id='word_1_65' title='bbox 108 849 214 916; x_wconf 91' lang='lat' dir='ltr'><strong>ternis</strong></span> <span class='ocrx_word' id='word_1_66' title='bbox 235 847 504 914; x_wconf 87' lang='lat' dir='ltr'><strong>fluctuationibus</strong></span> <span class='ocrx_word' id='word_1_67' title='bbox 526 846 641 912; x_wconf 89' lang='lat' dir='ltr'><strong>iactari</strong></span> <span class='ocrx_word' id='word_1_68' title='bbox 659 848 838 930; x_wconf 86' lang='lat' dir='ltr'><strong>contingat.</strong></span> <span class='ocrx_word' id='word_1_69' title='bbox 868 846 932 912; x_wconf 91' lang='lat' dir='ltr'><strong>Dei</strong></span> <span class='ocrx_word' id='word_1_70' title='bbox 950 844 1082 930; x_wconf 90' lang='lat' dir='ltr'><strong>quidem</strong></span> <span class='ocrx_word' id='word_1_71' title='bbox 1135 851 1163 912; x_wconf 89' lang='lat' dir='ltr'><strong>et</strong></span> <span class='ocrx_word' id='word_1_72' title='bbox 1179 848 1213 911; x_wconf 82' lang='lat' dir='ltr'><strong>ia</strong></span> <span class='ocrx_word' id='word_1_73' title='bbox 1231 846 1375 911; x_wconf 77' lang='lat' dir='ltr'><strong>cordibae</strong></span> <span class='ocrx_word' id='word_1_74' title='bbox 1391 847 1461 909; x_wconf 83' lang='lat' dir='ltr'><strong>sais</strong></span> <span class='ocrx_word' id='word_1_75' title='bbox 1479 845 1677 910; x_wconf 71' lang='lat' dir='ltr'><strong>maledicant.</strong></span> <span class='ocrx_word' id='word_1_76' title='bbox 1702 843 1805 910; x_wconf 78' lang='lat' dir='ltr'><strong>seraa.</strong></span> <span class='ocrx_word' id='word_1_77' title='bbox 1840 848 1880 912; x_wconf 56' lang='lat'><strong>6(</strong></span> <span class='ocrx_word' id='word_1_78' title='bbox 1891 848 2108 918; x_wconf 78' lang='lat' dir='ltr'><strong>Verumtamen</strong></span> 
     </span>
     <span class='ocr_line' id='line_1_8' title="bbox 108 930 2109 1018; baseline 0 -17"><span class='ocrx_word' id='word_1_79' title='bbox 108 935 246 1001; x_wconf 88' lang='lat' dir='ltr'><strong>verbum</strong></span> <span class='ocrx_word' id='word_1_80' title='bbox 268 933 395 1018; x_wconf 88' lang='lat' dir='ltr'><strong>placido</strong></span> <span class='ocrx_word' id='word_1_81' title='bbox 417 933 548 998; x_wconf 91' lang='lat' dir='ltr'><strong>silentio</strong></span> <span class='ocrx_word' id='word_1_82' title='bbox 568 933 719 1014; x_wconf 74' lang='lat' dir='ltr'><strong>excipere</strong></span> <span class='ocrx_word' id='word_1_83' title='bbox 741 933 887 1016; x_wconf 91' lang='lat' dir='ltr'><strong>cupiunt,</strong></span> <span class='ocrx_word' id='word_1_84' title='bbox 910 940 953 1013; x_wconf 92' lang='lat' dir='ltr'><strong>et,</strong></span> <span class='ocrx_word' id='word_1_85' title='bbox 975 934 1003 997; x_wconf 90' lang='lat' dir='ltr'><strong>si</strong></span> <span class='ocrx_word' id='word_1_86' title='bbox 1026 951 1083 996; x_wconf 89' lang='lat' dir='ltr'><strong>eos</strong></span> <span class='ocrx_word' id='word_1_87' title='bbox 1136 932 1180 997; x_wconf 81' lang='lat' dir='ltr'><strong>ad</strong></span> <span class='ocrx_word' id='word_1_88' title='bbox 1201 930 1308 996; x_wconf 85' lang='lat' dir='ltr'><strong>Deam</strong></span> <span class='ocrx_word' id='word_1_89' title='bbox 1334 931 1392 994; x_wconf 78' lang='lat' dir='ltr'><strong>sile</strong></span> <span class='ocrx_word' id='word_1_90' title='bbox 1419 931 1529 994; x_wconf 79' lang='lat' dir='ltr'><strong>anima</strong></span> <span class='ocrx_word' id='word_1_91' title='bbox 1557 950 1635 1007; x_wconf 88' lang='lat' dir='ltr'><strong>mea,</strong></span> <span class='ocrx_word' id='word_1_92' title='bbox 1665 931 1742 1011; x_wconf 81' lang='lat' dir='ltr'><strong>qaia</strong></span> <span class='ocrx_word' id='word_1_93' title='bbox 1767 931 1807 996; x_wconf 87' lang='lat' dir='ltr'><strong>ab</strong></span> <span class='ocrx_word' id='word_1_94' title='bbox 1833 933 1903 1014; x_wconf 65' lang='lat' dir='ltr'><strong>apso</strong></span> <span class='ocrx_word' id='word_1_95' title='bbox 1925 939 2109 1018; x_wconf 72' lang='lat' dir='ltr'><strong>exspectatio</strong></span> 
     </span>
     <span class='ocr_line' id='line_1_9' title="bbox 109 1015 2109 1106; baseline 0.001 -19"><span class='ocrx_word' id='word_1_96' title='bbox 109 1022 255 1103; x_wconf 79' lang='lat' dir='ltr'><strong>castigat,</strong></span> <span class='ocrx_word' id='word_1_97' title='bbox 273 1019 512 1084; x_wconf 87' lang='lat' dir='ltr'><strong>obmutescere:</strong></span> <span class='ocrx_word' id='word_1_98' title='bbox 535 1018 591 1083; x_wconf 90' lang='lat' dir='ltr'><strong>sed</strong></span> <span class='ocrx_word' id='word_1_99' title='bbox 609 1018 742 1082; x_wconf 84' lang='lat' dir='ltr'><strong>interim</strong></span> <span class='ocrx_word' id='word_1_100' title='bbox 761 1017 859 1082; x_wconf 89' lang='lat' dir='ltr'><strong>multi</strong></span> <span class='ocrx_word' id='word_1_101' title='bbox 876 1017 1083 1100; x_wconf 90' lang='lat' dir='ltr'><strong>incompositi</strong></span> <span class='ocrx_word' id='word_1_102' title='bbox 1137 1037 1215 1082; x_wconf 84' lang='lat' dir='ltr'><strong>mea.</strong></span> <span class='ocrx_word' id='word_1_103' title='bbox 1262 1016 1291 1080; x_wconf 80' lang='grc'><strong>7.</strong></span> <span class='ocrx_word' id='word_1_104' title='bbox 1318 1015 1537 1080; x_wconf 77' lang='lat' dir='ltr'><strong>Verumtamen</strong></span> <span class='ocrx_word' id='word_1_105' title='bbox 1560 1016 1628 1098; x_wconf 82' lang='lat' dir='ltr'><strong>ipse</strong></span> <span class='ocrx_word' id='word_1_106' title='bbox 1648 1035 1743 1097; x_wconf 81' lang='lat' dir='ltr'><strong>rupes</strong></span> <span class='ocrx_word' id='word_1_107' title='bbox 1763 1037 1842 1095; x_wconf 84' lang='lat' dir='ltr'><strong>mea,</strong></span> <span class='ocrx_word' id='word_1_108' title='bbox 1871 1026 1899 1084; x_wconf 86' lang='lat' dir='ltr'><strong>et</strong></span> <span class='ocrx_word' id='word_1_109' title='bbox 1920 1020 2008 1087; x_wconf 85' lang='lat' dir='ltr'><strong>salas</strong></span> <span class='ocrx_word' id='word_1_110' title='bbox 2028 1044 2109 1106; x_wconf 88' lang='lat' dir='ltr'><strong>mea,</strong></span> 
     </span>
     <span class='ocr_line' id='line_1_10' title="bbox 110 1100 1505 1181; baseline -0.006 -9"><span class='ocrx_word' id='word_1_111' title='bbox 110 1107 247 1173; x_wconf 86' lang='lat' dir='ltr'><strong>affectus</strong></span> <span class='ocrx_word' id='word_1_112' title='bbox 272 1104 502 1170; x_wconf 89' lang='lat' dir='ltr'><strong>tumultuando</strong></span> <span class='ocrx_word' id='word_1_113' title='bbox 534 1103 610 1168; x_wconf 89' lang='lat' dir='ltr'><strong>fidei</strong></span> <span class='ocrx_word' id='word_1_114' title='bbox 641 1115 673 1166; x_wconf 87' lang='lat' dir='ltr'><strong>et</strong></span> <span class='ocrx_word' id='word_1_115' title='bbox 725 1103 879 1169; x_wconf 89' lang='lat' dir='ltr'><strong>atientiae</strong></span> <span class='ocrx_word' id='word_1_116' title='bbox 914 1104 1084 1169; x_wconf 90' lang='lat' dir='ltr'><strong>silentium</strong></span> <span class='ocrx_word' id='word_1_117' title='bbox 1138 1122 1201 1166; x_wconf 78' lang='lat' dir='ltr'><strong>aru</strong></span> <span class='ocrx_word' id='word_1_118' title='bbox 1221 1123 1299 1181; x_wconf 84' lang='lat' dir='ltr'><strong>mea,</strong></span> <span class='ocrx_word' id='word_1_119' title='bbox 1320 1121 1382 1166; x_wconf 87' lang='grc' dir='ltr'><strong>παπ</strong></span> <span class='ocrx_word' id='word_1_120' title='bbox 1404 1100 1505 1165; x_wconf 84' lang='lat' dir='ltr'><strong>labar.</strong></span> 
     </span>
    </p>

    <p class='ocr_par' dir='ltr' id='par_1_4' title="bbox 111 1125 1085 1277">
     <span class='ocr_line' id='line_1_11' title="bbox 111 1125 1085 1277; baseline -0.004 -21"><span class='ocrx_word' id='word_1_121' title='bbox 111 1190 323 1277; x_wconf 87' lang='lat' dir='ltr'><strong>perturbant:</strong></span> <span class='ocrx_word' id='word_1_122' title='bbox 362 1189 450 1255; x_wconf 92' lang='lat' dir='ltr'><strong>unde</strong></span> <span class='ocrx_word' id='word_1_123' title='bbox 483 1190 520 1252; x_wconf 93' lang='lat' dir='ltr'><strong>fit</strong></span> <span class='ocrx_word' id='word_1_124' title='bbox 553 1200 591 1252; x_wconf 94' lang='lat' dir='ltr'><strong>nt</strong></span> <span class='ocrx_word' id='word_1_125' title='bbox 623 1125 784 1265; x_wconf 68' lang='lat' dir='ltr'><strong>ebulhant</strong></span> <span class='ocrx_word' id='word_1_126' title='bbox 819 1189 985 1255; x_wconf 88' lang='lat' dir='ltr'><strong>homines:</strong></span> <span class='ocrx_word' id='word_1_127' title='bbox 1023 1207 1085 1252; x_wconf 90' lang='lat' dir='ltr'><strong>uec</strong></span> 
     </span>
    </p>

    <p class='ocr_par' dir='ltr' id='par_1_5' title="bbox 111 1269 2109 2558">
     <span class='ocr_line' id='line_1_12' title="bbox 111 1269 2108 1360; baseline 0 -17"><span class='ocrx_word' id='word_1_128' title='bbox 111 1279 222 1343; x_wconf 86' lang='lat' dir='ltr'><strong>minus</strong></span> <span class='ocrx_word' id='word_1_129' title='bbox 244 1298 303 1341; x_wconf 89' lang='lat' dir='ltr'><strong>sua</strong></span> <span class='ocrx_word' id='word_1_130' title='bbox 325 1274 531 1358; x_wconf 79' lang='lat' dir='ltr'><strong>impatientia</strong></span> <span class='ocrx_word' id='word_1_131' title='bbox 560 1273 744 1339; x_wconf 77' lang='lat' dir='ltr'><strong>molestiam</strong></span> <span class='ocrx_word' id='word_1_132' title='bbox 767 1281 802 1339; x_wconf 90' lang='lat' dir='ltr'><strong>et</strong></span> <span class='ocrx_word' id='word_1_133' title='bbox 822 1275 1083 1357; x_wconf 80' lang='lat' dir='ltr'><strong>inquietudinem</strong></span> <span class='ocrx_word' id='word_1_134' title='bbox 1224 1273 1255 1337; x_wconf 91' lang='lat'><strong>4.</strong></span> <span class='ocrx_word' id='word_1_135' title='bbox 1277 1269 1460 1358; x_wconf 75' lang='lat' dir='ltr'><strong>(Quosque.)</strong></span> <span class='ocrx_word' id='word_1_136' title='bbox 1499 1270 1645 1336; x_wconf 85' lang='lat' dir='ltr'><strong>Verbum</strong></span> <span class='ocrx_word' id='word_1_137' title='bbox 1668 1283 1814 1356; x_wconf 60' lang='grc' dir='ltr'><strong>Ὶιηῃηῃῃ</strong></span> <span class='ocrx_word' id='word_1_138' title='bbox 1837 1284 1954 1357; x_wconf 91' lang='lat' dir='ltr'><strong>putant</strong></span> <span class='ocrx_word' id='word_1_139' title='bbox 1977 1277 2108 1360; x_wconf 87' lang='lat' dir='ltr'><strong>quidam</strong></span> 
     </span>
     <span class='ocr_line' id='line_1_13' title="bbox 111 1357 2108 1443; baseline 0.001 -15"><span class='ocrx_word' id='word_1_140' title='bbox 111 1362 173 1428; x_wconf 91' lang='lat' dir='ltr'><strong>sibi</strong></span> <span class='ocrx_word' id='word_1_141' title='bbox 203 1371 390 1439; x_wconf 86' lang='lat' dir='ltr'><strong>accersant,</strong></span> <span class='ocrx_word' id='word_1_142' title='bbox 420 1379 517 1442; x_wconf 87' lang='lat' dir='ltr'><strong>quam</strong></span> <span class='ocrx_word' id='word_1_143' title='bbox 540 1358 613 1425; x_wconf 92' lang='lat' dir='ltr'><strong>Deo</strong></span> <span class='ocrx_word' id='word_1_144' title='bbox 642 1361 710 1424; x_wconf 93' lang='lat' dir='ltr'><strong>sint</strong></span> <span class='ocrx_word' id='word_1_145' title='bbox 739 1358 931 1443; x_wconf 87' lang='lat' dir='ltr'><strong>obstreperi.</strong></span> <span class='ocrx_word' id='word_1_146' title='bbox 975 1359 1084 1424; x_wconf 89' lang='lat' dir='ltr'><strong>Parti·</strong></span> <span class='ocrx_word' id='word_1_147' title='bbox 1139 1358 1224 1422; x_wconf 88' lang='lat' dir='ltr'><strong>anmi</strong></span> <span class='ocrx_word' id='word_1_148' title='bbox 1258 1378 1318 1441; x_wconf 92' lang='lat' dir='ltr'><strong>pro</strong></span> <span class='ocrx_word' id='word_1_149' title='bbox 1351 1359 1494 1441; x_wconf 83' lang='lat' dir='ltr'><strong>cogitare</strong></span> <span class='ocrx_word' id='word_1_150' title='bbox 1528 1357 1578 1422; x_wconf 90' lang='lat' dir='ltr'><strong>vel</strong></span> <span class='ocrx_word' id='word_1_151' title='bbox 1619 1358 1801 1424; x_wconf 91' lang='lat' dir='ltr'><strong>machinari</strong></span> <span class='ocrx_word' id='word_1_152' title='bbox 1840 1361 1985 1427; x_wconf 89' lang='lat' dir='ltr'><strong>insidias.</strong></span> <span class='ocrx_word' id='word_1_153' title='bbox 2040 1365 2108 1429; x_wconf 83' lang='lat' dir='ltr'><strong>Alii</strong></span> 
     </span>
     <span class='ocr_line' id='line_1_14' title="bbox 111 1443 2108 1559; baseline 0.001 -45"><span class='ocrx_word' id='word_1_154' title='bbox 111 1447 220 1515; x_wconf 87' lang='lat' dir='ltr'><strong>culam</strong></span> <span class='ocrx_word' id='word_1_155' title='bbox 241 1457 299 1559; x_wconf 63' lang='lat' dir='ltr'><strong>‘pe</strong></span> <span class='ocrx_word' id='word_1_156' title='bbox 320 1447 397 1527; x_wconf 91' lang='lat' dir='ltr'><strong>quia</strong></span> <span class='ocrx_word' id='word_1_157' title='bbox 419 1466 515 1528; x_wconf 88' lang='lat' dir='ltr'><strong>saepe</strong></span> <span class='ocrx_word' id='word_1_158' title='bbox 538 1444 706 1511; x_wconf 65' lang='lat' dir='ltr'><strong>melanius</strong></span> <span class='ocrx_word' id='word_1_159' title='bbox 726 1454 778 1510; x_wconf 91' lang='lat' dir='ltr'><strong>est</strong></span> <span class='ocrx_word' id='word_1_160' title='bbox 799 1445 887 1529; x_wconf 90' lang='lat' dir='ltr'><strong>apud</strong></span> <span class='ocrx_word' id='word_1_161' title='bbox 906 1445 1085 1521; x_wconf 90' lang='lat' dir='ltr'><strong>Hebraeos,</strong></span> <span class='ocrx_word' id='word_1_162' title='bbox 1139 1444 1397 1527; x_wconf 88' lang='lat' dir='ltr'><strong>interpretantur</strong></span> <span class='ocrx_word' id='word_1_163' title='bbox 1418 1444 1565 1527; x_wconf 87' lang='lat' dir='ltr'><strong>linguam</strong></span> <span class='ocrx_word' id='word_1_164' title='bbox 1590 1443 1783 1526; x_wconf 86' lang='lat' dir='ltr'><strong>protrahere</strong></span> <span class='ocrx_word' id='word_1_165' title='bbox 1811 1446 1846 1508; x_wconf 93' lang='lat' dir='ltr'><strong>in</strong></span> <span class='ocrx_word' id='word_1_166' title='bbox 1869 1446 1998 1531; x_wconf 86' lang='lat' dir='ltr'><strong>signum</strong></span> <span class='ocrx_word' id='word_1_167' title='bbox 2023 1449 2108 1515; x_wconf 91' lang='lat' dir='ltr'><strong>ludi·</strong></span> 
     </span>
     <span class='ocr_line' id='line_1_15' title="bbox 112 1527 2108 1617; baseline 0.002 -20"><span class='ocrx_word' id='word_1_168' title='bbox 112 1532 244 1617; x_wconf 89' lang='lat' dir='ltr'><strong>quidam</strong></span> <span class='ocrx_word' id='word_1_169' title='bbox 273 1539 407 1596; x_wconf 89' lang='lat' dir='ltr'><strong>vertunt</strong></span> <span class='ocrx_word' id='word_1_170' title='bbox 428 1530 684 1595; x_wconf 73' lang='lat' dir='ltr'><strong>Tantummodo:</strong></span> <span class='ocrx_word' id='word_1_171' title='bbox 708 1531 786 1615; x_wconf 90' lang='lat' dir='ltr'><strong>quia</strong></span> <span class='ocrx_word' id='word_1_172' title='bbox 809 1551 886 1596; x_wconf 89' lang='lat' dir='ltr'><strong>vero</strong></span> <span class='ocrx_word' id='word_1_173' title='bbox 908 1527 1085 1613; x_wconf 87' lang='lat' dir='ltr'><strong>aliquando</strong></span> <span class='ocrx_word' id='word_1_174' title='bbox 1139 1529 1210 1594; x_wconf 90' lang='lat' dir='ltr'><strong>brii.</strong></span> <span class='ocrx_word' id='word_1_175' title='bbox 1256 1530 1324 1594; x_wconf 79' lang='lat' dir='ltr'><strong>Alii</strong></span> <span class='ocrx_word' id='word_1_176' title='bbox 1352 1540 1497 1606; x_wconf 89' lang='lat' dir='ltr'><strong>vertunt,</strong></span> <span class='ocrx_word' id='word_1_177' title='bbox 1529 1527 1670 1593; x_wconf 89' lang='lat' dir='ltr'><strong>Irruere.</strong></span> <span class='ocrx_word' id='word_1_178' title='bbox 1715 1529 1801 1594; x_wconf 86' lang='lat' dir='ltr'><strong>Mihi</strong></span> <span class='ocrx_word' id='word_1_179' title='bbox 1827 1531 1958 1598; x_wconf 83' lang='lat' dir='ltr'><strong>uidetur</strong></span> <span class='ocrx_word' id='word_1_180' title='bbox 1987 1536 2108 1616; x_wconf 88' lang='lat' dir='ltr'><strong>optime</strong></span> 
     </span>
     <span class='ocr_line' id='line_1_16' title="bbox 113 1613 2109 1700; baseline 0.002 -18"><span class='ocrx_word' id='word_1_181' title='bbox 113 1619 272 1696; x_wconf 80' lang='lat' dir='ltr'><strong>affirmat,</strong></span> <span class='ocrx_word' id='word_1_182' title='bbox 301 1616 358 1681; x_wconf 89' lang='lat' dir='ltr'><strong>alii</strong></span> <span class='ocrx_word' id='word_1_183' title='bbox 387 1614 530 1680; x_wconf 91' lang='lat' dir='ltr'><strong>reddunt</strong></span> <span class='ocrx_word' id='word_1_184' title='bbox 558 1637 616 1699; x_wconf 91' lang='lat' dir='ltr'><strong>per</strong></span> <span class='ocrx_word' id='word_1_185' title='bbox 639 1617 764 1700; x_wconf 86' lang='lat' dir='ltr'><strong>Vtique</strong></span> <span class='ocrx_word' id='word_1_186' title='bbox 793 1617 846 1681; x_wconf 89' lang='lat' dir='ltr'><strong>vel</strong></span> <span class='ocrx_word' id='word_1_187' title='bbox 875 1625 973 1682; x_wconf 89' lang='lat' dir='ltr'><strong>certe.</strong></span> <span class='ocrx_word' id='word_1_188' title='bbox 1018 1613 1084 1681; x_wconf 85' lang='lat' dir='ltr'><strong>Sed</strong></span> <span class='ocrx_word' id='word_1_189' title='bbox 1139 1614 1317 1697; x_wconf 88' lang='lat' dir='ltr'><strong>quadrare:</strong></span> <span class='ocrx_word' id='word_1_190' title='bbox 1351 1615 1527 1697; x_wconf 77' lang='lat' dir='ltr'><strong>Quousque</strong></span> <span class='ocrx_word' id='word_1_191' title='bbox 1556 1615 1739 1697; x_wconf 85' lang='lat' dir='ltr'><strong>cogitabitis</strong></span> <span class='ocrx_word' id='word_1_192' title='bbox 1763 1636 1860 1698; x_wconf 87' lang='lat' dir='ltr'><strong>super</strong></span> <span class='ocrx_word' id='word_1_193' title='bbox 1882 1618 2014 1684; x_wconf 85' lang='lat' dir='ltr'><strong>virum?</strong></span> <span class='ocrx_word' id='word_1_194' title='bbox 2046 1621 2109 1699; x_wconf 90' lang='lat' dir='ltr'><strong>vel,</strong></span> 
     </span>
     <span class='ocr_line' id='line_1_17' title="bbox 113 1698 2107 1786; baseline 0.002 -19"><span class='ocrx_word' id='word_1_195' title='bbox 113 1705 240 1786; x_wconf 89' lang='lat' dir='ltr'><strong>plenior</strong></span> <span class='ocrx_word' id='word_1_196' title='bbox 273 1722 387 1766; x_wconf 89' lang='lat' dir='ltr'><strong>sensus</strong></span> <span class='ocrx_word' id='word_1_197' title='bbox 420 1712 549 1767; x_wconf 87' lang='lat' dir='ltr'><strong>constat</strong></span> <span class='ocrx_word' id='word_1_198' title='bbox 584 1702 838 1785; x_wconf 82' lang='lat' dir='ltr'><strong>repugnantiam</strong></span> <span class='ocrx_word' id='word_1_199' title='bbox 876 1702 969 1767; x_wconf 90' lang='lat' dir='ltr'><strong>illam</strong></span> <span class='ocrx_word' id='word_1_200' title='bbox 1008 1701 1085 1767; x_wconf 92' lang='lat' dir='ltr'><strong>sub·</strong></span> <span class='ocrx_word' id='word_1_201' title='bbox 1139 1702 1300 1782; x_wconf 87' lang='lat' dir='ltr'><strong>perversis</strong></span> <span class='ocrx_word' id='word_1_202' title='bbox 1329 1698 1579 1785; x_wconf 75' lang='lat' dir='ltr'><strong>cogitationibus</strong></span> <span class='ocrx_word' id='word_1_203' title='bbox 1608 1719 1673 1764; x_wconf 90' lang='lat' dir='ltr'><strong>nou</strong></span> <span class='ocrx_word' id='word_1_204' title='bbox 1700 1699 1855 1765; x_wconf 88' lang='lat' dir='ltr'><strong>desinetis</strong></span> <span class='ocrx_word' id='word_1_205' title='bbox 1877 1704 2012 1769; x_wconf 86' lang='lat' dir='ltr'><strong>exitium</strong></span> <span class='ocrx_word' id='word_1_206' title='bbox 2038 1707 2107 1770; x_wconf 89' lang='lat' dir='ltr'><strong>viro</strong></span> 
     </span>
     <span class='ocr_line' id='line_1_18' title="bbox 114 1784 2109 1870; baseline 0.002 -16"><span class='ocrx_word' id='word_1_207' title='bbox 114 1787 286 1864; x_wconf 89' lang='lat' dir='ltr'><strong>audiendo,</strong></span> <span class='ocrx_word' id='word_1_208' title='bbox 315 1805 423 1868; x_wconf 89' lang='lat' dir='ltr'><strong>aqua</strong></span> <span class='ocrx_word' id='word_1_209' title='bbox 448 1807 484 1850; x_wconf 90' lang='lat' dir='ltr'><strong>se</strong></span> <span class='ocrx_word' id='word_1_210' title='bbox 507 1787 666 1852; x_wconf 90' lang='lat' dir='ltr'><strong>violenter</strong></span> <span class='ocrx_word' id='word_1_211' title='bbox 695 1786 826 1870; x_wconf 86' lang='lat' dir='ltr'><strong>expedit</strong></span> <span class='ocrx_word' id='word_1_212' title='bbox 849 1786 969 1866; x_wconf 89' lang='lat' dir='ltr'><strong>David,</strong></span> <span class='ocrx_word' id='word_1_213' title='bbox 998 1808 1036 1852; x_wconf 90' lang='lat' dir='ltr'><strong>ac</strong></span> <span class='ocrx_word' id='word_1_214' title='bbox 1058 1787 1085 1851; x_wconf 89' lang='lat' dir='ltr'><strong>si</strong></span> <span class='ocrx_word' id='word_1_215' title='bbox 1139 1784 1343 1850; x_wconf 85' lang='lat' dir='ltr'><strong>machinari?</strong></span> <span class='ocrx_word' id='word_1_216' title='bbox 1372 1786 1494 1851; x_wconf 89' lang='lat' dir='ltr'><strong>Hostes</strong></span> <span class='ocrx_word' id='word_1_217' title='bbox 1519 1787 1606 1849; x_wconf 90' lang='lat' dir='ltr'><strong>enim</strong></span> <span class='ocrx_word' id='word_1_218' title='bbox 1629 1807 1705 1850; x_wconf 90' lang='lat' dir='ltr'><strong>suos</strong></span> <span class='ocrx_word' id='word_1_219' title='bbox 1726 1787 1897 1852; x_wconf 84' lang='lat' dir='ltr'><strong>insimulat</strong></span> <span class='ocrx_word' id='word_1_220' title='bbox 1926 1790 2109 1857; x_wconf 86' lang='lat' dir='ltr'><strong>obstinatae</strong></span> 
     </span>
     <span class='ocr_line' id='line_1_19' title="bbox 114 1870 2109 1958; baseline 0.002 -19"><span class='ocrx_word' id='word_1_221' title='bbox 114 1874 262 1956; x_wconf 87' lang='lat' dir='ltr'><strong>captivas</strong></span> <span class='ocrx_word' id='word_1_222' title='bbox 286 1886 402 1936; x_wconf 86' lang='lat' dir='ltr'><strong>tenena</strong></span> <span class='ocrx_word' id='word_1_223' title='bbox 424 1892 502 1936; x_wconf 88' lang='lat' dir='ltr'><strong>suas</strong></span> <span class='ocrx_word' id='word_1_224' title='bbox 524 1893 647 1951; x_wconf 88' lang='lat' dir='ltr'><strong>sensus,</strong></span> <span class='ocrx_word' id='word_1_225' title='bbox 673 1873 708 1935; x_wconf 95' lang='lat' dir='ltr'><strong>iu</strong></span> <span class='ocrx_word' id='word_1_226' title='bbox 731 1873 922 1955; x_wconf 87' lang='lat' dir='ltr'><strong>obsequium</strong></span> <span class='ocrx_word' id='word_1_227' title='bbox 944 1880 1085 1956; x_wconf 86' lang='lat' dir='ltr'><strong>cogeret.</strong></span> <span class='ocrx_word' id='word_1_228' title='bbox 1138 1872 1290 1950; x_wconf 90' lang='lat' dir='ltr'><strong>malitiae,</strong></span> <span class='ocrx_word' id='word_1_229' title='bbox 1313 1871 1398 1955; x_wconf 91' lang='lat' dir='ltr'><strong>quod</strong></span> <span class='ocrx_word' id='word_1_230' title='bbox 1420 1870 1546 1936; x_wconf 90' lang='lat' dir='ltr'><strong>nullum</strong></span> <span class='ocrx_word' id='word_1_231' title='bbox 1570 1891 1635 1934; x_wconf 93' lang='lat' dir='ltr'><strong>non</strong></span> <span class='ocrx_word' id='word_1_232' title='bbox 1654 1880 1808 1936; x_wconf 89' lang='lat' dir='ltr'><strong>moveant</strong></span> <span class='ocrx_word' id='word_1_233' title='bbox 1829 1872 1969 1958; x_wconf 89' lang='lat' dir='ltr'><strong>lapidem</strong></span> <span class='ocrx_word' id='word_1_234' title='bbox 1993 1876 2032 1940; x_wconf 88' lang='lat' dir='ltr'><strong>ad</strong></span> <span class='ocrx_word' id='word_1_235' title='bbox 2054 1898 2109 1942; x_wconf 91' lang='lat' dir='ltr'><strong>no·</strong></span> 
     </span>
     <span class='ocr_line' id='line_1_20' title="bbox 114 1955 2107 2044; baseline 0.003 -22"><span class='ocrx_word' id='word_1_236' title='bbox 114 1958 202 2039; x_wconf 80' lang='lat' dir='ltr'><strong>Quia</strong></span> <span class='ocrx_word' id='word_1_237' title='bbox 230 1958 334 2042; x_wconf 83' lang='lat' dir='ltr'><strong>igitur</strong></span> <span class='ocrx_word' id='word_1_238' title='bbox 365 1956 572 2022; x_wconf 88' lang='lat' dir='ltr'><strong>turbulentos</strong></span> <span class='ocrx_word' id='word_1_239' title='bbox 597 1957 632 2020; x_wconf 93' lang='lat' dir='ltr'><strong>in</strong></span> <span class='ocrx_word' id='word_1_240' title='bbox 654 1976 693 2021; x_wconf 92' lang='lat' dir='ltr'><strong>eo</strong></span> <span class='ocrx_word' id='word_1_241' title='bbox 716 1957 853 2024; x_wconf 83' lang='lat' dir='ltr'><strong>affectus</strong></span> <span class='ocrx_word' id='word_1_242' title='bbox 882 1958 1087 2023; x_wconf 87' lang='lat' dir='ltr'><strong>excitaverat</strong></span> <span class='ocrx_word' id='word_1_243' title='bbox 1138 1956 1294 2036; x_wconf 91' lang='lat' dir='ltr'><strong>cendum,</strong></span> <span class='ocrx_word' id='word_1_244' title='bbox 1326 1977 1476 2040; x_wconf 88' lang='lat' dir='ltr'><strong>novaque</strong></span> <span class='ocrx_word' id='word_1_245' title='bbox 1505 1955 1642 2021; x_wconf 89' lang='lat' dir='ltr'><strong>subinde</strong></span> <span class='ocrx_word' id='word_1_246' title='bbox 1671 1958 1770 2022; x_wconf 89' lang='lat' dir='ltr'><strong>exitia</strong></span> <span class='ocrx_word' id='word_1_247' title='bbox 1800 1959 1987 2026; x_wconf 89' lang='lat' dir='ltr'><strong>moliantur.</strong></span> <span class='ocrx_word' id='word_1_248' title='bbox 2033 1960 2107 2044; x_wconf 75' lang='lat' dir='ltr'><strong>Quo</strong></span> 
     </span>
     <span class='ocr_line' id='line_1_21' title="bbox 114 2041 2106 2129; baseline 0.003 -21"><span class='ocrx_word' id='word_1_249' title='bbox 114 2043 230 2126; x_wconf 83' lang='lat' dir='ltr'><strong>Satan,</strong></span> <span class='ocrx_word' id='word_1_250' title='bbox 252 2063 392 2125; x_wconf 90' lang='lat' dir='ltr'><strong>eumque</strong></span> <span class='ocrx_word' id='word_1_251' title='bbox 414 2041 591 2126; x_wconf 87' lang='lat' dir='ltr'><strong>impulerat</strong></span> <span class='ocrx_word' id='word_1_252' title='bbox 613 2043 682 2107; x_wconf 89' lang='lat' dir='ltr'><strong>suis</strong></span> <span class='ocrx_word' id='word_1_253' title='bbox 698 2043 860 2109; x_wconf 86' lang='lat' dir='ltr'><strong>machinis</strong></span> <span class='ocrx_word' id='word_1_254' title='bbox 883 2043 923 2108; x_wconf 90' lang='lat' dir='ltr'><strong>ad</strong></span> <span class='ocrx_word' id='word_1_255' title='bbox 942 2044 1086 2127; x_wconf 88' lang='lat' dir='ltr'><strong>aliquam</strong></span> <span class='ocrx_word' id='word_1_256' title='bbox 1138 2042 1289 2124; x_wconf 84' lang='lat' dir='ltr'><strong>exemplo</strong></span> <span class='ocrx_word' id='word_1_257' title='bbox 1312 2041 1474 2119; x_wconf 88' lang='lat' dir='ltr'><strong>docemur,</strong></span> <span class='ocrx_word' id='word_1_258' title='bbox 1502 2043 1663 2124; x_wconf 88' lang='lat' dir='ltr'><strong>patienter</strong></span> <span class='ocrx_word' id='word_1_259' title='bbox 1687 2044 1855 2108; x_wconf 88' lang='lat' dir='ltr'><strong>terendum</strong></span> <span class='ocrx_word' id='word_1_260' title='bbox 1887 2066 1957 2111; x_wconf 91' lang='lat' dir='ltr'><strong>esse</strong></span> <span class='ocrx_word' id='word_1_261' title='bbox 1978 2049 2106 2129; x_wconf 89' lang='lat' dir='ltr'><strong>quoties</strong></span> 
     </span>
     <span class='ocr_line' id='line_1_22' title="bbox 114 2127 2105 2214; baseline 0.004 -22"><span class='ocrx_word' id='word_1_262' title='bbox 114 2129 359 2212; x_wconf 86' lang='lat' dir='ltr'><strong>intemperiem:</strong></span> <span class='ocrx_word' id='word_1_263' title='bbox 381 2149 470 2193; x_wconf 91' lang='lat' dir='ltr'><strong>nunc</strong></span> <span class='ocrx_word' id='word_1_264' title='bbox 487 2148 522 2191; x_wconf 88' lang='lat' dir='ltr'><strong>ae</strong></span> <span class='ocrx_word' id='word_1_265' title='bbox 536 2128 645 2209; x_wconf 89' lang='lat' dir='ltr'><strong>ipsum</strong></span> <span class='ocrx_word' id='word_1_266' title='bbox 668 2129 868 2205; x_wconf 79' lang='lat' dir='ltr'><strong>refraenans,</strong></span> <span class='ocrx_word' id='word_1_267' title='bbox 891 2129 1005 2194; x_wconf 89' lang='lat' dir='ltr'><strong>statuit</strong></span> <span class='ocrx_word' id='word_1_268' title='bbox 1024 2129 1086 2193; x_wconf 90' lang='lat' dir='ltr'><strong>sibi</strong></span> <span class='ocrx_word' id='word_1_269' title='bbox 1138 2128 1250 2193; x_wconf 89' lang='lat' dir='ltr'><strong>hostes</strong></span> <span class='ocrx_word' id='word_1_270' title='bbox 1269 2130 1369 2193; x_wconf 91' lang='lat' dir='ltr'><strong>nostri</strong></span> <span class='ocrx_word' id='word_1_271' title='bbox 1390 2127 1585 2210; x_wconf 82' lang='lat' dir='ltr'><strong>infatigabili</strong></span> <span class='ocrx_word' id='word_1_272' title='bbox 1609 2130 1745 2192; x_wconf 88' lang='lat' dir='ltr'><strong>saevitia</strong></span> <span class='ocrx_word' id='word_1_273' title='bbox 1767 2144 1909 2214; x_wconf 89' lang='lat' dir='ltr'><strong>pergunt</strong></span> <span class='ocrx_word' id='word_1_274' title='bbox 1929 2133 2054 2198; x_wconf 81' lang='lat' dir='ltr'><strong>nefaria</strong></span> <span class='ocrx_word' id='word_1_275' title='bbox 2071 2135 2105 2199; x_wconf 93' lang='lat' dir='ltr'><strong>in</strong></span> 
     </span>
     <span class='ocr_line' id='line_1_23' title="bbox 115 2211 2104 2297; baseline 0.003 -19"><span class='ocrx_word' id='word_1_276' title='bbox 115 2215 279 2280; x_wconf 80' lang='lat' dir='ltr'><strong>tacendam</strong></span> <span class='ocrx_word' id='word_1_277' title='bbox 293 2233 451 2296; x_wconf 82' lang='lat' dir='ltr'><strong>esse:quo</strong></span> <span class='ocrx_word' id='word_1_278' title='bbox 465 2211 563 2279; x_wconf 89' lang='lat' dir='ltr'><strong>verbo</strong></span> <span class='ocrx_word' id='word_1_279' title='bbox 579 2211 735 2297; x_wconf 89' lang='lat' dir='ltr'><strong>intelligit</strong></span> <span class='ocrx_word' id='word_1_280' title='bbox 749 2215 912 2296; x_wconf 89' lang='lat' dir='ltr'><strong>patienter</strong></span> <span class='ocrx_word' id='word_1_281' title='bbox 927 2223 961 2279; x_wconf 89' lang='lat' dir='ltr'><strong>et</strong></span> <span class='ocrx_word' id='word_1_282' title='bbox 974 2212 1086 2278; x_wconf 90' lang='lat' dir='ltr'><strong>sedato</strong></span> <span class='ocrx_word' id='word_1_283' title='bbox 1138 2216 1314 2297; x_wconf 88' lang='lat' dir='ltr'><strong>perniciem</strong></span> <span class='ocrx_word' id='word_1_284' title='bbox 1345 2228 1489 2280; x_wconf 88' lang='lat' dir='ltr'><strong>nostram</strong></span> <span class='ocrx_word' id='word_1_285' title='bbox 1520 2213 1657 2278; x_wconf 88' lang='lat' dir='ltr'><strong>consilia</strong></span> <span class='ocrx_word' id='word_1_286' title='bbox 1685 2215 1790 2279; x_wconf 77' lang='lat' dir='ltr'><strong>inire:</strong></span> <span class='ocrx_word' id='word_1_287' title='bbox 1817 2230 1851 2280; x_wconf 90' lang='lat' dir='ltr'><strong>et</strong></span> <span class='ocrx_word' id='word_1_288' title='bbox 1873 2214 1976 2282; x_wconf 82' lang='lat' dir='ltr'><strong>Satan</strong></span> <span class='ocrx_word' id='word_1_289' title='bbox 2008 2220 2104 2283; x_wconf 89' lang='lat' dir='ltr'><strong>etiam</strong></span> 
     </span>
     <span class='ocr_line' id='line_1_24' title="bbox 115 2298 2106 2384; baseline 0.004 -22"><span class='ocrx_word' id='word_1_290' title='bbox 115 2302 225 2364; x_wconf 91' lang='lat' dir='ltr'><strong>animo</strong></span> <span class='ocrx_word' id='word_1_291' title='bbox 246 2298 414 2364; x_wconf 86' lang='lat' dir='ltr'><strong>ferendam</strong></span> <span class='ocrx_word' id='word_1_292' title='bbox 444 2320 515 2364; x_wconf 91' lang='lat' dir='ltr'><strong>esse</strong></span> <span class='ocrx_word' id='word_1_293' title='bbox 537 2317 685 2362; x_wconf 87' lang='lat' dir='ltr'><strong>crucem:</strong></span> <span class='ocrx_word' id='word_1_294' title='bbox 714 2301 890 2381; x_wconf 87' lang='lat' dir='ltr'><strong>opponitur</strong></span> <span class='ocrx_word' id='word_1_295' title='bbox 918 2299 1006 2364; x_wconf 91' lang='lat' dir='ltr'><strong>enim</strong></span> <span class='ocrx_word' id='word_1_296' title='bbox 1035 2301 1086 2363; x_wconf 92' lang='lat' dir='ltr'><strong>in·</strong></span> <span class='ocrx_word' id='word_1_297' title='bbox 1139 2319 1223 2364; x_wconf 87' lang='lat' dir='ltr'><strong>nova</strong></span> <span class='ocrx_word' id='word_1_298' title='bbox 1245 2298 1381 2365; x_wconf 89' lang='lat' dir='ltr'><strong>subinde</strong></span> <span class='ocrx_word' id='word_1_299' title='bbox 1411 2299 1548 2364; x_wconf 87' lang='lat' dir='ltr'><strong>artificia</strong></span> <span class='ocrx_word' id='word_1_300' title='bbox 1571 2298 1635 2362; x_wconf 90' lang='lat' dir='ltr'><strong>illis</strong></span> <span class='ocrx_word' id='word_1_301' title='bbox 1658 2301 1856 2384; x_wconf 88' lang='lat' dir='ltr'><strong>suppeditat.</strong></span> <span class='ocrx_word' id='word_1_302' title='bbox 1902 2301 1968 2368; x_wconf 84' lang='lat' dir='ltr'><strong>Sed</strong></span> <span class='ocrx_word' id='word_1_303' title='bbox 1992 2303 2106 2369; x_wconf 91' lang='lat' dir='ltr'><strong>viden-</strong></span> 
     </span>
     <span class='ocr_line' id='line_1_25' title="bbox 115 2383 2105 2468; baseline 0.002 -18"><span class='ocrx_word' id='word_1_304' title='bbox 115 2385 307 2468; x_wconf 89' lang='lat' dir='ltr'><strong>quietudiui,</strong></span> <span class='ocrx_word' id='word_1_305' title='bbox 338 2404 402 2466; x_wconf 92' lang='lat' dir='ltr'><strong>qua</strong></span> <span class='ocrx_word' id='word_1_306' title='bbox 430 2393 543 2449; x_wconf 88' lang='lat' dir='ltr'><strong>contra</strong></span> <span class='ocrx_word' id='word_1_307' title='bbox 564 2383 673 2447; x_wconf 91' lang='lat' dir='ltr'><strong>Deum</strong></span> <span class='ocrx_word' id='word_1_308' title='bbox 702 2384 914 2468; x_wconf 87' lang='lat' dir='ltr'><strong>insurgimus,</strong></span> <span class='ocrx_word' id='word_1_309' title='bbox 946 2384 1086 2466; x_wconf 90' lang='lat' dir='ltr'><strong>denique</strong></span> <span class='ocrx_word' id='word_1_310' title='bbox 1139 2385 1216 2448; x_wconf 92' lang='lat' dir='ltr'><strong>dum</strong></span> <span class='ocrx_word' id='word_1_311' title='bbox 1239 2406 1392 2467; x_wconf 89' lang='lat' dir='ltr'><strong>quorsum</strong></span> <span class='ocrx_word' id='word_1_312' title='bbox 1416 2395 1540 2468; x_wconf 80' lang='lat' dir='ltr'><strong>spectet</strong></span> <span class='ocrx_word' id='word_1_313' title='bbox 1561 2385 1740 2449; x_wconf 89' lang='lat' dir='ltr'><strong>similitudo</strong></span> <span class='ocrx_word' id='word_1_314' title='bbox 1763 2406 1845 2468; x_wconf 90' lang='lat' dir='ltr'><strong>quae</strong></span> <span class='ocrx_word' id='word_1_315' title='bbox 1864 2408 1942 2452; x_wconf 82' lang='lat' dir='ltr'><strong>mox</strong></span> <span class='ocrx_word' id='word_1_316' title='bbox 1965 2389 2105 2454; x_wconf 84' lang='lat' dir='ltr'><strong>additur.</strong></span> 
     </span>
     <span class='ocr_line' id='line_1_26' title="bbox 116 2467 2105 2558; baseline 0.002 -23"><span class='ocrx_word' id='word_1_317' title='bbox 116 2473 282 2536; x_wconf 89' lang='lat' dir='ltr'><strong>silentium</strong></span> <span class='ocrx_word' id='word_1_318' title='bbox 306 2471 366 2534; x_wconf 85' lang='lat' dir='ltr'><strong>hoe</strong></span> <span class='ocrx_word' id='word_1_319' title='bbox 389 2467 474 2534; x_wconf 92' lang='lat' dir='ltr'><strong>nihil</strong></span> <span class='ocrx_word' id='word_1_320' title='bbox 494 2469 584 2533; x_wconf 90' lang='lat' dir='ltr'><strong>aliud</strong></span> <span class='ocrx_word' id='word_1_321' title='bbox 602 2479 653 2533; x_wconf 89' lang='lat' dir='ltr'><strong>est</strong></span> <span class='ocrx_word' id='word_1_322' title='bbox 673 2490 770 2550; x_wconf 89' lang='lat' dir='ltr'><strong>quam</strong></span> <span class='ocrx_word' id='word_1_323' title='bbox 800 2472 980 2553; x_wconf 88' lang='lat' dir='ltr'><strong>composita</strong></span> <span class='ocrx_word' id='word_1_324' title='bbox 1009 2470 1085 2535; x_wconf 92' lang='lat' dir='ltr'><strong>sub·</strong></span> <span class='ocrx_word' id='word_1_325' title='bbox 1138 2469 1279 2549; x_wconf 78' lang='lat' dir='ltr'><strong>Quidam</strong></span> <span class='ocrx_word' id='word_1_326' title='bbox 1302 2480 1418 2554; x_wconf 92' lang='lat' dir='ltr'><strong>putant</strong></span> <span class='ocrx_word' id='word_1_327' title='bbox 1441 2471 1556 2554; x_wconf 92' lang='lat' dir='ltr'><strong>impios</strong></span> <span class='ocrx_word' id='word_1_328' title='bbox 1575 2471 1714 2535; x_wconf 83' lang='lat' dir='ltr'><strong>conferri</strong></span> <span class='ocrx_word' id='word_1_329' title='bbox 1734 2473 1853 2553; x_wconf 63' lang='lat' dir='ltr'><strong>pedeti</strong></span> <span class='ocrx_word' id='word_1_330' title='bbox 1870 2473 2027 2553; x_wconf 80' lang='lat' dir='ltr'><strong>inclinato,</strong></span> <span class='ocrx_word' id='word_1_331' title='bbox 2050 2478 2105 2558; x_wconf 91' lang='lat' dir='ltr'><strong>qui</strong></span> 
     </span>
    </p>
   </div>
   <div class='ocr_carea' id='block_1_4' title="bbox 100 2551 1086 3665">
    <p class='ocr_par' dir='ltr' id='par_1_6' title="bbox 100 2551 1086 3665">
     <span class='ocr_line' id='line_1_27' title="bbox 115 2551 1085 2637; baseline -0.001 -16"><span class='ocrx_word' id='word_1_332' title='bbox 115 2558 220 2634; x_wconf 88' lang='lat' dir='ltr'><strong>iectia,</strong></span> <span class='ocrx_word' id='word_1_333' title='bbox 237 2556 313 2620; x_wconf 91' lang='lat' dir='ltr'><strong>dum</strong></span> <span class='ocrx_word' id='word_1_334' title='bbox 329 2556 540 2636; x_wconf 88' lang='lat' dir='ltr'><strong>acquiescunt</strong></span> <span class='ocrx_word' id='word_1_335' title='bbox 555 2551 666 2619; x_wconf 89' lang='lat' dir='ltr'><strong>fideles</strong></span> <span class='ocrx_word' id='word_1_336' title='bbox 681 2556 715 2618; x_wconf 90' lang='lat' dir='ltr'><strong>in</strong></span> <span class='ocrx_word' id='word_1_337' title='bbox 728 2555 791 2620; x_wconf 92' lang='lat' dir='ltr'><strong>Dei</strong></span> <span class='ocrx_word' id='word_1_338' title='bbox 806 2557 1085 2637; x_wconf 89' lang='lat' dir='ltr'><strong>promissionibus,</strong></span> 
     </span>
     <span class='ocr_line' id='line_1_28' title="bbox 116 2640 1086 2725; baseline 0.002 -20"><span class='ocrx_word' id='word_1_339' title='bbox 116 2643 225 2707; x_wconf 92' lang='lat' dir='ltr'><strong>locum</strong></span> <span class='ocrx_word' id='word_1_340' title='bbox 247 2640 328 2705; x_wconf 87' lang='lat' dir='ltr'><strong>dant</strong></span> <span class='ocrx_word' id='word_1_341' title='bbox 349 2642 420 2705; x_wconf 89' lang='lat' dir='ltr'><strong>eius</strong></span> <span class='ocrx_word' id='word_1_342' title='bbox 441 2640 552 2717; x_wconf 90' lang='lat' dir='ltr'><strong>verbo,</strong></span> <span class='ocrx_word' id='word_1_343' title='bbox 582 2641 721 2723; x_wconf 90' lang='lat' dir='ltr'><strong>imperio</strong></span> <span class='ocrx_word' id='word_1_344' title='bbox 751 2641 986 2725; x_wconf 90' lang='lat' dir='ltr'><strong>obtemperant,</strong></span> <span class='ocrx_word' id='word_1_345' title='bbox 1016 2663 1086 2707; x_wconf 90' lang='lat' dir='ltr'><strong>om·</strong></span> 
     </span>
     <span class='ocr_line' id='line_1_29' title="bbox 116 2725 1085 2811; baseline 0 -19"><span class='ocrx_word' id='word_1_346' title='bbox 116 2748 255 2811; x_wconf 89' lang='lat' dir='ltr'><strong>nemque</strong></span> <span class='ocrx_word' id='word_1_347' title='bbox 282 2725 458 2792; x_wconf 88' lang='lat' dir='ltr'><strong>affectuum</strong></span> <span class='ocrx_word' id='word_1_348' title='bbox 481 2726 652 2808; x_wconf 89' lang='lat' dir='ltr'><strong>strepitum</strong></span> <span class='ocrx_word' id='word_1_349' title='bbox 675 2726 709 2790; x_wconf 93' lang='lat' dir='ltr'><strong>in</strong></span> <span class='ocrx_word' id='word_1_350' title='bbox 732 2725 883 2793; x_wconf 86' lang='lat' dir='ltr'><strong>cordibus</strong></span> <span class='ocrx_word' id='word_1_351' title='bbox 905 2729 974 2793; x_wconf 90' lang='lat' dir='ltr'><strong>suia</strong></span> <span class='ocrx_word' id='word_1_352' title='bbox 996 2728 1085 2792; x_wconf 92' lang='lat' dir='ltr'><strong>cohi·</strong></span> 
     </span>
     <span class='ocr_line' id='line_1_30' title="bbox 116 2811 1084 2896; baseline -0.001 -18"><span class='ocrx_word' id='word_1_353' title='bbox 116 2812 204 2878; x_wconf 91' lang='lat' dir='ltr'><strong>beut.</strong></span> <span class='ocrx_word' id='word_1_354' title='bbox 248 2822 368 2895; x_wconf 61' lang='lat' dir='ltr'><strong>nim</strong></span> <span class='ocrx_word' id='word_1_355' title='bbox 397 2811 530 2895; x_wconf 89' lang='lat' dir='ltr'><strong>quidam</strong></span> <span class='ocrx_word' id='word_1_356' title='bbox 556 2832 675 2876; x_wconf 89' lang='lat' dir='ltr'><strong>nomen</strong></span> <span class='ocrx_word' id='word_1_357' title='bbox 696 2813 835 2878; x_wconf 84' lang='lat' dir='ltr'><strong>formale</strong></span> <span class='ocrx_word' id='word_1_358' title='bbox 858 2834 928 2879; x_wconf 92' lang='lat' dir='ltr'><strong>esse</strong></span> <span class='ocrx_word' id='word_1_359' title='bbox 958 2821 1084 2896; x_wconf 91' lang='lat' dir='ltr'><strong>putant,</strong></span> 
     </span>
     <span class='ocr_line' id='line_1_31' title="bbox 100 2897 1086 2983; baseline -0.001 -19"><span class='ocrx_word' id='word_1_360' title='bbox 100 2900 172 2964; x_wconf 83' lang='lat' dir='ltr'><strong>&#39;sed</strong></span> <span class='ocrx_word' id='word_1_361' title='bbox 195 2900 271 2982; x_wconf 91' lang='lat' dir='ltr'><strong>quia</strong></span> <span class='ocrx_word' id='word_1_362' title='bbox 293 2897 335 2962; x_wconf 89' lang='lat' dir='ltr'><strong>ad</strong></span> <span class='ocrx_word' id='word_1_363' title='bbox 364 2917 525 2963; x_wconf 89' lang='lat' dir='ltr'><strong>summam</strong></span> <span class='ocrx_word' id='word_1_364' title='bbox 555 2898 602 2961; x_wconf 90' lang='lat' dir='ltr'><strong>rei</strong></span> <span class='ocrx_word' id='word_1_365' title='bbox 623 2917 739 2979; x_wconf 89' lang='lat' dir='ltr'><strong>parum</strong></span> <span class='ocrx_word' id='word_1_366' title='bbox 768 2899 878 2983; x_wconf 79' lang='lat' dir='ltr'><strong>refert,</strong></span> <span class='ocrx_word' id='word_1_367' title='bbox 908 2921 974 2964; x_wconf 91' lang='lat' dir='ltr'><strong>nou</strong></span> <span class='ocrx_word' id='word_1_368' title='bbox 1005 2898 1086 2963; x_wconf 90' lang='lat' dir='ltr'><strong>adeo</strong></span> 
     </span>
     <span class='ocr_line' id='line_1_32' title="bbox 117 2982 1086 3077; baseline 0 -30"><span class='ocrx_word' id='word_1_369' title='bbox 117 2985 236 3049; x_wconf 89' lang='lat' dir='ltr'><strong>labora.</strong></span> <span class='ocrx_word' id='word_1_370' title='bbox 280 2984 391 3049; x_wconf 76' lang='lat' dir='ltr'><strong>Tertio</strong></span> <span class='ocrx_word' id='word_1_371' title='bbox 412 3003 511 3048; x_wconf 87' lang='lat' dir='ltr'><strong>versu</strong></span> <span class='ocrx_word' id='word_1_372' title='bbox 539 2983 659 3047; x_wconf 87' lang='lat' dir='ltr'><strong>iterum</strong></span> <span class='ocrx_word' id='word_1_373' title='bbox 682 2993 738 3077; x_wconf 64' lang='grc' dir='ltr'><strong>Ἱκ</strong></span> <span class='ocrx_word' id='word_1_374' title='bbox 766 2982 972 3051; x_wconf 84' lang='lat' dir='ltr'><strong>adversative</strong></span> <span class='ocrx_word' id='word_1_375' title='bbox 1000 2984 1086 3050; x_wconf 92' lang='lat' dir='ltr'><strong>sumi</strong></span> 
     </span>
     <span class='ocr_line' id='line_1_33' title="bbox 117 3068 1084 3152; baseline 0 -17"><span class='ocrx_word' id='word_1_376' title='bbox 117 3073 231 3135; x_wconf 88' lang='lat' dir='ltr'><strong>sentio.</strong></span> <span class='ocrx_word' id='word_1_377' title='bbox 276 3068 390 3151; x_wconf 84' lang='lat' dir='ltr'><strong>Neque</strong></span> <span class='ocrx_word' id='word_1_378' title='bbox 420 3069 506 3132; x_wconf 92' lang='lat' dir='ltr'><strong>enim</strong></span> <span class='ocrx_word' id='word_1_379' title='bbox 536 3068 657 3132; x_wconf 88' lang='lat' dir='ltr'><strong>sufficit</strong></span> <span class='ocrx_word' id='word_1_380' title='bbox 687 3089 753 3133; x_wconf 89' lang='lat' dir='ltr'><strong>uno</strong></span> <span class='ocrx_word' id='word_1_381' title='bbox 782 3070 904 3152; x_wconf 90' lang='lat' dir='ltr'><strong>proelio</strong></span> <span class='ocrx_word' id='word_1_382' title='bbox 926 3070 980 3134; x_wconf 88' lang='lat' dir='ltr'><strong>vel</strong></span> <span class='ocrx_word' id='word_1_383' title='bbox 1009 3090 1084 3135; x_wconf 92' lang='lat' dir='ltr'><strong>con·</strong></span> 
     </span>
     <span class='ocr_line' id='line_1_34' title="bbox 116 3151 1085 3240; baseline 0.001 -22"><span class='ocrx_word' id='word_1_384' title='bbox 116 3177 231 3240; x_wconf 87' lang='lat' dir='ltr'><strong>gressu</strong></span> <span class='ocrx_word' id='word_1_385' title='bbox 253 3156 394 3220; x_wconf 87' lang='lat' dir='ltr'><strong>victores</strong></span> <span class='ocrx_word' id='word_1_386' title='bbox 424 3174 495 3218; x_wconf 91' lang='lat' dir='ltr'><strong>esse</strong></span> <span class='ocrx_word' id='word_1_387' title='bbox 523 3151 634 3217; x_wconf 88' lang='lat' dir='ltr'><strong>fideles</strong></span> <span class='ocrx_word' id='word_1_388' title='bbox 663 3153 973 3235; x_wconf 87' lang='lat' dir='ltr'><strong>intentationibus:</strong></span> <span class='ocrx_word' id='word_1_389' title='bbox 1008 3155 1085 3238; x_wconf 90' lang='lat' dir='ltr'><strong>quia</strong></span> 
     </span>
     <span class='ocr_line' id='line_1_35' title="bbox 116 3238 1084 3323; baseline -0.003 -17"><span class='ocrx_word' id='word_1_390' title='bbox 116 3262 194 3306; x_wconf 88' lang='lat' dir='ltr'><strong>mox</strong></span> <span class='ocrx_word' id='word_1_391' title='bbox 224 3241 264 3306; x_wconf 93' lang='lat' dir='ltr'><strong>de</strong></span> <span class='ocrx_word' id='word_1_392' title='bbox 291 3241 420 3323; x_wconf 87' lang='lat' dir='ltr'><strong>integro</strong></span> <span class='ocrx_word' id='word_1_393' title='bbox 450 3259 551 3302; x_wconf 88' lang='lat' dir='ltr'><strong>novas</strong></span> <span class='ocrx_word' id='word_1_394' title='bbox 580 3238 643 3302; x_wconf 88' lang='lat' dir='ltr'><strong>illis</strong></span> <span class='ocrx_word' id='word_1_395' title='bbox 672 3258 801 3322; x_wconf 86' lang='lat' dir='ltr'><strong>pugnae</strong></span> <span class='ocrx_word' id='word_1_396' title='bbox 832 3251 941 3305; x_wconf 90' lang='lat' dir='ltr'><strong>movet</strong></span> <span class='ocrx_word' id='word_1_397' title='bbox 969 3239 1084 3307; x_wconf 85' lang='lat' dir='ltr'><strong>Satan.</strong></span> 
     </span>
     <span class='ocr_line' id='line_1_36' title="bbox 115 3323 1083 3410; baseline -0.003 -18"><span class='ocrx_word' id='word_1_398' title='bbox 115 3328 207 3409; x_wconf 81' lang='lat' dir='ltr'><strong>Ergo</strong></span> <span class='ocrx_word' id='word_1_399' title='bbox 229 3324 351 3409; x_wconf 91' lang='lat' dir='ltr'><strong>David,</strong></span> <span class='ocrx_word' id='word_1_400' title='bbox 380 3324 531 3407; x_wconf 84' lang='lat' dir='ltr'><strong>quamvis</strong></span> <span class='ocrx_word' id='word_1_401' title='bbox 560 3323 625 3387; x_wconf 86' lang='lat' dir='ltr'><strong>iam</strong></span> <span class='ocrx_word' id='word_1_402' title='bbox 655 3327 825 3390; x_wconf 87' lang='lat' dir='ltr'><strong>emerserit</strong></span> <span class='ocrx_word' id='word_1_403' title='bbox 851 3346 894 3390; x_wconf 86' lang='lat' dir='ltr'><strong>ex</strong></span> <span class='ocrx_word' id='word_1_404' title='bbox 915 3329 986 3409; x_wconf 90' lang='lat' dir='ltr'><strong>ipso</strong></span> <span class='ocrx_word' id='word_1_405' title='bbox 1006 3346 1083 3410; x_wconf 85' lang='lat' dir='ltr'><strong>gur·</strong></span> 
     </span>
     <span class='ocr_line' id='line_1_37' title="bbox 117 3408 1083 3497; baseline -0.001 -23"><span class='ocrx_word' id='word_1_406' title='bbox 117 3417 200 3497; x_wconf 86' lang='lat' dir='ltr'><strong>gite,</strong></span> <span class='ocrx_word' id='word_1_407' title='bbox 233 3413 311 3494; x_wconf 89' lang='lat' dir='ltr'><strong>quia</strong></span> <span class='ocrx_word' id='word_1_408' title='bbox 342 3425 453 3475; x_wconf 86' lang='lat' dir='ltr'><strong>tamen</strong></span> <span class='ocrx_word' id='word_1_409' title='bbox 487 3429 553 3473; x_wconf 93' lang='lat' dir='ltr'><strong>non</strong></span> <span class='ocrx_word' id='word_1_410' title='bbox 585 3429 697 3474; x_wconf 88' lang='lat' dir='ltr'><strong>omnes</strong></span> <span class='ocrx_word' id='word_1_411' title='bbox 731 3408 938 3476; x_wconf 78' lang='lat' dir='ltr'><strong>difficultates</strong></span> <span class='ocrx_word' id='word_1_412' title='bbox 971 3411 1083 3486; x_wconf 90' lang='lat' dir='ltr'><strong>evasit,</strong></span> 
     </span>
     <span class='ocr_line' id='line_1_38' title="bbox 116 3493 1085 3579; baseline -0.002 -16"><span class='ocrx_word' id='word_1_413' title='bbox 116 3497 259 3564; x_wconf 70' lang='lat' dir='ltr'><strong>meando</strong></span> <span class='ocrx_word' id='word_1_414' title='bbox 279 3496 432 3561; x_wconf 89' lang='lat' dir='ltr'><strong>luctatur.</strong></span> <span class='ocrx_word' id='word_1_415' title='bbox 468 3493 556 3576; x_wconf 77' lang='lat' dir='ltr'><strong>Quin</strong></span> <span class='ocrx_word' id='word_1_416' title='bbox 580 3495 677 3559; x_wconf 92' lang='lat' dir='ltr'><strong>etiam</strong></span> <span class='ocrx_word' id='word_1_417' title='bbox 701 3496 781 3562; x_wconf 89' lang='lat' dir='ltr'><strong>haec</strong></span> <span class='ocrx_word' id='word_1_418' title='bbox 798 3496 958 3579; x_wconf 89' lang='lat' dir='ltr'><strong>particula</strong></span> <span class='ocrx_word' id='word_1_419' title='bbox 979 3497 1085 3561; x_wconf 86' lang='lat' dir='ltr'><strong>sexies</strong></span> 
     </span>
     <span class='ocr_line' id='line_1_39' title="bbox 117 3580 1085 3665; baseline -0.003 -17"><span class='ocrx_word' id='word_1_420' title='bbox 117 3585 150 3648; x_wconf 94' lang='lat' dir='ltr'><strong>in</strong></span> <span class='ocrx_word' id='word_1_421' title='bbox 179 3584 241 3648; x_wconf 91' lang='lat' dir='ltr'><strong>hoc</strong></span> <span class='ocrx_word' id='word_1_422' title='bbox 267 3582 401 3648; x_wconf 83' lang='lat' dir='ltr'><strong>Psalmo</strong></span> <span class='ocrx_word' id='word_1_423' title='bbox 431 3580 525 3646; x_wconf 90' lang='lat' dir='ltr'><strong>nobis</strong></span> <span class='ocrx_word' id='word_1_424' title='bbox 553 3593 709 3647; x_wconf 79' lang='lat' dir='ltr'><strong>occuuet.</strong></span> <span class='ocrx_word' id='word_1_425' title='bbox 755 3584 865 3665; x_wconf 84' lang='lat' dir='ltr'><strong>Atque</strong></span> <span class='ocrx_word' id='word_1_426' title='bbox 893 3582 973 3647; x_wconf 91' lang='lat' dir='ltr'><strong>haec</strong></span> <span class='ocrx_word' id='word_1_427' title='bbox 1002 3581 1085 3646; x_wconf 90' lang='lat' dir='ltr'><strong>ratio</strong></span> 
     </span>
    </p>
   </div>
   <div class='ocr_carea' id='block_1_5' title="bbox 1137 2556 2130 3752">
    <p class='ocr_par' dir='ltr' id='par_1_7' title="bbox 1137 2556 2130 3752">
     <span class='ocr_line' id='line_1_40' title="bbox 1138 2556 2106 2631; baseline 0.006 -11"><span class='ocrx_word' id='word_1_428' title='bbox 1138 2557 1266 2620; x_wconf 87' lang='lat' dir='ltr'><strong>assidue</strong></span> <span class='ocrx_word' id='word_1_429' title='bbox 1286 2557 1431 2621; x_wconf 88' lang='lat' dir='ltr'><strong>minatur</strong></span> <span class='ocrx_word' id='word_1_430' title='bbox 1449 2560 1586 2631; x_wconf 89' lang='lat' dir='ltr'><strong>ruinam,</strong></span> <span class='ocrx_word' id='word_1_431' title='bbox 1609 2558 1707 2621; x_wconf 89' lang='lat' dir='ltr'><strong>sicuti</strong></span> <span class='ocrx_word' id='word_1_432' title='bbox 1725 2556 1774 2620; x_wconf 90' lang='lat' dir='ltr'><strong>illi</strong></span> <span class='ocrx_word' id='word_1_433' title='bbox 1791 2558 1825 2622; x_wconf 91' lang='lat' dir='ltr'><strong>in</strong></span> <span class='ocrx_word' id='word_1_434' title='bbox 1844 2560 1911 2624; x_wconf 90' lang='lat' dir='ltr'><strong>suis</strong></span> <span class='ocrx_word' id='word_1_435' title='bbox 1930 2560 2106 2626; x_wconf 86' lang='lat' dir='ltr'><strong>sceleribus</strong></span> 
     </span>
     <span class='ocr_line' id='line_1_41' title="bbox 1138 2641 2105 2727; baseline 0.007 -24"><span class='ocrx_word' id='word_1_436' title='bbox 1138 2641 1178 2704; x_wconf 91' lang='lat' dir='ltr'><strong>ad</strong></span> <span class='ocrx_word' id='word_1_437' title='bbox 1201 2641 1329 2725; x_wconf 87' lang='lat' dir='ltr'><strong>singula</strong></span> <span class='ocrx_word' id='word_1_438' title='bbox 1352 2651 1516 2706; x_wconf 89' lang='lat' dir='ltr'><strong>momenta</strong></span> <span class='ocrx_word' id='word_1_439' title='bbox 1541 2642 1725 2721; x_wconf 84' lang='lat' dir='ltr'><strong>labascunt,</strong></span> <span class='ocrx_word' id='word_1_440' title='bbox 1754 2641 1857 2708; x_wconf 91' lang='lat' dir='ltr'><strong>donec</strong></span> <span class='ocrx_word' id='word_1_441' title='bbox 1884 2653 1985 2710; x_wconf 88' lang='lat' dir='ltr'><strong>ruant</strong></span> <span class='ocrx_word' id='word_1_442' title='bbox 2013 2666 2105 2727; x_wconf 91' lang='lat' dir='ltr'><strong>prae·</strong></span> 
     </span>
     <span class='ocr_line' id='line_1_42' title="bbox 1138 2727 2106 2810; baseline 0.005 -18"><span class='ocrx_word' id='word_1_443' title='bbox 1138 2727 1260 2810; x_wconf 89' lang='lat' dir='ltr'><strong>cipites.</strong></span> <span class='ocrx_word' id='word_1_444' title='bbox 1306 2728 1389 2791; x_wconf 84' lang='lat' dir='ltr'><strong>Mihi</strong></span> <span class='ocrx_word' id='word_1_445' title='bbox 1419 2728 1528 2810; x_wconf 88' lang='lat' dir='ltr'><strong>potius</strong></span> <span class='ocrx_word' id='word_1_446' title='bbox 1555 2728 1618 2792; x_wconf 88' lang='lat' dir='ltr'><strong>alio</strong></span> <span class='ocrx_word' id='word_1_447' title='bbox 1646 2739 1808 2810; x_wconf 88' lang='lat' dir='ltr'><strong>spectasse</strong></span> <span class='ocrx_word' id='word_1_448' title='bbox 1835 2728 1965 2794; x_wconf 89' lang='lat' dir='ltr'><strong>videtur</strong></span> <span class='ocrx_word' id='word_1_449' title='bbox 1986 2730 2106 2808; x_wconf 86' lang='lat' dir='ltr'><strong>David,</strong></span> 
     </span>
     <span class='ocr_line' id='line_1_43' title="bbox 1139 2813 2106 2901; baseline 0.005 -24"><span class='ocrx_word' id='word_1_450' title='bbox 1139 2834 1214 2877; x_wconf 91' lang='lat' dir='ltr'><strong>nam</strong></span> <span class='ocrx_word' id='word_1_451' title='bbox 1237 2814 1322 2877; x_wconf 89' lang='lat' dir='ltr'><strong>sicut</strong></span> <span class='ocrx_word' id='word_1_452' title='bbox 1343 2814 1452 2894; x_wconf 89' lang='lat' dir='ltr'><strong>parics</strong></span> <span class='ocrx_word' id='word_1_453' title='bbox 1474 2813 1560 2877; x_wconf 89' lang='lat' dir='ltr'><strong>male</strong></span> <span class='ocrx_word' id='word_1_454' title='bbox 1592 2824 1838 2897; x_wconf 87' lang='lat' dir='ltr'><strong>coagmentatus</strong></span> <span class='ocrx_word' id='word_1_455' title='bbox 1859 2823 2009 2880; x_wconf 87' lang='lat' dir='ltr'><strong>ventrem</strong></span> <span class='ocrx_word' id='word_1_456' title='bbox 2033 2838 2106 2901; x_wconf 90' lang='lat' dir='ltr'><strong>pro·</strong></span> 
     </span>
     <span class='ocr_line' id='line_1_44' title="bbox 1138 2897 2107 2985; baseline 0.005 -23"><span class='ocrx_word' id='word_1_457' title='bbox 1138 2899 1216 2978; x_wconf 89' lang='lat' dir='ltr'><strong>iicit,</strong></span> <span class='ocrx_word' id='word_1_458' title='bbox 1239 2910 1272 2960; x_wconf 91' lang='lat' dir='ltr'><strong>et</strong></span> <span class='ocrx_word' id='word_1_459' title='bbox 1289 2897 1356 2960; x_wconf 84' lang='lat' dir='ltr'><strong>iere</strong></span> <span class='ocrx_word' id='word_1_460' title='bbox 1374 2919 1467 2962; x_wconf 90' lang='lat' dir='ltr'><strong>suam</strong></span> <span class='ocrx_word' id='word_1_461' title='bbox 1486 2898 1694 2962; x_wconf 89' lang='lat' dir='ltr'><strong>latitudinem</strong></span> <span class='ocrx_word' id='word_1_462' title='bbox 1716 2911 1852 2964; x_wconf 84' lang='lat' dir='ltr'><strong>externa</strong></span> <span class='ocrx_word' id='word_1_463' title='bbox 1874 2902 1980 2983; x_wconf 90' lang='lat' dir='ltr'><strong>specie</strong></span> <span class='ocrx_word' id='word_1_464' title='bbox 2002 2900 2107 2985; x_wconf 89' lang='lat' dir='ltr'><strong>dupii-</strong></span> 
     </span>
     <span class='ocr_line' id='line_1_45' title="bbox 1138 2983 2107 3065; baseline 0.008 -19"><span class='ocrx_word' id='word_1_465' title='bbox 1138 2993 1199 3059; x_wconf 89' lang='lat' dir='ltr'><strong>cat,</strong></span> <span class='ocrx_word' id='word_1_466' title='bbox 1227 3003 1325 3065; x_wconf 90' lang='lat' dir='ltr'><strong>quum</strong></span> <span class='ocrx_word' id='word_1_467' title='bbox 1356 2983 1493 3046; x_wconf 90' lang='lat' dir='ltr'><strong>interior</strong></span> <span class='ocrx_word' id='word_1_468' title='bbox 1516 2984 1663 3047; x_wconf 89' lang='lat' dir='ltr'><strong>vacuitas</strong></span> <span class='ocrx_word' id='word_1_469' title='bbox 1685 2985 1719 3047; x_wconf 94' lang='lat' dir='ltr'><strong>in</strong></span> <span class='ocrx_word' id='word_1_470' title='bbox 1744 2986 1872 3049; x_wconf 90' lang='lat' dir='ltr'><strong>ruinam</strong></span> <span class='ocrx_word' id='word_1_471' title='bbox 1901 2988 2029 3051; x_wconf 90' lang='lat' dir='ltr'><strong>tendat:</strong></span> <span class='ocrx_word' id='word_1_472' title='bbox 2060 2991 2107 3054; x_wconf 92' lang='lat' dir='ltr'><strong>sic</strong></span> 
     </span>
     <span class='ocr_line' id='line_1_46' title="bbox 1138 3068 2107 3150; baseline 0.008 -19"><span class='ocrx_word' id='word_1_473' title='bbox 1138 3068 1228 3149; x_wconf 91' lang='lat' dir='ltr'><strong>impii</strong></span> <span class='ocrx_word' id='word_1_474' title='bbox 1263 3070 1364 3133; x_wconf 83' lang='lat' dir='ltr'><strong>fastus</strong></span> <span class='ocrx_word' id='word_1_475' title='bbox 1398 3070 1449 3133; x_wconf 90' lang='lat' dir='ltr'><strong>sui</strong></span> <span class='ocrx_word' id='word_1_476' title='bbox 1480 3079 1577 3132; x_wconf 88' lang='lat' dir='ltr'><strong>vento</strong></span> <span class='ocrx_word' id='word_1_477' title='bbox 1611 3076 1781 3150; x_wconf 86' lang='lat' dir='ltr'><strong>turgentes</strong></span> <span class='ocrx_word' id='word_1_478' title='bbox 1815 3091 1947 3134; x_wconf 74' lang='lat' dir='ltr'><strong>surarum</strong></span> <span class='ocrx_word' id='word_1_479' title='bbox 1981 3074 2107 3139; x_wconf 89' lang='lat' dir='ltr'><strong>consul·</strong></span> 
     </span>
     <span class='ocr_line' id='line_1_47' title="bbox 1139 3151 2104 3237; baseline 0.008 -21"><span class='ocrx_word' id='word_1_480' title='bbox 1139 3154 1297 3217; x_wconf 87' lang='lat' dir='ltr'><strong>tatianum</strong></span> <span class='ocrx_word' id='word_1_481' title='bbox 1332 3165 1490 3219; x_wconf 91' lang='lat' dir='ltr'><strong>terrorem</strong></span> <span class='ocrx_word' id='word_1_482' title='bbox 1525 3151 1673 3217; x_wconf 87' lang='lat' dir='ltr'><strong>dilatant.</strong></span> <span class='ocrx_word' id='word_1_483' title='bbox 1732 3155 1799 3218; x_wconf 84' lang='lat' dir='ltr'><strong>Sed</strong></span> <span class='ocrx_word' id='word_1_484' title='bbox 1833 3156 2104 3237; x_wconf 82' lang='lat' dir='ltr'><strong>quemadmodum</strong></span> 
     </span>
     <span class='ocr_line' id='line_1_48' title="bbox 1137 3240 2105 3326; baseline 0.006 -22"><span class='ocrx_word' id='word_1_485' title='bbox 1137 3241 1245 3322; x_wconf 89' lang='lat' dir='ltr'><strong>paries</strong></span> <span class='ocrx_word' id='word_1_486' title='bbox 1276 3240 1420 3316; x_wconf 84' lang='lat' dir='ltr'><strong>vitiosas,</strong></span> <span class='ocrx_word' id='word_1_487' title='bbox 1450 3240 1604 3321; x_wconf 89' lang='lat' dir='ltr'><strong>intusque</strong></span> <span class='ocrx_word' id='word_1_488' title='bbox 1634 3251 1815 3321; x_wconf 85' lang='lat' dir='ltr'><strong>corruptus,</strong></span> <span class='ocrx_word' id='word_1_489' title='bbox 1844 3241 1952 3305; x_wconf 88' lang='lat' dir='ltr'><strong>subito</strong></span> <span class='ocrx_word' id='word_1_490' title='bbox 1981 3243 2105 3326; x_wconf 90' lang='lat' dir='ltr'><strong>impetu</strong></span> 
     </span>
     <span class='ocr_line' id='line_1_49' title="bbox 1138 3323 2104 3409; baseline 0.005 -21"><span class='ocrx_word' id='word_1_491' title='bbox 1138 3323 1265 3402; x_wconf 84' lang='lat' dir='ltr'><strong>cadens,</strong></span> <span class='ocrx_word' id='word_1_492' title='bbox 1295 3345 1361 3389; x_wconf 90' lang='lat' dir='ltr'><strong>non</strong></span> <span class='ocrx_word' id='word_1_493' title='bbox 1391 3325 1485 3391; x_wconf 88' lang='lat' dir='ltr'><strong>meda</strong></span> <span class='ocrx_word' id='word_1_494' title='bbox 1508 3345 1543 3389; x_wconf 91' lang='lat' dir='ltr'><strong>se</strong></span> <span class='ocrx_word' id='word_1_495' title='bbox 1563 3324 1673 3406; x_wconf 92' lang='lat' dir='ltr'><strong>ipsum</strong></span> <span class='ocrx_word' id='word_1_496' title='bbox 1700 3327 1823 3408; x_wconf 84' lang='lat' dir='ltr'><strong>trangit</strong></span> <span class='ocrx_word' id='word_1_497' title='bbox 1851 3328 1982 3409; x_wconf 89' lang='lat' dir='ltr'><strong>propria</strong></span> <span class='ocrx_word' id='word_1_498' title='bbox 2012 3329 2104 3407; x_wconf 86' lang='lat' dir='ltr'><strong>mole,</strong></span> 
     </span>
     <span class='ocr_line' id='line_1_50' title="bbox 1137 3410 2106 3493; baseline 0.004 -18"><span class='ocrx_word' id='word_1_499' title='bbox 1137 3411 1192 3475; x_wconf 90' lang='lat' dir='ltr'><strong>sed</strong></span> <span class='ocrx_word' id='word_1_500' title='bbox 1223 3411 1363 3477; x_wconf 90' lang='lat' dir='ltr'><strong>conterit</strong></span> <span class='ocrx_word' id='word_1_501' title='bbox 1391 3412 1425 3475; x_wconf 91' lang='lat' dir='ltr'><strong>in</strong></span> <span class='ocrx_word' id='word_1_502' title='bbox 1454 3412 1600 3475; x_wconf 86' lang='lat' dir='ltr'><strong>minutas</strong></span> <span class='ocrx_word' id='word_1_503' title='bbox 1627 3422 1754 3493; x_wconf 90' lang='lat' dir='ltr'><strong>partes,</strong></span> <span class='ocrx_word' id='word_1_504' title='bbox 1786 3410 1834 3476; x_wconf 90' lang='lat' dir='ltr'><strong>ita</strong></span> <span class='ocrx_word' id='word_1_505' title='bbox 1865 3411 2010 3478; x_wconf 89' lang='lat' dir='ltr'><strong>hostibus</strong></span> <span class='ocrx_word' id='word_1_506' title='bbox 2038 3415 2106 3479; x_wconf 88' lang='lat' dir='ltr'><strong>sais</strong></span> 
     </span>
     <span class='ocr_line' id='line_1_51' title="bbox 1137 3495 2106 3583; baseline 0.004 -23"><span class='ocrx_word' id='word_1_507' title='bbox 1137 3496 1246 3561; x_wconf 91' lang='lat' dir='ltr'><strong>David</strong></span> <span class='ocrx_word' id='word_1_508' title='bbox 1283 3497 1539 3581; x_wconf 81' lang='lat' dir='ltr'><strong>inexspectatum</strong></span> <span class='ocrx_word' id='word_1_509' title='bbox 1581 3497 1711 3561; x_wconf 88' lang='lat' dir='ltr'><strong>ruinam</strong></span> <span class='ocrx_word' id='word_1_510' title='bbox 1753 3495 1940 3575; x_wconf 87' lang='lat' dir='ltr'><strong>denuntiat,</strong></span> <span class='ocrx_word' id='word_1_511' title='bbox 1981 3512 2014 3561; x_wconf 90' lang='lat' dir='ltr'><strong>et</strong></span> <span class='ocrx_word' id='word_1_512' title='bbox 2043 3522 2106 3583; x_wconf 93' lang='lat' dir='ltr'><strong>qua</strong></span> 
     </span>
     <span class='ocr_line' id='line_1_52' title="bbox 1138 3582 2130 3667; baseline 0.005 -22"><span class='ocrx_word' id='word_1_513' title='bbox 1138 3602 1269 3663; x_wconf 90' lang='lat' dir='ltr'><strong>prorsus</strong></span> <span class='ocrx_word' id='word_1_514' title='bbox 1287 3594 1506 3648; x_wconf 90' lang='lat' dir='ltr'><strong>conterantur.</strong></span> <span class='ocrx_word' id='word_1_515' title='bbox 1541 3582 1625 3647; x_wconf 90' lang='lat' dir='ltr'><strong>Nam</strong></span> <span class='ocrx_word' id='word_1_516' title='bbox 1645 3602 1746 3665; x_wconf 91' lang='lat' dir='ltr'><strong>quum</strong></span> <span class='ocrx_word' id='word_1_517' title='bbox 1765 3596 1840 3664; x_wconf 68' lang='grc' dir='ltr'><strong>Ἡ]</strong></span> <span class='ocrx_word' id='word_1_518' title='bbox 1859 3584 1957 3666; x_wconf 77' lang='lat' dir='ltr'><strong>parler</strong></span> <span class='ocrx_word' id='word_1_519' title='bbox 1973 3587 2130 3667; x_wconf 89' lang='lat' dir='ltr'><strong>proprie·</strong></span> 
     </span>
     <span class='ocr_line' id='line_1_53' title="bbox 1137 3667 2105 3752; baseline 0.004 -21"><span class='ocrx_word' id='word_1_520' title='bbox 1137 3667 1315 3749; x_wconf 89' lang='lat' dir='ltr'><strong>quamlibet</strong></span> <span class='ocrx_word' id='word_1_521' title='bbox 1344 3669 1529 3734; x_wconf 89' lang='lat' dir='ltr'><strong>clausuram</strong></span> <span class='ocrx_word' id='word_1_522' title='bbox 1562 3668 1726 3751; x_wconf 85' lang='lat' dir='ltr'><strong>significet</strong></span> <span class='ocrx_word' id='word_1_523' title='bbox 1752 3688 1793 3733; x_wconf 84' lang='lat' dir='ltr'><strong>ex</strong></span> <span class='ocrx_word' id='word_1_524' title='bbox 1816 3670 1881 3732; x_wconf 86' lang='lat' dir='ltr'><strong>levi</strong></span> <span class='ocrx_word' id='word_1_525' title='bbox 1911 3669 2105 3752; x_wconf 88' lang='lat' dir='ltr'><strong>infirmaque</strong></span> 
     </span>
    </p>
   </div>
   <div class='ocr_carea' id='block_1_6' title="bbox 117 3665 1085 3820">
    <p class='ocr_par' dir='ltr' id='par_1_8' title="bbox 117 3665 1085 3820">
     <span class='ocr_line' id='line_1_54' title="bbox 117 3665 1085 3820; baseline -0.003 -86"><span class='ocrx_word' id='word_1_526' title='bbox 117 3681 169 3734; x_wconf 87' lang='lat' dir='ltr'><strong>eet</strong></span> <span class='ocrx_word' id='word_1_527' title='bbox 185 3689 243 3735; x_wconf 90' lang='lat' dir='ltr'><strong>cur</strong></span> <span class='ocrx_word' id='word_1_528' title='bbox 261 3667 371 3733; x_wconf 87' lang='lat' dir='ltr'><strong>Deum</strong></span> <span class='ocrx_word' id='word_1_529' title='bbox 394 3666 507 3732; x_wconf 90' lang='lat' dir='ltr'><strong>multis</strong></span> <span class='ocrx_word' id='word_1_530' title='bbox 529 3665 682 3749; x_wconf 88' lang='lat' dir='ltr'><strong>epithetis</strong></span> <span class='ocrx_word' id='word_1_531' title='bbox 707 3667 873 3820; x_wconf 61' lang='lat' dir='ltr'><strong>insigniat,</strong></span> <span class='ocrx_word' id='word_1_532' title='bbox 896 3677 934 3732; x_wconf 87' lang='lat' dir='ltr'><strong>ut</strong></span> <span class='ocrx_word' id='word_1_533' title='bbox 951 3667 1085 3732; x_wconf 89' lang='lat' dir='ltr'><strong>totidem</strong></span> 
     </span>
    </p>
   </div>
   <div class='ocr_carea' id='block_1_7' title="bbox 117 3752 2104 3838">
    <p class='ocr_par' dir='ltr' id='par_1_9' title="bbox 117 3752 2104 3838">
     <span class='ocr_line' id='line_1_55' title="bbox 117 3752 2104 3838; baseline -0.001 -18"><span class='ocrx_word' id='word_1_534' title='bbox 117 3754 242 3821; x_wconf 88' lang='lat' dir='ltr'><strong>scilicet</strong></span> <span class='ocrx_word' id='word_1_535' title='bbox 263 3755 383 3838; x_wconf 81' lang='lat' dir='ltr'><strong>clypeis</strong></span> <span class='ocrx_word' id='word_1_536' title='bbox 401 3754 542 3836; x_wconf 84' lang='lat' dir='ltr'><strong>excipiat</strong></span> <span class='ocrx_word' id='word_1_537' title='bbox 558 3773 596 3817; x_wconf 90' lang='lat' dir='ltr'><strong>ac</strong></span> <span class='ocrx_word' id='word_1_538' title='bbox 614 3752 753 3836; x_wconf 89' lang='lat' dir='ltr'><strong>repellat</strong></span> <span class='ocrx_word' id='word_1_539' title='bbox 796 3761 913 3819; x_wconf 90' lang='lat' dir='ltr'><strong>atanae</strong></span> <span class='ocrx_word' id='word_1_540' title='bbox 932 3753 1084 3818; x_wconf 88' lang='lat' dir='ltr'><strong>insultus.</strong></span> <span class='ocrx_word' id='word_1_541' title='bbox 1137 3755 1274 3817; x_wconf 89' lang='lat' dir='ltr'><strong>materia</strong></span> <span class='ocrx_word' id='word_1_542' title='bbox 1295 3754 1515 3835; x_wconf 87' lang='lat' dir='ltr'><strong>eompositam,</strong></span> <span class='ocrx_word' id='word_1_543' title='bbox 1545 3753 1676 3819; x_wconf 88' lang='lat' dir='ltr'><strong>additur</strong></span> <span class='ocrx_word' id='word_1_544' title='bbox 1698 3764 1809 3818; x_wconf 89' lang='lat' dir='ltr'><strong>tamen</strong></span> <span class='ocrx_word' id='word_1_545' title='bbox 1832 3753 2009 3836; x_wconf 89' lang='lat' dir='ltr'><strong>epitheton,</strong></span> <span class='ocrx_word' id='word_1_546' title='bbox 2043 3757 2104 3819; x_wconf 92' lang='lat' dir='ltr'><strong>im·</strong></span> 
     </span>
    </p>
   </div>
   <div class='ocr_carea' id='block_1_8' title="bbox 118 3834 2217 3924">
    <p class='ocr_par' dir='ltr' id='par_1_10' title="bbox 118 3834 2217 3924">
     <span class='ocr_line' id='line_1_56' title="bbox 118 3834 2217 3924; baseline 0.001 -21"><span class='ocrx_word' id='word_1_547' title='bbox 118 3840 159 3904; x_wconf 93' lang='lat' dir='ltr'><strong>In</strong></span> <span class='ocrx_word' id='word_1_548' title='bbox 182 3842 246 3905; x_wconf 91' lang='lat' dir='ltr'><strong>fine</strong></span> <span class='ocrx_word' id='word_1_549' title='bbox 270 3860 393 3919; x_wconf 90' lang='lat' dir='ltr'><strong>versus,</strong></span> <span class='ocrx_word' id='word_1_550' title='bbox 416 3839 470 3904; x_wconf 90' lang='lat' dir='ltr'><strong>uhi</strong></span> <span class='ocrx_word' id='word_1_551' title='bbox 492 3838 580 3921; x_wconf 87' lang='lat' dir='ltr'><strong>dicit,</strong></span> <span class='ocrx_word' id='word_1_552' title='bbox 605 3858 667 3904; x_wconf 83' lang='grc' dir='ltr'><strong>παπ</strong></span> <span class='ocrx_word' id='word_1_553' title='bbox 688 3838 786 3919; x_wconf 85' lang='lat' dir='ltr'><strong>labar,</strong></span> <span class='ocrx_word' id='word_1_554' title='bbox 809 3840 863 3904; x_wconf 88' lang='lat' dir='ltr'><strong>vel</strong></span> <span class='ocrx_word' id='word_1_555' title='bbox 885 3859 951 3903; x_wconf 90' lang='lat' dir='ltr'><strong>non</strong></span> <span class='ocrx_word' id='word_1_556' title='bbox 975 3859 1085 3903; x_wconf 92' lang='lat' dir='ltr'><strong>move·</strong></span> <span class='ocrx_word' id='word_1_557' title='bbox 1136 3839 1265 3920; x_wconf 90' lang='lat' dir='ltr'><strong>petuosi</strong></span> <span class='ocrx_word' id='word_1_558' title='bbox 1286 3847 1319 3903; x_wconf 93' lang='lat' dir='ltr'><strong>et</strong></span> <span class='ocrx_word' id='word_1_559' title='bbox 1340 3838 1476 3903; x_wconf 89' lang='lat' dir='ltr'><strong>violenti</strong></span> <span class='ocrx_word' id='word_1_560' title='bbox 1498 3859 1594 3904; x_wconf 89' lang='lat' dir='ltr'><strong>casus</strong></span> <span class='ocrx_word' id='word_1_561' title='bbox 1617 3839 1822 3922; x_wconf 87' lang='lat' dir='ltr'><strong>exprimendi</strong></span> <span class='ocrx_word' id='word_1_562' title='bbox 1845 3858 1951 3904; x_wconf 89' lang='lat' dir='ltr'><strong>causa.</strong></span> <span class='ocrx_word' id='word_1_563' title='bbox 1993 3838 2103 3924; x_wconf 85' lang='lat' dir='ltr'><strong>Sigui-</strong></span> <span class='ocrx_word' id='word_1_564' title='bbox 2214 3834 2217 3845; x_wconf 85' lang='lat'>&#39;</span> 
     </span>
    </p>
   </div>
   <div class='ocr_carea' id='block_1_9' title="bbox 117 3921 2105 5034">
    <p class='ocr_par' dir='ltr' id='par_1_11' title="bbox 118 3921 2105 4268">
     <span class='ocr_line' id='line_1_57' title="bbox 120 3921 2105 4010; baseline 0.001 -20"><span class='ocrx_word' id='word_1_565' title='bbox 120 3926 177 3990; x_wconf 91' lang='lat' dir='ltr'><strong>bor</strong></span> <span class='ocrx_word' id='word_1_566' title='bbox 196 3925 345 4010; x_wconf 66' lang='grc' dir='ltr'><strong>ανααϋθν,</strong></span> <span class='ocrx_word' id='word_1_567' title='bbox 376 3923 560 3989; x_wconf 90' lang='lat' dir='ltr'><strong>subindicat</strong></span> <span class='ocrx_word' id='word_1_568' title='bbox 589 3923 660 3988; x_wconf 91' lang='lat' dir='ltr'><strong>fieri</strong></span> <span class='ocrx_word' id='word_1_569' title='bbox 682 3924 812 4006; x_wconf 90' lang='lat' dir='ltr'><strong>quidem</strong></span> <span class='ocrx_word' id='word_1_570' title='bbox 838 3945 931 4008; x_wconf 87' lang='lat' dir='ltr'><strong>posse</strong></span> <span class='ocrx_word' id='word_1_571' title='bbox 953 3934 990 3988; x_wconf 91' lang='lat' dir='ltr'><strong>ut</strong></span> <span class='ocrx_word' id='word_1_572' title='bbox 1012 3943 1086 4007; x_wconf 92' lang='lat' dir='ltr'><strong>pre·</strong></span> <span class='ocrx_word' id='word_1_573' title='bbox 1137 3926 1214 3990; x_wconf 89' lang='lat' dir='ltr'><strong>ficut</strong></span> <span class='ocrx_word' id='word_1_574' title='bbox 1241 3944 1319 4002; x_wconf 83' lang='lat' dir='ltr'><strong>ergo</strong></span> <span class='ocrx_word' id='word_1_575' title='bbox 1344 3921 1470 4003; x_wconf 88' lang='lat' dir='ltr'><strong>David,</strong></span> <span class='ocrx_word' id='word_1_576' title='bbox 1502 3924 1652 4006; x_wconf 87' lang='lat' dir='ltr'><strong>quamvis</strong></span> <span class='ocrx_word' id='word_1_577' title='bbox 1677 3925 1711 3988; x_wconf 91' lang='lat' dir='ltr'><strong>iu</strong></span> <span class='ocrx_word' id='word_1_578' title='bbox 1740 3923 1879 3989; x_wconf 90' lang='lat' dir='ltr'><strong>sublime</strong></span> <span class='ocrx_word' id='word_1_579' title='bbox 1909 3927 2008 3990; x_wconf 88' lang='lat' dir='ltr'><strong>erecti</strong></span> <span class='ocrx_word' id='word_1_580' title='bbox 2037 3927 2105 3991; x_wconf 91' lang='lat' dir='ltr'><strong>sint</strong></span> 
     </span>
     <span class='ocr_line' id='line_1_58' title="bbox 118 4008 2105 4094; baseline 0.001 -18"><span class='ocrx_word' id='word_1_581' title='bbox 118 4020 229 4077; x_wconf 88' lang='lat' dir='ltr'><strong>matur</strong></span> <span class='ocrx_word' id='word_1_582' title='bbox 251 4012 348 4076; x_wconf 90' lang='lat' dir='ltr'><strong>rebus</strong></span> <span class='ocrx_word' id='word_1_583' title='bbox 371 4009 527 4092; x_wconf 87' lang='lat' dir='ltr'><strong>adversis,</strong></span> <span class='ocrx_word' id='word_1_584' title='bbox 550 4010 627 4091; x_wconf 89' lang='lat' dir='ltr'><strong>quia</strong></span> <span class='ocrx_word' id='word_1_585' title='bbox 644 4008 766 4074; x_wconf 89' lang='lat' dir='ltr'><strong>sciehat</strong></span> <span class='ocrx_word' id='word_1_586' title='bbox 787 4010 1016 4076; x_wconf 90' lang='lat' dir='ltr'><strong>communibus</strong></span> <span class='ocrx_word' id='word_1_587' title='bbox 1038 4011 1086 4074; x_wconf 91' lang='lat' dir='ltr'><strong>in·</strong></span> <span class='ocrx_word' id='word_1_588' title='bbox 1136 4009 1245 4075; x_wconf 90' lang='lat' dir='ltr'><strong>hostes</strong></span> <span class='ocrx_word' id='word_1_589' title='bbox 1268 4008 1328 4088; x_wconf 90' lang='lat' dir='ltr'><strong>sui,</strong></span> <span class='ocrx_word' id='word_1_590' title='bbox 1351 4017 1384 4074; x_wconf 93' lang='lat' dir='ltr'><strong>et</strong></span> <span class='ocrx_word' id='word_1_591' title='bbox 1401 4031 1443 4075; x_wconf 88' lang='lat' dir='ltr'><strong>ex</strong></span> <span class='ocrx_word' id='word_1_592' title='bbox 1459 4011 1552 4094; x_wconf 88' lang='lat' dir='ltr'><strong>largo</strong></span> <span class='ocrx_word' id='word_1_593' title='bbox 1572 4009 1781 4091; x_wconf 82' lang='lat' dir='ltr'><strong>fastuosoque</strong></span> <span class='ocrx_word' id='word_1_594' title='bbox 1803 4009 1958 4091; x_wconf 87' lang='lat' dir='ltr'><strong>pulmone</strong></span> <span class='ocrx_word' id='word_1_595' title='bbox 1980 4022 2105 4078; x_wconf 87' lang='lat' dir='ltr'><strong>atroces</strong></span> 
     </span>
     <span class='ocr_line' id='line_1_59' title="bbox 118 4094 2103 4180; baseline -0.002 -15"><span class='ocrx_word' id='word_1_596' title='bbox 118 4094 296 4165; x_wconf 89' lang='lat' dir='ltr'><strong>commodis</strong></span> <span class='ocrx_word' id='word_1_597' title='bbox 327 4118 363 4162; x_wconf 91' lang='lat' dir='ltr'><strong>se</strong></span> <span class='ocrx_word' id='word_1_598' title='bbox 395 4116 465 4161; x_wconf 83' lang='lat' dir='ltr'><strong>esse</strong></span> <span class='ocrx_word' id='word_1_599' title='bbox 497 4095 694 4159; x_wconf 85' lang='lat' dir='ltr'><strong>obnoxium:</strong></span> <span class='ocrx_word' id='word_1_600' title='bbox 727 4096 784 4161; x_wconf 89' lang='lat' dir='ltr'><strong>sed</strong></span> <span class='ocrx_word' id='word_1_601' title='bbox 817 4095 877 4160; x_wconf 92' lang='lat' dir='ltr'><strong>sibi</strong></span> <span class='ocrx_word' id='word_1_602' title='bbox 912 4094 1085 4178; x_wconf 87' lang='lat' dir='ltr'><strong>persuadet</strong></span> <span class='ocrx_word' id='word_1_603' title='bbox 1138 4096 1243 4159; x_wconf 89' lang='lat' dir='ltr'><strong>minas</strong></span> <span class='ocrx_word' id='word_1_604' title='bbox 1277 4103 1423 4178; x_wconf 89' lang='lat' dir='ltr'><strong>crepent,</strong></span> <span class='ocrx_word' id='word_1_605' title='bbox 1457 4097 1598 4160; x_wconf 89' lang='lat' dir='ltr'><strong>ruituros</strong></span> <span class='ocrx_word' id='word_1_606' title='bbox 1631 4103 1741 4158; x_wconf 90' lang='lat' dir='ltr'><strong>tamen</strong></span> <span class='ocrx_word' id='word_1_607' title='bbox 1774 4096 1881 4159; x_wconf 90' lang='lat' dir='ltr'><strong>subito</strong></span> <span class='ocrx_word' id='word_1_608' title='bbox 1914 4110 1947 4159; x_wconf 89' lang='lat' dir='ltr'><strong>et</strong></span> <span class='ocrx_word' id='word_1_609' title='bbox 1975 4095 2103 4180; x_wconf 89' lang='lat' dir='ltr'><strong>quidem</strong></span> 
     </span>
     <span class='ocr_line' id='line_1_60' title="bbox 118 4179 1860 4268; baseline -0.002 -18"><span class='ocrx_word' id='word_1_610' title='bbox 118 4203 215 4250; x_wconf 79' lang='lat' dir='ltr'><strong>cesus</strong></span> <span class='ocrx_word' id='word_1_611' title='bbox 235 4203 302 4248; x_wconf 90' lang='lat' dir='ltr'><strong>nou</strong></span> <span class='ocrx_word' id='word_1_612' title='bbox 324 4183 392 4248; x_wconf 85' lang='lat' dir='ltr'><strong>fore</strong></span> <span class='ocrx_word' id='word_1_613' title='bbox 415 4180 606 4259; x_wconf 81' lang='lat' dir='ltr'><strong>mortiferos,</strong></span> <span class='ocrx_word' id='word_1_614' title='bbox 629 4182 704 4262; x_wconf 88' lang='lat' dir='ltr'><strong>quia</strong></span> <span class='ocrx_word' id='word_1_615' title='bbox 722 4179 813 4246; x_wconf 88' lang='lat' dir='ltr'><strong>Deus</strong></span> <span class='ocrx_word' id='word_1_616' title='bbox 834 4190 994 4268; x_wconf 83' lang='lat' dir='ltr'><strong>supponet</strong></span> <span class='ocrx_word' id='word_1_617' title='bbox 1016 4203 1084 4245; x_wconf 90' lang='lat' dir='ltr'><strong>ma·</strong></span> <span class='ocrx_word' id='word_1_618' title='bbox 1138 4181 1305 4263; x_wconf 88' lang='lat' dir='ltr'><strong>praecipiti</strong></span> <span class='ocrx_word' id='word_1_619' title='bbox 1328 4200 1414 4259; x_wconf 85' lang='lat' dir='ltr'><strong>casu,</strong></span> <span class='ocrx_word' id='word_1_620' title='bbox 1435 4181 1543 4245; x_wconf 91' lang='lat' dir='ltr'><strong>instar</strong></span> <span class='ocrx_word' id='word_1_621' title='bbox 1565 4180 1698 4262; x_wconf 90' lang='lat' dir='ltr'><strong>parietis</strong></span> <span class='ocrx_word' id='word_1_622' title='bbox 1719 4180 1860 4263; x_wconf 89' lang='lat' dir='ltr'><strong>impulsi.</strong></span> 
     </span>
    </p>

    <p class='ocr_par' dir='ltr' id='par_1_12' title="bbox 117 4264 2104 5034">
     <span class='ocr_line' id='line_1_61' title="bbox 119 4264 2104 4350; baseline -0.002 -15"><span class='ocrx_word' id='word_1_623' title='bbox 119 4289 200 4335; x_wconf 92' lang='lat' dir='ltr'><strong>num</strong></span> <span class='ocrx_word' id='word_1_624' title='bbox 221 4289 325 4333; x_wconf 86' lang='lat' dir='ltr'><strong>suam.</strong></span> <span class='ocrx_word' id='word_1_625' title='bbox 369 4268 489 4334; x_wconf 80' lang='lat' dir='ltr'><strong>Postea</strong></span> <span class='ocrx_word' id='word_1_626' title='bbox 515 4265 707 4348; x_wconf 87' lang='lat' dir='ltr'><strong>simpliciter</strong></span> <span class='ocrx_word' id='word_1_627' title='bbox 728 4264 813 4332; x_wconf 89' lang='lat' dir='ltr'><strong>dicet</strong></span> <span class='ocrx_word' id='word_1_628' title='bbox 836 4267 957 4350; x_wconf 90' lang='lat' dir='ltr'><strong>absque</strong></span> <span class='ocrx_word' id='word_1_629' title='bbox 979 4266 1084 4332; x_wconf 89' lang='lat' dir='ltr'><strong>adiec-</strong></span> <span class='ocrx_word' id='word_1_630' title='bbox 1222 4267 1251 4330; x_wconf 83' lang='lat'><strong>5.</strong></span> <span class='ocrx_word' id='word_1_631' title='bbox 1275 4264 1409 4350; x_wconf 80' lang='lat' dir='ltr'><strong>(Tamen</strong></span> <span class='ocrx_word' id='word_1_632' title='bbox 1430 4267 1467 4332; x_wconf 81' lang='lat' dir='ltr'><strong>de</strong></span> <span class='ocrx_word' id='word_1_633' title='bbox 1485 4267 1649 4332; x_wconf 69' lang='grc' dir='ltr'><strong><em>θῑθπαέθῗαπθ</em></strong></span> <span class='ocrx_word' id='word_1_634' title='bbox 1668 4265 1760 4350; x_wconf 72' lang='lat' dir='ltr'><strong>aas.)</strong></span> <span class='ocrx_word' id='word_1_635' title='bbox 1794 4265 1933 4349; x_wconf 84' lang='lat' dir='ltr'><strong>Semper</strong></span> <span class='ocrx_word' id='word_1_636' title='bbox 1954 4269 2104 4334; x_wconf 90' lang='lat' dir='ltr'><strong>adversa-</strong></span> 
     </span>
     <span class='ocr_line' id='line_1_62' title="bbox 118 4349 2104 4467; baseline -0.001 -48"><span class='ocrx_word' id='word_1_637' title='bbox 118 4351 516 4436; x_wconf 65' lang='lat' dir='ltr'><strong>transiveruntque</strong></span> <span class='ocrx_word' id='word_1_638' title='bbox 539 4371 605 4415; x_wconf 90' lang='lat' dir='ltr'><strong>non</strong></span> <span class='ocrx_word' id='word_1_639' title='bbox 627 4349 737 4415; x_wconf 87' lang='lat' dir='ltr'><strong>labar:</strong></span> <span class='ocrx_word' id='word_1_640' title='bbox 760 4354 843 4418; x_wconf 84' lang='lat' dir='ltr'><strong>torte</strong></span> <span class='ocrx_word' id='word_1_641' title='bbox 864 4354 941 4435; x_wconf 89' lang='lat' dir='ltr'><strong>qnia</strong></span> <span class='ocrx_word' id='word_1_642' title='bbox 962 4353 1086 4417; x_wconf 89' lang='lat' dir='ltr'><strong>orande</strong></span> <span class='ocrx_word' id='word_1_643' title='bbox 1138 4352 1204 4416; x_wconf 92' lang='lat' dir='ltr'><strong>tive</strong></span> <span class='ocrx_word' id='word_1_644' title='bbox 1234 4353 1432 4435; x_wconf 89' lang='lat' dir='ltr'><strong>interpretor</strong></span> <span class='ocrx_word' id='word_1_645' title='bbox 1460 4351 1652 4433; x_wconf 90' lang='lat' dir='ltr'><strong>particulam</strong></span> <span class='ocrx_word' id='word_1_646' title='bbox 1676 4361 1747 4467; x_wconf 51' lang='lat' dir='ltr'><strong>pe:</strong></span> <span class='ocrx_word' id='word_1_647' title='bbox 1780 4354 1856 4433; x_wconf 90' lang='lat' dir='ltr'><strong>quia</strong></span> <span class='ocrx_word' id='word_1_648' title='bbox 1886 4353 1970 4418; x_wconf 89' lang='lat' dir='ltr'><strong>sicut</strong></span> <span class='ocrx_word' id='word_1_649' title='bbox 1997 4353 2104 4418; x_wconf 85' lang='lat' dir='ltr'><strong>David</strong></span> 
     </span>
     <span class='ocr_line' id='line_1_63' title="bbox 117 4435 2104 4526; baseline -0.002 -20"><span class='ocrx_word' id='word_1_650' title='bbox 117 4441 314 4526; x_wconf 84' lang='lat' dir='ltr'><strong>prefecerat,</strong></span> <span class='ocrx_word' id='word_1_651' title='bbox 351 4450 388 4505; x_wconf 87' lang='lat' dir='ltr'><strong>ut</strong></span> <span class='ocrx_word' id='word_1_652' title='bbox 419 4435 636 4506; x_wconf 89' lang='lat' dir='ltr'><strong>confidentius</strong></span> <span class='ocrx_word' id='word_1_653' title='bbox 668 4436 860 4504; x_wconf 85' lang='lat' dir='ltr'><strong>afflictiones</strong></span> <span class='ocrx_word' id='word_1_654' title='bbox 896 4438 1084 4522; x_wconf 89' lang='lat' dir='ltr'><strong>despiceret.</strong></span> <span class='ocrx_word' id='word_1_655' title='bbox 1138 4436 1178 4502; x_wconf 89' lang='lat' dir='ltr'><strong>ab</strong></span> <span class='ocrx_word' id='word_1_656' title='bbox 1200 4458 1268 4502; x_wconf 91' lang='lat' dir='ltr'><strong>una</strong></span> <span class='ocrx_word' id='word_1_657' title='bbox 1297 4445 1389 4519; x_wconf 87' lang='lat' dir='ltr'><strong>parte</strong></span> <span class='ocrx_word' id='word_1_658' title='bbox 1418 4438 1568 4502; x_wconf 88' lang='lat' dir='ltr'><strong>aedificat</strong></span> <span class='ocrx_word' id='word_1_659' title='bbox 1595 4436 1694 4501; x_wconf 89' lang='lat' dir='ltr'><strong>fidem</strong></span> <span class='ocrx_word' id='word_1_660' title='bbox 1723 4457 1831 4514; x_wconf 87' lang='lat' dir='ltr'><strong>suam,</strong></span> <span class='ocrx_word' id='word_1_661' title='bbox 1863 4448 1902 4502; x_wconf 89' lang='lat' dir='ltr'><strong>ut</strong></span> <span class='ocrx_word' id='word_1_662' title='bbox 1930 4438 2025 4502; x_wconf 91' lang='lat' dir='ltr'><strong>firma</strong></span> <span class='ocrx_word' id='word_1_663' title='bbox 2054 4460 2104 4504; x_wconf 91' lang='lat' dir='ltr'><strong>re-</strong></span> 
     </span>
     <span class='ocr_line' id='line_1_64' title="bbox 119 4520 2103 4609; baseline -0.001 -18"><span class='ocrx_word' id='word_1_664' title='bbox 119 4527 316 4609; x_wconf 80' lang='lat' dir='ltr'><strong>Quanquam</strong></span> <span class='ocrx_word' id='word_1_665' title='bbox 344 4524 454 4609; x_wconf 89' lang='lat' dir='ltr'><strong>potius</strong></span> <span class='ocrx_word' id='word_1_666' title='bbox 475 4520 605 4588; x_wconf 91' lang='lat' dir='ltr'><strong>videtur</strong></span> <span class='ocrx_word' id='word_1_667' title='bbox 625 4521 711 4586; x_wconf 90' lang='lat' dir='ltr'><strong>idem</strong></span> <span class='ocrx_word' id='word_1_668' title='bbox 735 4524 819 4589; x_wconf 87' lang='lat' dir='ltr'><strong>velle</strong></span> <span class='ocrx_word' id='word_1_669' title='bbox 848 4535 985 4607; x_wconf 90' lang='lat' dir='ltr'><strong>utroque</strong></span> <span class='ocrx_word' id='word_1_670' title='bbox 1006 4525 1084 4590; x_wconf 89' lang='lat' dir='ltr'><strong>loco.</strong></span> <span class='ocrx_word' id='word_1_671' title='bbox 1137 4525 1267 4589; x_wconf 85' lang='lat' dir='ltr'><strong>cumbet</strong></span> <span class='ocrx_word' id='word_1_672' title='bbox 1296 4524 1491 4606; x_wconf 88' lang='lat' dir='ltr'><strong>ingratiam</strong></span> <span class='ocrx_word' id='word_1_673' title='bbox 1513 4522 1593 4588; x_wconf 88' lang='lat' dir='ltr'><strong>Dei:</strong></span> <span class='ocrx_word' id='word_1_674' title='bbox 1623 4523 1670 4587; x_wconf 89' lang='lat' dir='ltr'><strong>ita</strong></span> <span class='ocrx_word' id='word_1_675' title='bbox 1692 4522 1753 4588; x_wconf 90' lang='lat' dir='ltr'><strong>sibi</strong></span> <span class='ocrx_word' id='word_1_676' title='bbox 1782 4543 1821 4587; x_wconf 84' lang='lat' dir='ltr'><strong>ex</strong></span> <span class='ocrx_word' id='word_1_677' title='bbox 1845 4524 1982 4588; x_wconf 88' lang='lat' dir='ltr'><strong>adverse</strong></span> <span class='ocrx_word' id='word_1_678' title='bbox 2010 4535 2103 4606; x_wconf 91' lang='lat' dir='ltr'><strong>parte</strong></span> 
     </span>
     <span class='ocr_line' id='line_1_65' title="bbox 119 4608 2103 4694; baseline -0.001 -17"><span class='ocrx_word' id='word_1_679' title='bbox 119 4614 165 4678; x_wconf 84' lang='lat' dir='ltr'><strong>Et</strong></span> <span class='ocrx_word' id='word_1_680' title='bbox 187 4621 275 4676; x_wconf 88' lang='lat' dir='ltr'><strong>certe</strong></span> <span class='ocrx_word' id='word_1_681' title='bbox 298 4613 446 4694; x_wconf 87' lang='lat' dir='ltr'><strong>quamvis</strong></span> <span class='ocrx_word' id='word_1_682' title='bbox 469 4608 509 4673; x_wconf 90' lang='lat' dir='ltr'><strong>ad</strong></span> <span class='ocrx_word' id='word_1_683' title='bbox 531 4619 661 4691; x_wconf 90' lang='lat' dir='ltr'><strong>tempus</strong></span> <span class='ocrx_word' id='word_1_684' title='bbox 683 4609 794 4674; x_wconf 88' lang='lat' dir='ltr'><strong>afflicti</strong></span> <span class='ocrx_word' id='word_1_685' title='bbox 817 4612 942 4675; x_wconf 90' lang='lat' dir='ltr'><strong>iaceant</strong></span> <span class='ocrx_word' id='word_1_686' title='bbox 964 4609 1085 4685; x_wconf 85' lang='lat' dir='ltr'><strong>fideles,</strong></span> <span class='ocrx_word' id='word_1_687' title='bbox 1138 4611 1287 4692; x_wconf 87' lang='lat' dir='ltr'><strong>proponit</strong></span> <span class='ocrx_word' id='word_1_688' title='bbox 1311 4608 1453 4675; x_wconf 90' lang='lat' dir='ltr'><strong>hostium</strong></span> <span class='ocrx_word' id='word_1_689' title='bbox 1480 4610 1746 4686; x_wconf 87' lang='lat' dir='ltr'><strong>machinationes,</strong></span> <span class='ocrx_word' id='word_1_690' title='bbox 1778 4609 1959 4692; x_wconf 88' lang='lat' dir='ltr'><strong>superbiae,</strong></span> <span class='ocrx_word' id='word_1_691' title='bbox 1988 4610 2103 4675; x_wconf 91' lang='lat' dir='ltr'><strong>crude-</strong></span> 
     </span>
     <span class='ocr_line' id='line_1_66' title="bbox 119 4693 2102 4782; baseline -0.001 -20"><span class='ocrx_word' id='word_1_692' title='bbox 119 4699 196 4782; x_wconf 91' lang='lat' dir='ltr'><strong>quia</strong></span> <span class='ocrx_word' id='word_1_693' title='bbox 215 4708 326 4761; x_wconf 88' lang='lat' dir='ltr'><strong>tamen</strong></span> <span class='ocrx_word' id='word_1_694' title='bbox 348 4717 413 4761; x_wconf 93' lang='lat' dir='ltr'><strong>non</strong></span> <span class='ocrx_word' id='word_1_695' title='bbox 435 4694 653 4761; x_wconf 87' lang='lat' dir='ltr'><strong>succumbunt</strong></span> <span class='ocrx_word' id='word_1_696' title='bbox 677 4695 758 4776; x_wconf 92' lang='lat' dir='ltr'><strong>quin</strong></span> <span class='ocrx_word' id='word_1_697' title='bbox 780 4697 895 4762; x_wconf 88' lang='lat' dir='ltr'><strong>saltem</strong></span> <span class='ocrx_word' id='word_1_698' title='bbox 918 4695 1010 4760; x_wconf 89' lang='lat' dir='ltr'><strong>Deus</strong></span> <span class='ocrx_word' id='word_1_699' title='bbox 1032 4716 1086 4761; x_wconf 87' lang='lat' dir='ltr'><strong>eos</strong></span> <span class='ocrx_word' id='word_1_700' title='bbox 1138 4696 1249 4776; x_wconf 88' lang='lat' dir='ltr'><strong>litatis,</strong></span> <span class='ocrx_word' id='word_1_701' title='bbox 1276 4694 1426 4760; x_wconf 81' lang='lat' dir='ltr'><strong>fraudum</strong></span> <span class='ocrx_word' id='word_1_702' title='bbox 1458 4707 1492 4761; x_wconf 92' lang='lat' dir='ltr'><strong>et</strong></span> <span class='ocrx_word' id='word_1_703' title='bbox 1520 4694 1671 4761; x_wconf 90' lang='lat' dir='ltr'><strong>audaciae</strong></span> <span class='ocrx_word' id='word_1_704' title='bbox 1701 4695 1827 4777; x_wconf 88' lang='lat' dir='ltr'><strong>plenas:</strong></span> <span class='ocrx_word' id='word_1_705' title='bbox 1862 4714 1900 4758; x_wconf 88' lang='lat' dir='ltr'><strong>ac</strong></span> <span class='ocrx_word' id='word_1_706' title='bbox 1921 4696 1949 4759; x_wconf 89' lang='lat' dir='ltr'><strong>ei</strong></span> <span class='ocrx_word' id='word_1_707' title='bbox 1971 4693 2102 4774; x_wconf 89' lang='lat' dir='ltr'><strong>diceret,</strong></span> 
     </span>
     <span class='ocr_line' id='line_1_67' title="bbox 120 4778 2103 4864; baseline -0.001 -17"><span class='ocrx_word' id='word_1_708' title='bbox 120 4782 264 4857; x_wconf 75' lang='lat' dir='ltr'><strong>similat,</strong></span> <span class='ocrx_word' id='word_1_709' title='bbox 298 4780 359 4845; x_wconf 93' lang='lat' dir='ltr'><strong>hoc</strong></span> <span class='ocrx_word' id='word_1_710' title='bbox 392 4801 456 4845; x_wconf 89' lang='lat' dir='ltr'><strong>non</strong></span> <span class='ocrx_word' id='word_1_711' title='bbox 485 4791 536 4844; x_wconf 89' lang='lat' dir='ltr'><strong>est</strong></span> <span class='ocrx_word' id='word_1_712' title='bbox 564 4779 695 4864; x_wconf 82' lang='lat' dir='ltr'><strong>proprie</strong></span> <span class='ocrx_word' id='word_1_713' title='bbox 728 4781 859 4848; x_wconf 87' lang='lat' dir='ltr'><strong>cadere:</strong></span> <span class='ocrx_word' id='word_1_714' title='bbox 892 4782 957 4846; x_wconf 90' lang='lat' dir='ltr'><strong>imo</strong></span> <span class='ocrx_word' id='word_1_715' title='bbox 987 4801 1085 4863; x_wconf 89' lang='lat' dir='ltr'><strong>quum</strong></span> <span class='ocrx_word' id='word_1_716' title='bbox 1139 4779 1298 4860; x_wconf 81' lang='lat' dir='ltr'><strong>Quamvis</strong></span> <span class='ocrx_word' id='word_1_717' title='bbox 1329 4782 1437 4846; x_wconf 90' lang='lat' dir='ltr'><strong>omnia</strong></span> <span class='ocrx_word' id='word_1_718' title='bbox 1459 4782 1605 4847; x_wconf 89' lang='lat' dir='ltr'><strong>conando</strong></span> <span class='ocrx_word' id='word_1_719' title='bbox 1633 4780 1715 4844; x_wconf 93' lang='lat' dir='ltr'><strong>nihil</strong></span> <span class='ocrx_word' id='word_1_720' title='bbox 1738 4778 1825 4843; x_wconf 90' lang='lat' dir='ltr'><strong>aliud</strong></span> <span class='ocrx_word' id='word_1_721' title='bbox 1848 4780 2019 4862; x_wconf 88' lang='lat' dir='ltr'><strong>proficiant</strong></span> <span class='ocrx_word' id='word_1_722' title='bbox 2040 4783 2103 4846; x_wconf 90' lang='lat' dir='ltr'><strong>nisi</strong></span> 
     </span>
     <span class='ocr_line' id='line_1_68' title="bbox 119 4865 2102 4950; baseline -0.001 -18"><span class='ocrx_word' id='word_1_723' title='bbox 119 4868 212 4932; x_wconf 90' lang='lat' dir='ltr'><strong>Deus</strong></span> <span class='ocrx_word' id='word_1_724' title='bbox 244 4867 360 4950; x_wconf 90' lang='lat' dir='ltr'><strong>spiritu</strong></span> <span class='ocrx_word' id='word_1_725' title='bbox 394 4886 452 4931; x_wconf 90' lang='lat' dir='ltr'><strong>suo</strong></span> <span class='ocrx_word' id='word_1_726' title='bbox 483 4885 539 4930; x_wconf 90' lang='lat' dir='ltr'><strong>eos</strong></span> <span class='ocrx_word' id='word_1_727' title='bbox 569 4872 746 4940; x_wconf 80' lang='lat' dir='ltr'><strong>sustentet,</strong></span> <span class='ocrx_word' id='word_1_728' title='bbox 780 4887 846 4932; x_wconf 91' lang='lat' dir='ltr'><strong>non</strong></span> <span class='ocrx_word' id='word_1_729' title='bbox 877 4878 927 4931; x_wconf 91' lang='lat' dir='ltr'><strong>est</strong></span> <span class='ocrx_word' id='word_1_730' title='bbox 955 4865 1087 4949; x_wconf 88' lang='lat' dir='ltr'><strong>percelli</strong></span> <span class='ocrx_word' id='word_1_731' title='bbox 1138 4865 1222 4949; x_wconf 91' lang='lat' dir='ltr'><strong>quod</strong></span> <span class='ocrx_word' id='word_1_732' title='bbox 1240 4887 1275 4930; x_wconf 93' lang='lat' dir='ltr'><strong>se</strong></span> <span class='ocrx_word' id='word_1_733' title='bbox 1292 4865 1466 4948; x_wconf 90' lang='lat' dir='ltr'><strong>impellunt</strong></span> <span class='ocrx_word' id='word_1_734' title='bbox 1483 4867 1683 4948; x_wconf 88' lang='lat' dir='ltr'><strong>praecipites,</strong></span> <span class='ocrx_word' id='word_1_735' title='bbox 1707 4866 1816 4928; x_wconf 83' lang='lat' dir='ltr'><strong>lurore</strong></span> <span class='ocrx_word' id='word_1_736' title='bbox 1835 4878 1942 4929; x_wconf 89' lang='lat' dir='ltr'><strong>tamen</strong></span> <span class='ocrx_word' id='word_1_737' title='bbox 1962 4868 2102 4949; x_wconf 89' lang='lat' dir='ltr'><strong>correpti</strong></span> 
     </span>
     <span class='ocr_line' id='line_1_69' title="bbox 120 4950 2103 5034; baseline 0 -16"><span class='ocrx_word' id='word_1_738' title='bbox 120 4975 181 5020; x_wconf 92' lang='lat' dir='ltr'><strong>nec</strong></span> <span class='ocrx_word' id='word_1_739' title='bbox 202 4953 277 5018; x_wconf 88' lang='lat' dir='ltr'><strong>labi.</strong></span> <span class='ocrx_word' id='word_1_740' title='bbox 1139 4973 1204 5015; x_wconf 91' lang='lat' dir='ltr'><strong>non</strong></span> <span class='ocrx_word' id='word_1_741' title='bbox 1227 4952 1380 5018; x_wconf 90' lang='lat' dir='ltr'><strong>desinunt</strong></span> <span class='ocrx_word' id='word_1_742' title='bbox 1402 4970 1531 5034; x_wconf 89' lang='lat' dir='ltr'><strong>semper</strong></span> <span class='ocrx_word' id='word_1_743' title='bbox 1553 4952 1629 5015; x_wconf 89' lang='lat' dir='ltr'><strong>navi</strong></span> <span class='ocrx_word' id='word_1_744' title='bbox 1652 4950 1773 5032; x_wconf 90' lang='lat' dir='ltr'><strong>aliquid</strong></span> <span class='ocrx_word' id='word_1_745' title='bbox 1796 4951 1967 5016; x_wconf 88' lang='lat' dir='ltr'><strong>intendere</strong></span> <span class='ocrx_word' id='word_1_746' title='bbox 1989 4952 2029 5016; x_wconf 92' lang='lat' dir='ltr'><strong>ad</strong></span> <span class='ocrx_word' id='word_1_747' title='bbox 2051 4975 2103 5018; x_wconf 88' lang='lat' dir='ltr'><strong>me</strong></span> 
     </span>
    </p>
   </div>
   <div class='ocr_carea' id='block_1_10' title="bbox 1139 5154 2101 5280">
    <p class='ocr_par' dir='ltr' id='par_1_13' title="bbox 1139 5154 2101 5280">
     <span class='ocr_line' id='line_1_70' title="bbox 1225 5154 2101 5227; baseline 0.005 -18"><span class='ocrx_word' id='word_1_748' title='bbox 1225 5155 1253 5226; x_wconf 76' lang='lat'><strong>⁸)</strong></span> <span class='ocrx_word' id='word_1_749' title='bbox 1271 5157 1526 5225; x_wconf 82' lang='lat' dir='ltr'><strong>prolougcrca-vouv</strong></span> <span class='ocrx_word' id='word_1_750' title='bbox 1538 5154 1681 5207; x_wconf 85' lang='lat' dir='ltr'><strong>embachcs</strong></span> <span class='ocrx_word' id='word_1_751' title='bbox 1693 5161 1786 5207; x_wconf 84' lang='lat' dir='ltr'><strong>contre</strong></span> <span class='ocrx_word' id='word_1_752' title='bbox 1804 5155 1938 5223; x_wconf 89' lang='lat' dir='ltr'><strong>l’hommc,</strong></span> <span class='ocrx_word' id='word_1_753' title='bbox 1950 5170 1985 5211; x_wconf 83' lang='lat' dir='ltr'><strong>eu</strong></span> <span class='ocrx_word' id='word_1_754' title='bbox 1997 5173 2101 5227; x_wconf 67' lang='lat' dir='ltr'><strong>morae:</strong></span> 
     </span>
     <span class='ocr_line' id='line_1_71' title="bbox 1139 5240 1449 5280; baseline -0.016 0"><span class='ocrx_word' id='word_1_755' title='bbox 1139 5241 1173 5279; x_wconf 90' lang='lat' dir='ltr'><strong>ou</strong></span> <span class='ocrx_word' id='word_1_756' title='bbox 1191 5241 1379 5280; x_wconf 69' lang='lat' dir='ltr'><strong>acumen-vous</strong></span> <span class='ocrx_word' id='word_1_757' title='bbox 1396 5240 1449 5276; x_wconf 91' lang='lat' dir='ltr'><strong>sus.</strong></span> 
     </span>
    </p>
   </div>
   <div class='ocr_carea' id='block_1_11' title="bbox 0 0 2342 5856">
    <p class='ocr_par' dir='ltr' id='par_1_14' title="bbox 0 0 2342 5856">
     <span class='ocr_line' id='line_1_72' title="bbox 0 0 2342 5856; baseline 0 0"><span class='ocrx_word' id='word_1_758' title='bbox 0 0 2342 5856; x_wconf 95' lang='lat' dir='ltr'><strong> </strong></span> 
     </span>
    </p>
   </div>
  </div>
 </body>
</html>
