4658 5856
124 320 188 389 wo
879 324 1094 394 PSALIIUS
1120 325 1352 394 LXXXVIII.
2051 332 2116 400 806

125 533 187 596 que
209 510 279 577 fore
302 511 438 578 oaneudi
461 512 558 579 vices.
604 513 697 580 Addo
719 514 805 598 qnod
830 514 891 579 Dei
925 513 1094 580 ecclesiam
1147 524 1323 582 emortuo
1348 516 1485 583 distaret
1514 536 1555 581 ne
1579 515 1629 581 vel
1652 536 1825 581 aerumnae
1847 524 1987 599 nostrae,
2010 539 2113 601 quan·

123 596 280 680 singulari
303 618 421 677 amore,
442 619 529 675 aare,
552 600 659 665 studio
678 601 828 683 amplecti
847 620 881 665 se
894 598 1095 665 demonstrat
1147 603 1268 666 tumvis
1297 623 1423 686 graves,
1453 603 1677 684 desperatione
1701 622 1759 668 nos
1780 602 1979 687 oppriment:
2009 605 2113 672 velsi

124 683 292 766 prophete,
325 693 361 749 ut
394 705 453 749 sao
486 684 636 767 exemplo
666 685 865 751 adeundam
889 687 959 768 pios
982 705 1094 750 omues
1169 685 1276 752 nando
1295 709 1352 753 nos
1368 688 1545 773 aegritudo,
1564 708 1651 766 aura,
1670 686 1768 767 dolor,
1787 690 1944 767 anxietas,
1964 699 2114 757 etmetus

124 770 278 835 affectam
308 769 455 835 hortetur
482 783 515 835 et
543 770 708 852 accendat,
737 773 832 837 iuxta
857 771 949 850 illud,
971 769 1093 836 Psalm.
1146 706 1303 848 labiliter,
1334 774 1407 839 ideo
1436 784 1545 839 tamen
1577 773 1834 855 despondeamus
1856 774 1989 852 animos,
2020 797 2114 859 prae·

126 855 196 932 137,
219 854 256 920 5:
283 853 452 920 Oblivioui
471 854 565 921 detur
582 856 717 922 dextera
735 879 816 937 mea,
835 859 862 922 si
881 878 947 921 nou
969 876 1095 921 memor
1146 858 1259 922 sertim
1290 860 1343 925 ubi
1372 859 1521 926 videmus
1548 870 1699 925 sanetum
1729 860 1919 942 prophetam
1950 883 2014 926 non
2044 863 2114 929 sine

123 942 214 1007 fuero
237 941 284 1006 tui
295 940 474 1008 Ierusalem
493 941 528 1005 iu
546 942 705 1026 principio
723 944 866 1008 laetitiae
880 962 978 1007 meae.
1003 943 1094 1007 Tunc
1146 944 1290 1008 violento
1317 955 1435 1010 conatu
1465 967 1505 1011 ex
1531 944 1689 1028 profunda
1719 945 1915 1010 obscuritate
1946 948 1980 1010 in
2008 948 2113 1013 lunam

123 1027 210 1093 enim
244 1026 373 1092 demum
406 1027 441 1091 in
476 1027 611 1093 eeclesia
643 1028 824 1095 subsistunt
856 1048 969 1093 omnes
991 1028 1093 1095 nostri
1146 1028 1248 1094 bonae
1270 1032 1339 1112 spei
1362 1052 1536 1115 emergere.
1581 1030 1669 1111 Quin
1693 1031 1800 1112 potius
1822 1032 2031 1097 statuendum
2054 1043 2114 1113 est,

125 1113 271 1187 affectus,
302 1110 377 1178 dnm
399 1133 418 1177 e
440 1113 534 1196 vagis
564 1115 722 1197 vanisque
743 1113 1004 1181 distractionibus
1027 1113 1091 1177 ool·
1146 1134 1205 1197 per
1221 1116 1396 1180 osHeman
1420 1139 1439 1181 a
1461 1116 1652 1199 spiritnDei
1675 1115 1828 1198 precandi
1852 1117 2023 1182 formulam
2048 1121 2113 1186 diu·

124 1198 209 1273 lecti,
233 1206 266 1264 ot
287 1198 481 1280 posthabitis
504 1198 617 1264 mnndi
640 1199 826 1278 honoribus,
860 1200 992 1276 deliciis,
1023 1199 1091 1281 opi·
1146 1201 1218 1277 tari,
1241 1222 1304 1283 qua
1326 1202 1510 1283 desperatos
1533 1224 1644 1268 omues
1665 1203 1791 1267 invitet.

124 1284 194 1361 bns,
215 1285 351 1368 pompis,
375 1305 440 1350 una
461 1284 623 1367 spirituali
647 1286 742 1369 regui
755 1286 877 1352 Christi
899 1285 1003 1369 gloria
1014 1306 1092 1351 aon·
1231 1287 1260 1351 2.
1284 1286 1412 1372 (lebena
1440 1287 1553 1374 Deua.)
1595 1288 1783 1353 Notandum
1814 1289 1978 1371 estquod
2011 1311 2114 1373 nuper

123 1371 207 1435 tenti
230 1380 315 1435 sunt.
1146 1371 1251 1456 attigi,
1282 1374 1431 1455 quamvis
1460 1374 1651 1457 simpliciter
1679 1385 1711 1437 ot
1733 1374 1815 1438 citra
1838 1375 2039 1457 hyperbolen
2064 1398 2114 1442 ro·

1145 1459 1222 1523 citet
1252 1460 1409 1541 propheta
1431 1481 1511 1542 quos
1535 1481 1649 1543 passus
1671 1469 1721 1524 est
1743 1462 1947 1524 anxietatum
1970 1475 2003 1525 et
2025 1460 2114 1527 dolo·

1146 1564 1218 1607 rum
1260 1546 1437 1621 eruciatus,
1478 1544 1616 1611 dictasse
1658 1555 1767 1610 tamen
1799 1547 1926 1611 afflictis
1960 1547 2113 1628 precandi

1145 1630 1292 1708 formam,
1317 1652 1357 1694 nc
1379 1630 1439 1696 sub
1461 1631 1536 1695 ullis
1558 1631 1719 1696 malorum
1739 1633 1908 1696 tormentis
1927 1631 2112 1698 deficerent.

375 1709 582 1780 PSILMUS
604 1711 840 1780 LXXXVIII.
1144 1715 1217 1779 Etsi
1247 1725 1356 1779 autem
1389 1737 1446 1798 pro
1472 1716 1631 1781 malorum
1654 1717 1822 1781 atrocitate
1845 1719 1954 1782 statim
1978 1719 2113 1783 ebulliet

505 1838 508 1845 -
1144 1801 1177 1863 in
1201 1802 1410 1866 vehementes
1428 1803 1658 1884 querimonias,
1683 1801 1772 1867 brevi
1789 1812 1896 1867 tamen
1913 1804 2112 1884 praefatione

122 1883 206 1939 ARG-
226 1883 384 1951 Quanquam
408 1882 531 1935 Psslmus
555 1883 598 1937 hie
621 1883 792 1952 aruvisstimss
816 1884 1022 1938 lamentationes
1044 1884 1091 1938 ho·
1145 1888 1336 1968 tempestive
1366 1908 1401 1951 se
1429 1889 1554 1952 munit:
1585 1910 1626 1952 ne
1656 1889 1790 1953 affectus
1823 1890 1872 1953 sui
1903 1890 2029 1954 fervore
2060 1889 2112 1954 ab·

224 1952 1090 2086 tltllttalttfltlt‘titltlttffttltltt,llll
1144 1981 1266 2054 ”plut
1297 1973 1463 2054 ⁰¹³⁸lr⁰12lt
1493 1974 1600 2056 1>⁰l¹¹⁸
1621 1973 1702 2051 1³⁰⁰,
1733 1987 1764 2037 οι
1794 1974 1985 2056 ⁰¹p0⁸2¹¹¹⁰l
2015 1996 2113 2057 luam

225 2089 361 2170 laetando,
386 2089 505 2169 declarat
519 2090 668 2210 propheta,
712 2090 764 2142 uod
783 2106 816 2143 ex
835 2091 974 2158 profundis
996 2092 1091 2144 mortis
1143 2059 1334 2140 suppliciter
1356 2059 1711 2160 venlflmflflRI‘lcfllm'·
1758 2061 1863 2124 Deum
1887 2060 1973 2158 anim
1998 2061 2112 2158 Sstlulls

224 2159 346 2217 tenebris
364 2156 451 2211 Deum
470 2159 526 2210 nrhr
538 2160 643 2211 ominus
661 2108 860 2227 redemptorem
879 2160 1013 2228 imploret.
1143 2164 1218 2208 suae
1246 2163 1384 2220 vocans,
1416 2164 1506 2226 quael
1531 2152 1649 2210 inrecto
1672 2146 1799 2220 fraena,
1833 2144 1962 2210 cohibet
1992 2145 2112 2211 doloris

1143 2230 1439 2310 intemperantiam,
1462 2229 1681 2313 desperationi
1704 2233 1834 2296 ianuam
1858 2230 1989 2306 claudit,
2012 2253 2110 2314 saque

209 2313 238 2378 1.
274 2311 438 2378 Oarttioum
466 2311 591 2377 Psalmi
615 2311 757 2392 filioram
791 2311 902 2393 Corae,
939 2314 1092 2396 praedae
1143 2313 1184 2378 ad
1207 2317 1311 2380 crucis
1335 2316 1540 2379 tolerantiam
1564 2317 1672 2381 munit
1694 2324 1726 2380 ot
1748 2327 1924 2399 comparat.
1960 2315 2112 2382 Clamore

120 2418 216 2479 caper
238 2397 408 2464 Mahalatli
432 2399 474 2464 ad
494 2398 733 2476 humiliarutam,
756 2399 946 2464 eruditiorem
968 2400 1092 2465 Heraea
1143 2407 1176 2464 et
1207 2401 1395 2465 assiduitate
1423 2401 1564 2465 ostendit
1596 2422 1695 2483 qnam
1729 2403 1813 2483 serio
1842 2402 1987 2466 intentus
2016 2404 2113 2466 luerit

120 2484 281 2549 Maiae.
330 2485 360 2550 2.
385 2483 498 2549 Ieltoae
527 2483 617 2549 Deae
645 2484 758 2549 calais
786 2505 877 2562 meae,
909 2487 959 2551 die
985 2486 1091 2564 clamo,
1143 2485 1184 2551 ad
1212 2486 1380 2551 orandam.
1426 2486 1515 2550 Fieri
1544 2488 1676 2570 quidem
1706 2499 1811 2569 potest
1841 2496 1878 2551 ut
1903 2493 2021 2552 'vocam
2044 2509 2111 2552 nou

120 2576 204 2636 naeu
230 2589 335 2635 aorem
360 2575 397 2635 te.
442 2570 471 2632 3.
502 2569 613 2634 Veniat
637 2570 671 2633 ia
700 2576 890 2652 conspectam
912 2577 999 2635 tarem
1014 2591 1088 2651 pre·
1144 2572 1297 2637 extulerit
1319 2571 1415 2654 pleno
1438 2583 1587 2655 gutture:
1610 2573 1668 2638 sed
1689 2573 1847 2638 menandi
1865 2571 1962 2638 verbo
1980 2572 2021 2637 ad
2039 2594 2112 2638 oon·

121 2656 201 2721 catio
229 2676 308 2734 mea,
337 2655 456 2720 inclina
484 2675 593 2720 aurem
620 2659 707 2719 laam
733 2657 776 2721 ad
796 2656 958 2721 clamorem
978 2677 1090 2722 eneam.
1144 2659 1322 2722 tentionem
1351 2657 1528 2722 notandam
1551 2678 1616 2724 non
1639 2660 1759 2727 frastra
1782 2667 1940 2724 nauseet
1985 2658 2110 2723 Eodem

120 2743 153 2806 4.
180 2741 334 2822 Quoniam
361 2745 504 2806 saturata
532 2746 576 2806 eat
603 2741 698 2805 malis
727 2741 836 2806 anima
862 2763 940 2822 mea,
972 2747 1000 2806 et
1026 2744 1091 2807 cita
1143 2753 1271 2826 speotat
1301 2745 1551 2825 perseverantia,
1582 2744 1660 2808 dnm
1690 2765 1724 2809 so
1752 2745 1819 2808 dies
1847 2749 1875 2808 et
1904 2749 2006 2809 andes
2034 2765 2110 2809 eon·

121 2848 190 2893 mea
219 2827 343 2910 insarno
365 2827 636 2908 appropinquavit.
680 2826 710 2892 5.
734 2827 911 2908 Repatatac
931 2848 1001 2892 sam
1023 2848 1092 2892 eam
1144 2831 1290 2894 tinuasse
1313 2829 1401 2895 dicit.
1445 2829 1513 2896 Nae
1536 2850 1737 2912 supervacua
1760 2830 1858 2894 etiam
1881 2840 1931 2894 est
1952 2830 2112 2912 particula

119 2912 370 2979 descendentibus
401 2915 435 2977 ia
467 2913 658 2992 captaturum:
698 2913 749 2994 fai
781 2919 930 2994 tanquam
958 2916 1008 2979 air
1040 2914 1090 2978 cai
1143 2935 1247 2980 amam
1273 2920 1308 2994 te,
1338 2915 1413 2996 quia
1435 2918 1495 2979 etsi
1518 2917 1734 2980 communitor
1758 2935 1871 2979 omnes
1893 2915 2112 2996 querulantur

119 2999 211 3065 anua
237 3000 347 3065 ninas.
392 2999 421 3062 (i.
446 2996 534 3062 Inter
561 3003 694 3063 mortuos
715 2997 799 3076 liber,
829 3005 979 3081 tanquam
1000 2999 1090 3065 eorici
1142 3000 1176 3064 in
1217 2999 1341 3081 dolore,
1384 2999 1522 3063 multam
1561 3008 1672 3063 tamen
1705 3000 1796 3065 abest
1829 3000 1908 3081 quin
1942 3000 2112 3064 effundant

122 3086 255 3150 iaoarlea
281 3086 318 3150 ia
343 3083 491 3164 sepulcro,
520 3103 651 3164 qaenam
671 3104 731 3148 aaa
752 3104 786 3150 es
806 3104 920 3152 memor
942 3085 1088 3166 amplias,
1142 3106 1250 3151 coram
1274 3085 1344 3149 Deo
1373 3105 1450 3149 suos
1479 3086 1629 3167 gemitus,
1660 3085 1725 3148 imo
1748 3084 1851 3148 maior
1873 3106 1948 3166 pars
1972 3085 2112 3149 latebras

120 3176 149 3235 er
169 3171 225 3252 qai
246 3192 262 3236 e
282 3190 380 3236 mana
402 3174 457 3234 tna
478 3167 608 3235 mathai
628 3173 710 3235 auat.
1142 3171 1311 3253 quaeritet,
1343 3170 1378 3234 in
1409 3168 1525 3252 quihus
1551 3169 1775 3235 obmurmuret
1797 3168 1877 3249 Deo,
1906 3171 2038 3252 eiusque
2061 3191 2110 3235 ee·

1142 3257 1314 3321 raritatem
1344 3263 1487 3321 accuset:
1518 3257 1573 3320 alii
1599 3255 1755 3321 clamores
1785 3276 1862 3320 suos
1894 3264 2015 3320 temero
2038 3275 2112 3338 pro·

208 3342 236 3405 1.
270 3339 449 3424 (Canticum
481 3337 628 3425 Psalmi.)
682 3339 813 3406 Heman
846 3341 939 3406 ouius
972 3363 1088 3407 nomen
1142 3343 1258 3407 iioiunt
1284 3341 1319 3406 in
1346 3355 1464 3406 aerem.
1509 3341 1605 3407 Unde
1634 3341 1827 3425 colligimus,
1857 3361 1949 3405 rarae
1978 3342 2113 3406 virtutis

119 3427 174 3493 hio
194 3427 392 3501 inscribitur,
414 3446 490 3490 eum
513 3445 582 3490 esse
605 3424 770 3508 probabile
793 3434 844 3493 est
860 3429 951 3493 onius
969 3428 1089 3493 mentio
1142 3449 1221 3506 esse,
1250 3427 1360 3492 Deum
1389 3426 1481 3491 nobis
1511 3436 1654 3493 statuere
1683 3440 1760 3492 ante
1792 3427 1911 3507 oculos,
1943 3425 1983 3490 ad
2014 3447 2110 3509 quem

119 3514 158 3579 fit
179 3513 215 3578 in
236 3534 330 3579 saara
359 3511 505 3589 historia,
530 3513 558 3576 1.
577 3511 660 3595 Reg.
683 3512 712 3591 4,
735 3510 775 3576 31
800 3513 854 3578 abi
878 3512 955 3577 dum
977 3511 1088 3578 lauda·
1143 3523 1218 3581 vota
1240 3520 1352 3579 nostra
1375 3513 1563 3596 dirigamus.

118 3608 175 3664 tur
213 3598 384 3682 prudentia
424 3596 627 3676 Solomonis,
670 3600 838 3664 confertur
876 3619 951 3664 cum
989 3599 1087 3677 Etan,
1227 3599 1256 3663 4.
1288 3598 1456 3685 (Quorum
1488 3604 1631 3664 saturato
1663 3604 1708 3663 eet
1737 3598 1831 3663 atalia
1864 3597 1996 3684 anima.)
2048 3598 2112 3664 His

119 3684 261 3764 Homan,
289 3683 446 3749 Chalohol
476 3692 508 3748 et
537 3681 658 3748 Darda.
702 3682 846 3766 Ideoque
875 3687 993 3748 mirum
1024 3706 1088 3748 non
1142 3685 1250 3751 verbis
1273 3685 1431 3767 propheta
1453 3684 1713 3767 magnitudinem
1743 3685 1794 3749 sui
1817 3682 1936 3748 doloris
1958 3693 2130 3766 excusat:¹

118 3780 177 3846 est,
201 3769 369 3834 hominem
387 3769 564 3852 sapientiae
585 3769 701 3852 spirita
723 3776 942 3941 praestanppm
967 3769 1089 3835 Psalmi
1141 3790 1178 3836 ao
1200 3772 1226 3836 si
1256 3769 1386 3848 diderat,
1416 3791 1450 3835 se
1473 3791 1537 3835 non
1561 3769 1694 3834 mollitie
1716 3769 1770 3834 vel
1793 3768 1916 3834 deliciis
1938 3769 2018 3834 adeo
2041 3790 2111 3835 esse

120 3856 217 3921 huius
235 3863 382 3921 autorem
401 3855 509 3921 luisse.
539 3855 738 3920 Particulam
757 3831 868 3940 nbppp
908 3855 1087 3949 pquidam
1113 3872 1117 3897 ¹
1140 3857 1336 3922 clamosam:
1364 3853 1421 3921 sed
1443 3856 1471 3921 si
1494 3877 1528 3919 re
1553 3867 1664 3920 utetur
1685 3875 1746 3920 sna
1767 3854 1920 3931 conditio,
1950 3855 2113 3920 immensa

120 3942 316 4026 appellative
354 3950 506 4020 vertunt,
544 3960 642 4023 saper
681 3941 883 4006 infirmitate.
940 3940 1005 4007 Sed
1047 3962 1087 4006 ex
1141 3945 1299 4007 malorum
1328 3942 1477 4025 congerie
1507 3877 1552 4005 al
1577 3942 1839 4006 lamentationem
1871 3943 1955 4003 iuste
1978 3940 2112 4023 Impelli.

118 4026 284 4094 communi
307 4048 368 4092 usu
391 4025 555 4110 probabile
577 4025 694 4090 astrol
713 4027 874 4093 musicam
893 4027 1088 4093 instrumea·
1140 4027 1209 4093 Nee
1237 4048 1336 4093 anam
1366 4039 1494 4091 tentum
1525 4026 1600 4091 mali
1629 4026 1768 4108 speciem
1799 4023 1941 4108 profort:
1970 4026 2027 4091 sed
2049 4025 2114 4092 alia

119 4122 187 4179 tam
211 4112 320 4177 notari
342 4112 395 4177 vel
417 4112 546 4177 initium
569 4111 759 4178 oantilenao.
795 4113 845 4177 De
863 4113 937 4177 aliis
956 4114 1089 4179 vocibus
1141 4114 1214 4178 aliis
1240 4114 1339 4178 luisse
1368 4121 1514 4195 aggesta,
1549 4125 1585 4176 ut
1607 4112 1647 4177 ad
1670 4111 1812 4177 taedium
1837 4130 1941 4192 usquo
1966 4132 2022 4176 cor
2043 4111 2113 4179 eins

119 4200 182 4264 iam
216 4198 294 4264 alibi
324 4197 404 4262 satis
437 4196 557 4263 dictum
592 4204 651 4261 ost.
699 4198 800 4263 Porro
830 4208 940 4263 tenere
972 4218 1088 4282 operae
1142 4199 1344 4264 moeroribus
1376 4198 1532 4262 refertum
1561 4199 1668 4263 luerit.
1713 4195 1843 4261 Deinde
1872 4197 1907 4260 in
1928 4199 2035 4279 specie
2056 4219 2112 4262 ax·

118 4285 259 4368 pretium
282 4293 341 4366 est,
375 4283 410 4346 iu
432 4283 530 4347 nnius
552 4282 693 4348 hominis
716 4304 852 4365 persona
874 4285 972 4349 statui
997 4284 1088 4350 nobis
1113 4292 1116 4365 l
1141 4286 1255 4369 primit
1277 4285 1380 4348 vitam
1411 4303 1503 4348 snam
1527 4305 1591 4348 nou
1614 4283 1726 4366 procul
1750 4281 1890 4348 abfuisse
1912 4301 1931 4345 a
1953 4283 2112 4365 sepulcro.

117 4379 194 4437 aute
227 4368 335 4434 oeulos
368 4388 461 4432 rarae
493 4369 678 4435 afflictionis
718 4378 751 4434 et
784 4369 880 4435 simul
912 4370 1088 4452 patientiae
1112 4370 1115 4488 4
1142 4369 1207 4437 Sed
1241 4370 1303 4436 hoe
1333 4390 1460 4452 quoque
1491 4370 1638 4452 proximo
1667 4389 1765 4434 versu
1793 4369 1897 4453 magis
1926 4377 2113 4452 exaggerat,

117 4455 297 4539 speculum,
326 4474 431 4537 aequo
461 4455 546 4519 enim
579 4455 669 4520 Deus
697 4474 829 4520 serram
858 4476 962 4535 suum,
991 4475 1086 4538 quam
1141 4455 1197 4521 ubi
1228 4477 1263 4522 se
1300 4455 1393 4538 quasi
1427 4455 1612 4521 exanimem
1641 4454 1743 4521 luisse
1772 4454 1990 4538 conqueritur.
2039 4454 2112 4520 Etsi

118 4550 186 4607 tam
225 4540 401 4625 praeclaris
442 4538 571 4605 dotibus
610 4552 784 4605 ornaverat
824 4550 860 4606 ut
899 4540 971 4605 aliis
1005 4551 1089 4607 esset
1143 4541 1231 4607 enim
1263 4541 1408 4624 spirabat
1438 4540 1525 4604 inter
1558 4541 1668 4619 vivos,
1701 4541 1823 4606 multae
1852 4551 1961 4603 temen
1991 4549 2112 4606 mortes

118 4627 278 4710 exemplo,
309 4625 462 4708 privatim
488 4626 645 4704 exercuit,
674 4626 732 4691 sed
754 4646 959 4692 communem
982 4625 1088 4692 erudi·
1142 4648 1225 4712 quae
1248 4628 1393 4709 undique
1414 4625 1657 4711 impendebant,
1680 4626 1812 4691 totidem
1837 4631 1932 4690 erant
1954 4626 2111 4708 sepulcra,

119 4713 216 4778 tionis
250 4711 422 4777 materiam
456 4711 534 4776 dare
567 4711 672 4776 voluit
704 4712 855 4779 omnibus
884 4714 961 4778 suis.
1015 4711 1088 4792 Quo
1141 4713 1260 4796 quibus
1288 4733 1323 4779 se
1353 4732 1428 4776 mox
1458 4710 1703 4796 deglutiendum
1735 4710 1879 4794 putabat.
1923 4711 1970 4774 Et
1992 4732 2112 4776 nomen

119 4798 216 4863 etiem
245 4797 378 4864 oonsilio
402 4797 531 4862 Heman
559 4796 650 4862 relat
672 4796 836 4862 theatrum
859 4798 1088 4881 consuendam,
1142 4813 1217 4881 Ὃ)
1238 4798 1324 4882 quod
1348 4820 1367 4863 a
1390 4797 1583 4864 fortitudine
1605 4798 1733 4876 dicitnr,
1757 4798 1984 4879 potiusquam
2007 4797 2113 4861 homi·

119 4896 187 4948 tam
210 4902 344 4950 suarum
366 4882 605 4965 infirmitatum,
638 4903 736 4965 qnam
759 4904 836 4949 suae
859 4885 934 4950 fidei
956 4891 989 4949 et
1011 4904 1087 4950 aon·
1141 4887 1193 4949 nis
1222 4885 1355 4950 videtur
1381 4884 1543 4968 posuisse,
1573 4905 1636 4966 quo
1665 4883 1781 4948 melius
1811 4890 1963 4959 testatum
1994 4885 2114 4949 haeret

118 4971 257 5036 stantiae
278 4975 392 5035 testem
414 4968 492 5035 facit
514 4967 690 5035 ecclesiam.
734 4969 855 5036 Nostra
876 4971 964 5036 enim
987 4968 1087 5052 pluri-
1141 4979 1266 5035 tantam
1297 4972 1396 5035 luisse
1426 4969 1629 5036 atrocitatem
1653 4969 1813 5033 malornm
1836 4987 1918 5051 quae
1941 4969 1992 5034 vel
2015 4967 2112 5034 roha-

118 5075 208 5120 mum
245 5055 394 5133 interest,
433 5054 574 5121 nobilem
607 5053 672 5120 Dei
705 5075 853 5138 servum,
894 5067 927 5121 et
959 5055 1088 5122 eximiis
1141 5057 1319 5123 atissimum
1343 5075 1505 5138 quemque
1528 5057 1704 5138 frangeret

119 5141 252 5223 spiritus
274 5140 403 5206 dotibus
422 5140 633 5207 excellentem
656 5148 803 5223 spectare
825 5149 916 5208 tanta
940 5141 1087 5208 afflictio·
1227 5143 1257 5206 6.
1282 5143 1383 5225 (Inter
1410 5146 1546 5206 mortuos
1568 5139 1668 5226 liber.)
1703 5139 1784 5205 Plus
1806 5138 1961 5222 quiddam
1984 5147 2017 5204 et
2038 5159 2112 5222 gra·

119 5246 199 5291 num
228 5226 311 5292 mole
339 5227 501 5306 obrutum,
530 5235 568 5294 at
595 5225 748 5294 flebiliter
777 5226 923 5311 deplorat
947 5249 982 5295 se
1004 5227 1087 5293 nihil
1140 5229 1214 5295 vius
1234 5227 1361 5312 vulgari
1379 5236 1482 5291 morte
1494 5226 1679 5308 exprimere
1691 5224 1793 5293 voluit
1803 5224 1970 5308 propheta.
2000 5225 2112 5292 Primo

1855 5325 1905 5380 51·
