4658 5856
167 334 229 399 715
955 327 1170 400 PSALMUS
1193 329 1373 396 LXXVII.
2096 331 2153 395 116

251 522 301 586 10.
324 519 390 606 (Aa
416 520 528 586 oblitus
556 520 622 605 ast.)
666 519 780 602 Pergit
808 519 915 586 adhuc
944 523 976 586 in
1008 521 1064 585 illa
1086 521 1131 586 11-
1182 530 1364 601 emergunt.
1398 519 1500 584 Parra
1523 540 1634 584 vacem
1653 519 1737 586 hanc
1756 521 1920 586 hortantis
1940 542 2013 586 esse
2031 522 2152 601 volunt,

165 608 364 690 coaptatione
397 606 571 689 propheta,
605 607 696 669 cuins
729 621 839 670 tamon
872 607 948 672 finis
981 619 1031 672 est
1064 629 1129 672 nan
1183 617 1219 668 ut
1240 605 1302 668 sibi
1325 606 1358 668 in
1378 608 1567 670 memoriam
1587 617 1717 672 revocet
1735 606 2021 690 prophetaannos
2039 609 2153 691 quibus

164 715 252 775 spem
281 692 484 774 labefactare,
515 692 570 756 sed
598 693 705 773 patius
728 693 863 774 erigere.
908 693 1021 776 Neque
1043 696 1130 758 enim
1182 691 1356 772 propitium
1382 689 1487 755 Deum
1511 704 1666 773 expertus
1689 706 1769 757 erat.
1816 693 1952 759 Rectius
1975 706 2088 758 tamen
2109 698 2153 761 sic

164 782 344 860 interrogat
365 781 405 842 da
423 800 458 843 re
478 777 588 841 dubia:
612 775 668 840 sed
688 777 821 859 perinde
837 791 887 843 661
902 799 940 843 66
955 781 981 843 61
1001 777 1130 862 diceret,
1181 776 1403 860 intelligimus,
1428 796 1492 840 non
1514 777 1666 860 estquod
1690 787 1720 841 tc
1736 778 1844 860 ipsum
1868 780 1955 844 ultra
1977 783 2078 844 morti
2101 783 2152 845 de·

164 865 216 928 An
247 865 367 928 oblitus
394 877 444 927 est
464 862 555 927 Deus
584 884 619 927 se
641 864 771 944 ipsum?
800 865 850 926 vel
875 866 1013 928 mutavit
1036 876 1130 929 6616·
1182 862 1356 943 66661666,
1386 862 1463 944 6616
1485 873 1614 926 tantum
1638 863 1764 929 laboras
1787 862 1924 929 sanabili
1949 865 2082 944 morbo,
2109 869 2153 933 sic

163 949 257 1014 ram?
280 951 356 1032 quia
379 950 468 1014 Deus
491 970 561 1013 esse
584 969 646 1012 non
666 959 771 1029 potest
786 950 864 1030 quin
881 951 924 1015 sit
938 952 1129 1017 misericors.
1182 950 1268 1012 enim
1303 948 1475 1012 restituere
1507 948 1589 1013 salet
1624 949 1684 1013 Dei
1718 971 1836 1014 manus
1868 970 1949 1032 quas
1983 956 2152 1032 percussit

165 1036 279 1100 Fateor
318 1034 448 1118 quidem
490 1056 554 1098 nan
593 1034 721 1098 stetisse
755 1036 997 1114 inconcussum,
1037 1039 1130 1119 quasi
1184 1034 1296 1116 Neque
1319 1034 1405 1097 enim
1435 1035 1569 1115 repudio
1598 1056 1710 1098 aarum
1740 1038 1939 1100 sententiam
1969 1039 2027 1118 qui
2058 1053 2154 1121 mm

163 1122 269 1186 ferreo
297 1132 382 1185 esset
410 1131 558 1203 pectore:
588 1119 644 1184 sad
674 1140 737 1201 qua
769 1120 881 1185 161166
904 1121 1130 1204 impetebatur,
1183 1128 1315 1184 vertunt
1341 1120 1553 1196 mutationes,
1586 1141 1662 1184 nam
1694 1142 1794 1203 quum
1825 1135 1910 1204 mv
1940 1136 2074 1188 mutare
2103 1127 2153 1190 vol

164 1229 202 1272 ca
220 1209 324 1290 magis
341 1208 374 1270 in
393 1206 477 1269 hanc
494 1205 674 1270 doctrinam
691 1206 846 1282 recubuit,
863 1208 908 1271 616
923 1209 1128 1273 coniunctam
1182 1206 1299 1269 iterare
1330 1207 1505 1287 significet.
1537 1218 1636 1288 nitur
1663 1206 1807 1271 Hebraei
1836 1219 1955 1272 vocant
1981 1230 2105 1284 annas,
2134 1232 2153 1275 a

163 1314 235 1358 6666
257 1292 432 1357 bonitatem
456 1313 528 1357 oum
552 1292 615 1356 Dei
637 1293 786 1366 essentia,
809 1305 844 1355 nt
866 1293 1065 1374 impassibile
1087 1297 1131 1360 sit
1182 1291 1393 1366 revolutione,
1417 1293 1493 1371 quia
1516 1304 1689 1356 vertuntur
1711 1293 1745 1356 in
1768 1312 1847 1357 suos
1869 1293 2020 1358 circulos.
2062 1296 2154 1362 Utro·

163 1400 237 1443 aum
260 1399 324 1440 non
347 1398 417 1441 essa
443 1376 693 1442 misericordem.
739 1376 816 1440 Idco
838 1379 965 1460 quatias
987 1380 1019 1443 in
1043 1381 1129 1445 curis
1183 1378 1232 1442 vis
1255 1389 1362 1440 tamen
1393 1377 1487 1440 modo
1517 1380 1661 1458 accipere
1691 1378 1805 1457 libeat,
1835 1378 1936 1443 stabit
1966 1380 2026 1444 illa
2057 1403 2153 1463 qnam

163 1475 196 1527 et
225 1461 388 1527 doloribus
411 1463 630 1527 dubitationes
654 1463 745 1527 nabis
767 1463 935 1546 obrepunt,
967 1463 1130 1530 discamus
1182 1464 1250 1527 dixi
1272 1461 1457 1537 consolatio,
1480 1463 1564 1545 quad
1587 1464 1710 1528 scilicet
1732 1463 1891 1546 propheta
1912 1465 2012 1528 aliam
2032 1469 2155 1534 vicissi-

162 1570 290 1631 semper
312 1549 351 1612 ad
375 1548 462 1613 huna
480 1568 611 1631 scapum
632 1547 774 1630 tendere,
797 1553 851 1613 An
870 1551 960 1614 Deus
976 1563 1128 1615 naturam
1182 1548 1326 1612 tudinem
1349 1547 1410 1613 sibi
1430 1550 1631 1628 promittens,
1654 1552 1749 1614 morti
1771 1572 1806 1614 ss
1825 1551 1963 1614 minime
1981 1551 2153 1619 devoveat.

162 1654 254 1699 suam
272 1647 415 1712 exueret,
436 1642 472 1697 ut
490 1655 552 1698 non
569 1635 612 1698 611
628 1633 831 1699 misericors?
866 1636 989 1700 Eodem
1006 1649 1130 1718 spectat
1182 1634 1284 1698 Paulo
1317 1633 1412 1697 aliter
1444 1634 1702 1714 interpretantur
1730 1637 1785 1717 qui
1819 1636 1939 1717 alioqui
1975 1640 2153 1704 accedunt:

161 1720 321 1802 posterius
352 1719 542 1797 membrum,
571 1741 614 1784 an
643 1720 757 1785 clausit
779 1720 828 1782 vel
852 1722 1018 1803 prohibuit
1040 1724 1130 1788 miso-
1181 1739 1218 1784 aa
1240 1720 1267 1783 si
1290 1719 1411 1782 dicaret
1435 1720 1608 1801 propheta:
1639 1721 1708 1784 Cur
1737 1743 1825 1787 nuuc
1853 1723 2067 1788 severitatem
2091 1725 2153 1790 Dei

159 1806 296 1870 rationes
316 1825 394 1870 suaa
415 1806 450 1870 ira
471 1806 549 1869 1161
582 1805 751 1870 celebrem
773 1806 859 1870 enim
882 1807 1005 1872 6666116
1028 1810 1126 1890 66111-
1181 1826 1245 1869 666
1269 1805 1403 1882 1616166,
1432 1806 1524 1869 66166
1547 1805 1762 1871 beneficentia
1783 1807 1931 1871 suaviter
1953 1810 2099 1875 antehac
2122 1826 2152 1876 te

161 1892 221 1956 bus
237 1901 308 1955 crat
325 1891 465 1974 elogium
480 1891 571 1970 illud,
591 1890 697 1955 Deum
716 1891 915 1974 langacessa
928 1894 1127 1972 tolerantiae,
1179 1890 1281 1955 fovit?
1304 1892 1399 1956 sicuti
1421 1890 1480 1954 Iob
1503 1890 1640 1967 dicebat,
1663 1893 1694 1975 2,
1714 1893 1768 1957 10:
1804 1890 1841 1958 Si
1866 1894 1951 1958 bona
1966 1897 2152 1978 recepimus

160 1976 291 2041 tardum
319 1977 358 2040 ad
390 1977 480 2052 iram,
512 1977 553 2041 ad
577 1977 707 2042 veniam
730 1998 927 2059 propensum
955 1992 989 2043 et
1018 2001 1129 2043 exora·
1180 1997 1318 2041 amana
1342 1976 1423 2051 Dei,
1453 1977 1539 2039 mala
1561 1978 1660 2041 etiam
1683 1998 1743 2042 aar
1773 2000 1838 2042 nan
1869 1980 2041 2044 feremus?
2086 1982 2151 2047 Sed

160 2063 269 2127 bilem.
314 2061 410 2128 Unde
438 2063 536 2126 etiam
567 2061 689 2127 dictum
715 2063 793 2127 illud
815 2066 953 2146 sumpsit
975 2065 1128 2131 Habacnc
1179 2065 1284 2145 magis
1307 2062 1472 2145 probabile
1495 2063 1752 2145 estpraphetam
1772 2064 1931 2148 respicere
1949 2066 1984 2128 in
2004 2067 2151 2133 futurum

158 2149 193 2212 in
222 2169 280 2213 suo
308 2149 443 2230 cantica,
467 2148 497 2225 3,
519 2149 555 2212 2:
590 2149 630 2213 In
653 2151 710 2224 ira,
742 2149 982 2214 misericordiae
1005 2173 1128 2215 memor
1180 2160 1322 2231 tempus:
1358 2169 1395 2214 66
1417 2149 1444 2211 61
1468 2148 1590 2212 1166161
1612 2150 1845 2232 exspectandos
1868 2170 1940 2214 esse
1964 2172 2073 2218 annas
2101 2155 2150 2217 vel

158 2234 230 2299 erit.
286 2233 450 2315 Propheta
483 2235 582 2317 igitur
615 2235 668 2300 hie
701 2235 840 2318 colligit,
881 2237 1126 2318 castigationem
1179 2233 1399 2299 revolutiones
1421 2234 1556 2298 dextrae
1586 2235 1736 2313 Excelsi‚
1774 2234 1876 2301 donee
1909 2239 2074 2319 propitius
2106 2239 2151 2303 61·

158 2340 254 2402 quam
278 2320 387 2401 sentit,
410 2340 475 2383 nan
497 2320 626 2385 obstare
648 2322 821 2404 quominus
844 2341 879 2384 66
896 2321 988 2387 Deus
1007 2325 1125 2387 iterum
1179 2320 1313 2404 fulgeat.

159 2406 305 2489 placatus
334 2406 373 2469 ad
401 2406 531 2471 solitum
554 2405 774 2471 benefaciendi
797 2429 917 2470 morem
941 2420 1126 2473 convertat:

159 2490 235 2574 quic
268 2492 398 2556 nonnisi
432 2492 472 2556 61
507 2504 706 2557 momentum
739 2494 807 2557 suis
839 2493 1000 2557 irascitur.
1055 2496 1126 2559 Ima
1267 2492 1315 2556 12.
1341 2491 1539 2558 Recordabar
1561 2510 1689 2570 operam
1706 2491 1786 2556 Dei:
1808 2498 1883 2557 66116
1903 2493 2094 2558 recordabar
2115 2494 2151 2557 cb

159 2578 255 2661 signa
287 2577 353 2642 1166
383 2599 462 2641 6666
491 2578 674 2654 ostendens,
709 2578 884 2643 tenerrimo
913 2577 1020 2662 diligit
1048 2602 1126 2661 quas
1180 2578 1270 2642 icitia
1284 2577 1479 2642 mirabilium
1495 2582 1628 2640 tuorum.
1664 2576 1714 2640 13.
1734 2577 1778 2641 Et
1794 2577 1965 2642 meditabar
1982 2581 2017 2643 in
2035 2581 2153 2644 6666116

159 2663 307 2745 castigat.
358 2662 472 2728 Manet
505 2662 634 2744 quidem
668 2664 717 2726 ira
748 2665 817 2727 eius
846 2674 1000 2747 perpetuo
1030 2687 1128 2746 super
1180 2663 1953 2744 6661661616,611616611616161616616616161.
1991 2665 2044 2728 14.
2063 2665 2153 2729 Deua

159 2749 329 2830 reprobas:
360 2748 417 2811 sed
446 2747 605 2832 propheta
635 2769 738 2811 unum
766 2771 801 2812 66
830 2748 917 2813 16161
943 2751 1012 2815 6166
1043 2751 1127 2816 filias
1179 2749 1214 2811 ia
1246 2749 1426 2812 6661166116
1463 2750 1533 2812 aiae
1563 2754 1649 2812 tuae:
1688 2750 1762 2829 quis
1792 2750 1870 2814 oeus
1900 2769 2040 2832 maanus
2072 2753 2152 2815 siout

160 2853 346 2911 numerans,
369 2841 403 2897 et
424 2833 525 2898 verba
546 2834 667 2899 faciens
690 2834 729 2897 16
751 2834 882 2915 16116616
904 2834 1064 2919 fidelibus,
1087 2838 1126 2903 ab
1179 2834 1292 2899 Deus?
1340 2834 1387 2899 15.
1415 2834 1464 2897 Ta
1487 2834 1576 2898 Deus
1596 2834 1717 2914 faciem
1738 2835 1915 2914 mirabilia,
1946 2836 2029 2901 scire
2049 2837 2152 2917 fecisti

159 2917 351 3001 impossibili
390 2921 508 2983 merita
548 2922 658 3002 arguit
700 2921 911 3002 temporalem
945 2922 1028 2986 iram
1065 2923 1126 2987 Dei
1180 2920 1215 2983 ia
1232 2920 1363 3003 papulis
1385 2920 1480 2984 robur
1501 2926 1599 2983 taum.

158 3025 290 3071 cursum
313 3004 550 3071 misericordiae
572 3027 638 3071 nan
661 3004 858 3071 abscindere.

245 3088 490 3175 11.(Ε11161.)
523 3092 625 3155 Varie
647 3092 821 3174 exponitur
844 3092 1010 3159 hielocus.
1046 3095 1126 3174 Qui·
1266 3092 1316 3155 12.
1338 3089 1574 3176 (Recordabar.)
1607 3088 1680 3154 Iam
1703 3091 1883 3155 animosius
1905 3103 2020 3155 cantra
2042 3103 2150 3156 tenta·

159 3176 234 3242 dam
264 3178 401 3242 verbum
432 3154 543 3261 1111511
571 3176 736 3243 16166661
766 3177 806 3242 ab
835 3166 917 3264 ἤδη
954 3179 1039 3260 6661
1076 3191 1127 3245 661
1178 3179 1283 3241 tiones
1299 3179 1448 3260 exsurgit
1463 3176 1633 3260 propheta,
1652 3196 1735 3257 quae
1754 3178 1820 3241 1616
1841 3177 1881 3241 61
1900 3177 2149 3259 opprimendam

158 3262 313 3339 occidere,
336 3276 369 3327 61
391 3263 478 3329 huna
496 3264 631 3329 eliciunt
648 3285 790 3341 sensum,
814 3265 1003 3347 prophetam
1025 3267 1125 3330 mala·
1178 3263 1249 3328 aius
1283 3262 1381 3328 fidem
1415 3263 1675 3344 praevaluerant.
1731 3262 1814 3326 Nam
1849 3263 2030 3327 recordatio
2069 3261 2149 3327 haec

75 3371 78 3377 ·
159 3369 231 3414 rum
262 3350 411 3430 congerie
444 3350 595 3415 obrutum
638 3370 704 3413 non
746 3370 838 3430 passe
871 3349 958 3414 aliud
992 3354 1124 3430 sentire,
1178 3370 1312 3431 operum
1326 3349 1398 3426 Dei,
1422 3349 1461 3413 ab
1480 3369 1517 3411 ea
1535 3350 1720 3413 cuiusantc
1740 3348 1898 3425 meminit,
1922 3347 2051 3413 differt:
2075 3349 2150 3430 quia

159 3456 254 3518 quam
278 3455 313 3499 se
337 3434 491 3499 divinitus
514 3433 677 3499 addictum
701 3456 771 3498 esse
794 3436 910 3499 ultimo
939 3438 1053 3501 exitia:
1087 3460 1124 3503 ac
1178 3450 1256 3500 tuna
1278 3436 1406 3499 ominus
1429 3433 1620 3498 intuebatur
1643 3434 1704 3498 Dei
1728 3434 1899 3514 beneficia,
1929 3454 2013 3516 quae
2046 3433 2149 3498 lenire

159 3521 187 3586 si
209 3518 368 3585 confessio
389 3529 476 3585 esset
493 3519 739 3602 desperationis.
784 3520 851 3584 Alii
881 3538 1049 3604 aegrotare
1072 3523 1126 3587 vel
1178 3520 1232 3584 vel
1254 3522 1402 3584 minuere
1429 3519 1570 3583 dolorem
1601 3519 1745 3582 nondum
1777 3530 1937 3602 poterant.
1982 3519 2049 3585 Hic
2072 3540 2149 3585 vara

158 3606 319 3671 infirmari
354 3614 500 3682 vertunt,
539 3604 626 3687 quod
655 3615 706 3671 est
735 3605 776 3670 ad
806 3619 996 3671 contextum
1030 3609 1125 3691 lange
1178 3606 1293 3688 arripit
1315 3606 1408 3687 quasi
1432 3616 1521 3670 carta
1543 3606 1727 3669 testimonia
1751 3618 1926 3687 perpetuae
1949 3605 2094 3688 gratiae:
2117 3618 2150 3671 61

159 3693 276 3775 661166.
328 3691 480 3756 Nondum
512 3703 621 3756 tamen
651 3690 690 3755 dc
720 3713 818 3756 sensu
848 3693 1018 3757 convenit:
1051 3696 1126 3776 quia
1177 3692 1251 3755 ideo
1273 3692 1498 3756 vehementiae
1524 3692 1621 3756 cabaa
1650 3691 1848 3754 sententiam
1879 3692 2016 3774 repetit,
2048 3692 2150 3755 inter·

159 3778 338 3844 secundum
369 3777 524 3859 quosdam
554 3778 764 3859 interpretes,
794 3799 828 3842 se
858 3777 912 3841 hic
942 3794 1073 3843 accusat
1094 3791 1127 3842 61
1178 3778 1284 3859 666116
1306 3779 1403 3841 etiam
1427 3778 1675 3841 asseveratione.
1721 3776 1804 3839 Nam
1829 3776 1989 3858 particula
2016 3788 2060 3857 1)
2088 3777 2149 3843 baa

158 3865 304 3947 coarguit
326 3864 500 3947 propheta,
531 3863 616 3944 quad
639 3874 705 3926 tam
730 3862 827 3927 debili
850 3885 887 3927 aa
910 3862 998 3928 malli
1028 3865 1126 3928 166111
1149 3898 1153 3935 i
1178 3863 1247 3927 lcoa
1270 3873 1399 3926 tantum
1423 3864 1611 3937 confirmat,
1637 3861 1688 3925 vel
1711 3862 1897 3944 amplificat.
1943 3861 2033 3945 Ergo
2056 3864 2148 3943 quasi

159 3953 283 4028 animo,
316 3969 432 4014 66666
462 3949 590 4013 11111166
620 3949 808 4031 6666666111
837 3949 876 4012 61
899 3949 1125 4015 166161661616.
1150 3938 1154 4005 l
1179 3949 1282 4012 victor
1304 3948 1447 4013 exsultat
1470 3949 1503 4011 in
1526 3949 1683 4011 memoria
1704 3968 1838 4028 operum
1864 3948 1943 4011 Dei:
1964 3949 2041 4029 quia
2061 3962 2149 4013 certa

158 4036 205 4100 Et
227 4035 403 4099 tolerabilis
424 4045 510 4099 66661
529 4034 607 4098 haec
629 4034 807 4098 sententia:
837 4035 913 4116 6616
931 4038 1035 4100 666611
1055 4045 1127 4117 6661
1179 4054 1353 4116 persuasus
1382 4045 1432 4097 cst
1460 4055 1525 4097 nan
1556 4034 1654 4096 alium
1683 4032 1751 4096 fore
1781 4054 1877 4115 quam
1914 4054 1949 4097 66
1976 4033 2017 4097 61)
2054 4034 2149 4098 initia

159 4142 236 4186 suas
270 4118 489 4185 vacillationes
522 4120 668 4184 animum
702 4119 807 4184 solent
840 4120 1000 4201 colligare.
1055 4122 1126 4205 Ego
1179 4119 1330 4185 ostendit.
1380 4117 1532 4184 Secundo
1563 4130 1671 4182 autom
1700 4122 1845 4183 membra
1880 4119 2054 4200 magnifiee
2092 4141 2148 4183 cx-

161 4215 269 4270 tamen
293 4205 459 4270 diversum
480 4226 612 4270 sensum
635 4207 741 4286 potius
763 4206 958 4289 amplectar,
983 4218 1019 4270 ut
1041 4206 1127 4272 dieat
1180 4207 1263 4269 tollit
1292 4226 1389 4289 quam
1420 4206 1453 4268 in
1483 4205 1552 4269 suis
1582 4204 1752 4268 servandis
1787 4204 1966 4286 potentiam
2002 4207 2147 4269 exseruit

159 4291 319 4375 propheta
341 4292 429 4355 hunc
450 4291 597 4355 morbum
620 4312 690 4355 esse
713 4291 943 4373 temporalem:
966 4293 1127 4374 61666116
1178 4289 1278 4356 Deus.
1330 4291 1429 4354 Ponit
1463 4292 1590 4372 quidem
1624 4310 1777 4355 arcanam
1809 4291 1860 4354 vel
1894 4290 2058 4354 mirabile:
2092 4289 2149 4355 661

160 4379 258 4443 166111
280 4376 408 4458 oblique
430 4387 608 4458 comparet:
644 4377 739 4441 sicuti
761 4377 892 4441 Psalmo
916 4377 991 4453 118,
1015 4378 1055 4443 18
1079 4378 1126 4441 di·
1180 4388 1303 4440 mutato
1322 4397 1458 4440 numero
1476 4375 1705 4441 obscuritatem
1724 4377 1885 4458 corrigere
1901 4396 1965 4439 non
1982 4375 2147 4440 dubitavi:

102 4506 105 4511 -
161 4466 261 4541 citur,
289 4462 462 4543 Castigans
484 4462 657 4543 castigavit
685 4483 737 4527 me
759 4460 940 4541 Dominus,
969 4475 1002 4527 et
1030 4463 1127 4528 morti
1180 4464 1274 4527 sicuti
1308 4464 1407 4526 ctiam
1443 4462 1539 4543 paulo
1575 4472 1648 4543 post
1677 4461 1790 4525 eadem
1819 4481 1956 4525 numero
1986 4462 2148 4544 singulari

161 4547 383 4615 contradidit
411 4567 473 4612 me.
517 4548 618 4624 Item,
649 4546 721 4611 Nan
751 4546 888 4623 moriar,
917 4546 974 4612 scd
1004 4550 1126 4613 vivam.
1179 4549 1274 4632 plura
1297 4547 1454 4612 miracula
1476 4549 1610 4612 natabit.
1644 4545 1781 4612 Summa
1803 4558 1862 4623 est,
1886 4546 2060 4610 mirificam
2086 4547 2149 4611 Dei

160 4636 235 4701 Nan
258 4635 369 4700 dubito
395 4634 495 4717 igitur
517 4633 596 4715 quin
618 4653 652 4695 66
675 4645 828 4697 exoneret
858 4634 1031 4716 propheta,
1065 4648 1127 4699 616-
1181 4635 1334 4697 virtutem
1363 4655 1427 4715 qua
1456 4655 1584 4715 semper
1614 4654 1691 4697 usus
1719 4645 1768 4696 661
1797 4634 1830 4695 16
1860 4632 1983 4695 166616
2011 4652 2148 4697 suarum

161 4717 794 4802 1666661166666166161161661611611
817 4717 952 4800 1166666
965 4721 1127 4800 patienter
1178 4721 1300 4792 salute,
1323 4720 1349 4782 61
1372 4717 1467 4782 modo
1491 4719 1589 4801 probe
1611 4740 1631 4781 a
1653 4719 1743 4783 nabis
1766 4715 1971 4798 expenditur,
1996 4718 2148 4783 sufficere

160 4806 326 4874 ferendam
349 4827 419 4870 6666
441 4802 698 4888 aegritudinem,
729 4803 804 4885 quia
834 4804 941 4869 letalis
973 4826 1037 4868 non
1067 4816 1125 4871 est.
1180 4806 1219 4870 ad
1243 4804 1442 4885 superandas
1464 4824 1577 4869 omnes
1600 4805 1735 4868 dolores.
1770 4803 1858 4867 Η166
1877 4824 1953 4867 vera
1972 4798 2146 4880 discamus,

161 4895 202 4959 In
229 4890 369 4959 secundo
398 4892 495 4955 etiam
522 4890 668 4955 membra
696 4889 895 4954 dissentiunt
923 4891 1124 4973 interpretes.
1179 4891 1254 4954 licet
1287 4889 1450 4954 interdum
1484 4911 1619 4973 operum
1653 4890 1714 4952 Dei
1749 4889 1926 4953 recordatio
1967 4908 2033 4952 non
2066 4890 2148 4954 satis

161 4980 246 5044 Nam
269 4978 324 5062 qui
346 4998 477 5042 versum
500 4976 588 5041 hunc
607 4983 785 5039 contexunt
802 4996 875 5039 cum
894 4977 1126 5058 superioribus,
1179 4978 1292 5040 afferat
1316 4976 1406 5040 nabis
1428 4976 1543 5052 solatii,
1566 4975 1757 5039 luctandum
1781 4987 1890 5039 tamen
1913 4995 1993 5048 6666,
2018 4994 2060 5038 66
2080 4988 2148 5038 tae·

163 5077 279 5150 putant
308 5062 497 5148 prophetam
528 5063 575 5125 ita
604 5061 697 5125 initio
728 5061 825 5125 161666
854 5061 991 5126 fractum
1022 5075 1057 5126 61
1086 5064 1126 5129 16
1178 5061 1231 5126 116
1253 5060 1456 5144 frangamur,
1477 5061 1562 5144 quod
1585 5060 1759 5143 diligenter
1781 5058 1960 5124 natandum
1982 5076 2042 5124 661.
2078 5062 2147 5143 06·

162 5152 266 5217 661616
288 5170 350 5214 666
372 5162 480 5212 actum
509 5168 579 5212 esse
607 5148 771 5212 erederet:
806 5145 922 5210 deinde
951 5168 1010 5230 per
1039 5150 1126 5215 vices
1178 5160 1286 5211 161666
1309 5167 1437 5229 6616661
1458 5149 1491 5211 16
1515 5146 1624 5212 161616
1646 5147 1788 5229 16661116
1817 5144 1903 5228 6661
1933 5145 2146 5211 acerbitatem

163 5247 262 5321 capnt
289 5234 460 5310 extulisse,
490 5233 587 5299 sicuti
619 5232 767 5316 naufragi
797 5251 839 5296 ex
868 5233 960 5315 aquis
989 5232 1126 5299 subinde
1178 5234 1322 5314 mitiget:
1354 5232 1433 5300 haee
1452 5242 1561 5298 autem
1584 5243 1634 5298 est
1656 5233 1752 5296 unica
1774 5240 1864 5308 ratio,
1892 5251 1987 5296 curas
2017 5246 2147 5297 nostras
