4658 5856
168 288 231 355 voe
942 293 1159 361 assumus
1181 294 1379 362 axxxm.
1915 256 1917 261 ’
2092 302 2155 367 ror

167 479 324 545 Proximo
354 502 450 547 versu
478 482 583 566 magis
605 483 789 565 specialiter
810 484 963 566 exprimit
983 505 1078 567 quem
1102 483 1137 548 in
1187 486 1337 569 temptim
1366 485 1500 564 deridet,
1529 485 1605 569 qaia
1634 485 1785 569 operibus
1808 487 1942 553 minime
1963 490 2101 571 probent
2122 513 2157 557 se

168 567 266 630 finem
286 568 448 647 optaverit
458 566 565 632 Deum
584 569 645 634 sibi
664 590 736 634 esse
747 569 999 635 misericordem:
1020 589 1137 653 nempe
1189 570 1265 637 deos
1298 591 1379 638 esse.
1430 571 1513 636 Nam
1543 571 1571 635 si
1603 572 1761 636 virtutem
1789 574 1945 655 operandi
1975 576 2155 642 secundum

169 659 207 715 ut
229 671 375 715 moerore
398 673 456 717 suo
476 654 648 718 eximatur.
690 654 840 721 Secundo
862 665 970 720 autem
993 655 1137 720 membro
1189 657 1261 739 plus
1289 666 1322 722 et
1348 658 1456 723 minue
1485 655 1702 736 distribueret,
1733 679 1800 722 aon
1830 662 2090 725 assereretDeo
2121 664 2155 727 iu

171 735 316 800 declarat
347 737 428 800 nihil
463 739 602 803 fictionis
632 740 665 804 in
696 761 754 805 suo
782 741 922 806 clamore
950 763 1030 821 esee,
1063 744 1138 823 quia
1190 743 1328 807 solidum
1357 741 1441 824 quod
1469 763 1563 807 suurn
1594 751 1652 808 est.
1697 742 1806 827 Negat
1834 745 1844 807 i
1871 744 1936 808 itur
1966 765 2001 809 re
2030 746 2103 830 ipsa
2125 759 2158 812 et

170 822 313 885 animam
335 843 428 887 suam
452 822 492 887 ad
511 824 618 889 Deum
637 825 774 903 attollat,
798 847 880 909 quae
898 827 1072 909 praecipua
1089 835 1139 890 est
1189 829 1305 893 effectu
1328 829 1502 911 quidquem
1525 828 1671 892 divinum
1693 829 1726 891 in
1744 829 1823 911 ipsis
1841 765 2049 910 deprehendi.
2085 832 2156 898 lam

170 908 231 971 rite
254 907 367 971 orandi
391 909 484 973 ratio.
1189 913 1229 978 ad
1259 934 1356 996 opera
1386 934 1444 978 nos
1471 933 1639 997 revocans,
1669 914 1747 978 satis
1770 913 1911 979 ostendit
1933 915 2059 983 frivolis
2081 929 2157 983 tan·

255 992 285 1056 5.
308 991 481 1078 (Quoniam
507 999 541 1058 tu
571 994 709 1081 ledaea.)
759 997 789 1062 A
818 1005 936 1062 natura
965 996 1028 1060 Dei
1061 1017 1138 1061 con·
1189 1010 1259 1062 tum
1289 999 1385 1082 nugis
1412 998 1523 1062 ludere
1551 1001 1605 1080 qui
1636 997 1798 1062 subtiliter
1820 999 2093 1084 philosophantur
2115 1003 2156 1070 de

168 1079 280 1142 firmat
302 1088 401 1143 totam
424 1079 623 1162 superiorem
647 1080 836 1161 doctrinam,
858 1083 934 1165 quia
955 1083 1078 1147 frustra
1096 1080 1137 1145 ad
1189 1105 1308 1150 arcana
1335 1084 1400 1149 Dei
1428 1084 1584 1149 essentia:
1617 1082 1806 1149 manifestas
1835 1107 1911 1150 vero
1943 1094 2035 1153 notas
2062 1109 2154 1171 prae·

170 1163 277 1227 Deum
309 1167 523 1248 confugerent
551 1166 671 1245 miseri,
701 1177 734 1232 et
764 1169 846 1234 votis
873 1170 909 1231 in
939 1167 1065 1233 coelam
1087 1187 1137 1232 as·
1189 1177 1335 1250 teneant,
1367 1172 1400 1234 in
1434 1170 1550 1251 quibus
1579 1169 1718 1252 refulget
1751 1170 1820 1235 eius
1852 1172 2013 1236 maiestas.
2066 1175 2155 1258 Ergo

170 1260 353 1332 surgerent,
384 1252 447 1314 nisi
472 1253 618 1335 persuasi
640 1261 749 1317 essent
769 1253 870 1318 fidum
893 1275 964 1319 esse
985 1272 1135 1317 remune-
1189 1277 1289 1339 quum
1321 1253 1362 1319 ad
1392 1255 1454 1320 Dei
1486 1254 1692 1319 altitudinem
1722 1277 1787 1320 non
1815 1258 2007 1339 perveniant
2041 1280 2155 1325 sensus

168 1344 311 1399 retorem
342 1336 495 1401 omnibus
527 1338 582 1420 qui
615 1358 687 1401 eum
726 1340 887 1403 invocant.
939 1338 1016 1403 Hae
1049 1356 1137 1402 nuno
1189 1342 1306 1423 nostri,
1339 1340 1518 1422 prudenter
1550 1339 1660 1405 David
1692 1362 1826 1424 operum
1859 1343 2044 1408 testimonio
2077 1366 2155 1409 con·

168 1419 328 1485 incumbit
345 1420 465 1501 David,
482 1421 590 1487 Deum
609 1422 789 1489 beneficum
808 1444 878 1489 esse
888 1434 921 1489 et
932 1422 1137 1501 exorabilem,
1189 1437 1315 1503 tentus,
1349 1426 1586 1491 commentitios
1616 1445 1686 1490 esse
1718 1446 1831 1490 omnes
1859 1426 1936 1494 deos
1966 1432 2155 1509 pronuntiat

168 1514 206 1568 at
235 1526 294 1588 pro
323 1507 548 1590 magnitudine
576 1530 653 1572 suae
675 1508 865 1575 clementiae
887 1508 1057 1592 repudiare
1080 1529 1136 1572 ae·
1190 1513 1246 1594 qui
1280 1512 1435 1576 virtutem
1472 1511 1595 1576 nullam
1628 1520 1794 1576 exserant.
1845 1510 1884 1578 Si
1917 1515 1989 1595 quis
2016 1513 2154 1595 obiiciat,

168 1600 267 1672 queat
288 1592 472 1675 quicunque
493 1595 563 1658 eius
584 1614 676 1677 opem
695 1594 879 1677 implorant.
914 1594 1009 1675 Quod
1027 1593 1137 1658 Deum
1190 1598 1296 1662 Deum
1337 1596 1474 1662 absurde
1513 1598 1651 1662 conferri
1683 1617 1756 1662 oum
1789 1598 1941 1663 inanibus
1972 1599 2153 1681 figmentis:

168 1685 265 1740 vocat
283 1676 475 1759 placabilem,
497 1679 618 1761 species
641 1689 690 1744 est
712 1680 873 1746 bonitatis.
912 1680 1025 1762 Neque
1048 1679 1137 1744 enim
1188 1683 1290 1748 facilis
1311 1683 1429 1748 solatio
1453 1690 1511 1759 est,
1535 1681 1770 1747 accommodari
1792 1702 1975 1747 sermonem
1999 1683 2039 1747 ad
2061 1686 2154 1769 vulgi

168 1762 333 1827 sufficeret
360 1763 395 1826 in
424 1784 545 1847 genere
567 1763 789 1845 essebonum,
817 1765 879 1830 nisi
903 1767 1000 1831 etiam
1024 1784 1064 1846 pe
1102 1784 1136 1828 a·
1188 1768 1366 1834 inscitiam:
1395 1767 1470 1850 quia
1491 1768 1611 1833 seimus
1633 1788 1730 1850 qaam
1753 1766 1906 1833 audacter
1927 1788 2026 1850 supra
2047 1771 2154 1837 coelos

167 1847 294 1912 toribus
312 1848 502 1929 ignosceret,
524 1849 608 1932 quod
627 1851 822 1935 intelligitur
837 1872 896 1935 per
915 1871 1023 1917 vocam
1042 1784 1135 1998 Πξῡ.
1188 1854 1338 1919 attollant
1366 1853 1582 1935 superstitiosi
1609 1853 1692 1917 falsa
1720 1853 1844 1919 cerebri
1876 1855 1928 1917 sui
1960 1865 2152 1922 commenta.

167 1934 365 2018 Quanquam
412 1946 521 2001 autem
560 1935 800 2001 multitudinem
842 1937 1032 2002 elementiae
1106 1936 1135 1999 ei
1187 1939 1233 2006 Ao
1267 1939 1388 2021 optime
1419 1937 1525 2002 David
1552 1938 1689 2002 insultat
1717 1958 1827 2002 eorum
1858 1939 2035 2017 amentiae,
2068 1940 2154 2022 quod

166 2020 389 2100 commendat,
426 2042 502 2086 mox
538 2032 648 2085 umen
685 2022 828 2105 elogium
855 2022 935 2086 illud
965 2020 1135 2103 restringit
1187 2026 1246 2091 sibi
1270 2024 1346 2088 deos
1368 2022 1525 2088 fabricent
1548 2023 1604 2090 abs
1627 2044 1668 2087 ue
1691 2023 1756 2087 ullo
1775 2024 1969 2088 testimonio.

166 2105 208 2171 ad
237 2106 349 2172 fideles
378 2110 433 2256 qai
463 2110 569 2191 ipsam
599 2107 769 2173 invocant:
795 2115 833 2171 ut
855 2108 995 2172 sciamus
1018 2108 1134 2170 merito
1271 2110 1300 2176 9.
1316 2108 1445 2195 (Omnes
1457 2106 1581 2194 pentes.)
1606 2044 1718 2174 binni
1735 2108 1796 2173 hoo
1814 2107 1939 2191 placeat
1956 2110 2154 2195 restringere

166 2192 202 2256 in
235 2193 303 2258 suis
335 2214 388 2257 ma
402 2195 430 2258 is
464 2194 582 2276 perire,
614 2194 670 2274 qui
703 2193 851 2277 neglecto
881 2192 952 2256 Deo
985 2193 1134 2256 fraenum
1186 2195 1226 2258 ad
1254 2205 1456 2278 praesentem
1485 2214 1633 2274 causam,
1667 2215 1725 2278 per
1754 2214 1806 2258 me
1834 2194 1878 2258 sit
1910 2194 2057 2260 liberum.
2109 2197 2154 2261 Et

166 2279 403 2343 contumaciter
429 2277 595 2344 arrodant.
643 2277 748 2343 Simul
778 2289 887 2343 tamen
917 2276 994 2342 dicit
1021 2297 1134 2359 cumea
1186 2292 1272 2346 certe
1295 2301 1393 2363 quam
1411 2282 1481 2363 ipse
1499 2279 1608 2344 David
1626 2279 1764 2364 gratiam
1783 2288 1937 2360 expertus
1957 2288 2035 2360 erat,
2058 2302 2155 2364 saepe

166 2373 205 2427 at
232 2365 301 2428 sine
331 2365 520 2446 exceptione
550 2384 570 2428 a
599 2363 732 2427 minimo
760 2384 862 2446 usque
888 2362 929 2428 ad
955 2362 1134 2426 maximum
1186 2366 1363 2449 amplificat
1390 2365 1511 2430 talibus
1539 2365 1703 2430 encomiis.
1748 2362 1926 2429 Commode
1954 2369 2064 2430 tamen
2097 2388 2154 2431 ex·

168 2449 301 2531 quilibet
323 2447 440 2514 audeat
462 2471 496 2514 se
519 2446 559 2514 ad
578 2448 640 2512 Dei
664 2448 916 2516 misericordiam
938 2448 1095 2512 conferre.
1187 2451 1320 2516 tendere
1349 2449 1457 2516 licebit
1486 2449 1527 2514 ad
1549 2449 1732 2534 generalem
1757 2449 1818 2513 Dei
1841 2451 2026 2532 potentiam.
2072 2450 2153 2519 Sive

252 2535 282 2599 6.
311 2533 479 2620 (Aurata
506 2533 644 2618 Iedoua.)
693 2533 766 2600 Hoc
795 2554 893 2598 versu
918 2544 951 2598 et
984 2533 1133 2615 proximo
1187 2547 1295 2601 autem
1318 2535 1358 2600 de
1380 2535 1486 2620 gratia
1507 2537 1658 2617 privatim
1677 2534 1738 2599 sibi
1756 2535 1881 2611 collata,
1904 2536 1974 2599 sive
1992 2535 2031 2599 de
2048 2538 2153 2619 operi·

166 2640 269 2702 qaum
287 2621 440 2685 ardenter
459 2628 536 2684 vota
552 2621 657 2696 iteret,
683 2618 833 2696 ostendit,
853 2638 917 2684 non
944 2619 1007 2682 levi
1024 2617 1133 2683 dolore
1187 2623 1246 2688 bus
1264 2622 1329 2686 Dei
1350 2622 1383 2685 in
1406 2640 1526 2705 genere
1544 2619 1691 2699 disserat,
1712 2619 1888 2684 tenendam
1907 2620 2057 2703 estquod
2076 2622 2152 2686 alibi

168 2725 204 2769 se
242 2705 343 2772 fuisse
376 2707 603 2782 constrictum,
644 2725 705 2771 neo
736 2703 891 2770 mediocri
924 2705 1021 2768 etiam
1055 2724 1134 2768 cura
1186 2708 1347 2785 diximus,
1388 2706 1513 2789 quoties
1546 2705 1676 2788 pietatis
1708 2724 1900 2771 consensum
1934 2707 1968 2769 in
2001 2708 2152 2789 gentibus

166 2799 340 2856 aestuasse.
385 2793 494 2873 Atque
516 2789 576 2855 hoc
598 2789 747 2872 exemplo
770 2790 932 2868 doeemur,
958 2790 1056 2854 nimis
1078 2788 1133 2851 fri·
1185 2793 1357 2878 praedicat,
1381 2793 1542 2874 respicere
1564 2792 1604 2855 ad
1627 2811 1765 2874 reguum
1788 2789 1932 2855 Christi:
1962 2801 2039 2855 aute
2061 2793 2153 2857 euius

166 2874 260 2961 gidus
288 2896 358 2942 osse
388 2877 439 2940 vel
470 2874 640 2952 evanidos,
672 2875 728 2958 qui
756 2896 851 2958 preoe
880 2896 947 2939 una
978 2874 1131 2951 defuncti,
1184 2878 1361 2943 adventum
1383 2875 1560 2958 primordia
1583 2883 1711 2943 tanturn
1732 2874 1890 2956 quaedam
1913 2876 2027 2942 libavit
2049 2878 2153 2942 mani·

166 2961 233 3027 nisi
256 2982 331 3026 mox
354 2973 476 3025 annuat
500 2962 597 3033 Dent.
626 2963 788 3025 fatiscunt.
833 2960 901 3025 Nec
923 2979 1002 3023 voro
1024 2959 1131 3022 inanis
1184 2962 1362 3029 testationis
1383 2980 1459 3025 suae
1482 2961 1610 3044 gloriae,
1633 2980 1715 3043 quae
1736 2958 1866 3023 tandem
1890 2961 2050 3044 evangelii
2074 2983 2152 3028 voce

166 3056 215 3113 est
233 3047 383 3130 repetitio
400 3069 463 3130 qua
480 3046 636 3129 paulatim
653 3046 765 3111 fideles
782 3058 959 3111 exonerant
977 3046 1010 3108 in
1024 3045 1130 3108 Deum
1184 3068 1297 3132 sparsa
1327 3047 1389 3111 fnit
1416 3066 1474 3129 per
1503 3054 1606 3110 totam
1636 3043 1757 3109 orbem.
1801 3043 1869 3109 Nec
1889 3065 1967 3111 vero
1990 3046 2151 3111 Davidem

164 3152 241 3197 snas
272 3153 382 3199 ouras:
405 3143 527 3214 'estque
560 3132 635 3197 boni
666 3130 772 3197 odoris
800 3131 993 3196 sacrificium
1021 3149 1130 3194 coram
1183 3134 1304 3199 latebat
1335 3133 1445 3196 futura
1472 3131 1618 3215 gentium
1648 3130 1793 3195 vocatio:
1827 3129 1882 3194 sed
1913 3131 1988 3212 qaia
2015 3140 2150 3215 propter

163 3216 237 3283 Deo
266 3217 346 3282 haec
365 3217 603 3300 importunitas.
649 3215 760 3296 Quam
783 3216 871 3298 dicit,
899 3215 1060 3281 Moudiet
1083 3234 1131 3279 me
1184 3220 1362 3285 novitatem
1394 3216 1455 3282 hoo
1487 3216 1576 3280 dictu
1606 3235 1757 3298 asperum
1787 3223 1859 3279 erat
1885 3216 1972 3279 inter
2001 3214 2149 3294 ludaeos,

163 3302 256 3370 Deus
280 3323 376 3384 qaam
403 3302 573 3368 clamavero
602 3303 637 3368 ia
657 3302 708 3368 dic
728 3301 949 3376 tribulationie,
978 3303 1011 3365 iu
1034 3320 1128 3366 suum
1184 3315 1338 3371 venturas
1390 3310 1482 3367 entes
1510 3309 1548 3366 ut
1576 3300 1759 3383 promiscue
1780 3299 1887 3364 Deam
1910 3301 2054 3366 colerent
2074 3323 2149 3367 oum

163 3388 359 3471 peculiarem
388 3409 483 3453 usum
505 3388 645 3471 applicat
665 3387 748 3469 qaod
772 3408 878 3470 nuper
899 3386 991 3467 dixit,
1021 3387 1129 3450 Deum
1183 3390 1259 3456 filiis
1280 3323 1444 3467 Abrabae,
1474 3408 1511 3452 ac
1540 3387 1667 3451 sublato
1689 3385 1874 3450 discrimine
1896 3386 2024 3450 futuras
2046 3387 2149 3451 coele·

163 3473 316 3539 omnibus
355 3475 462 3557 ipsum
506 3472 732 3538 invocantibus
774 3492 844 3538 esse
884 3472 1057 3555 propitium
1098 3479 1131 3535 ot
1182 3478 1241 3542 stis
1279 3473 1445 3540 doetrinae
1486 3472 1676 3555 participes:
1716 3471 1886 3553 mitigandi
1926 3490 2025 3536 causa
2062 3470 2148 3552 dicit,

162 3559 300 3625 facilem.
1183 3568 1296 3645 gentes
1318 3579 1444 3642 quoqne
1461 3579 1532 3623 esse
1549 3579 1571 3622 a
1588 3556 1657 3623 Deo
1673 3561 1808 3621 ereans:
1828 3566 1866 3620 ut
1882 3557 2017 3620 minime
2035 3556 2148 3621 absur-

1103 3693 1105 3698 -
1182 3646 1260 3711 dum
1293 3645 1397 3710 videri
1433 3643 1564 3725 debeat,
1604 3643 1632 3707 si
1665 3643 1753 3724 ipsae
1786 3662 1914 3724 quoque
1946 3642 2149 3706 illuminatae

177 3776 180 3783 ·
248 3729 278 3795 8.
303 3730 377 3796 Non
397 3735 441 3796 est
461 3731 542 3794 arrd
562 3734 596 3792 tu
617 3729 697 3794 inter
717 3730 792 3795 deos
811 3727 954 3804 Dotatae,
975 3733 1004 3793 et
1023 3727 1131 3793 uallas
1183 3733 1325 3797 lictorem
1357 3738 1390 3794 et
1418 3729 1565 3810 opificem
1593 3748 1688 3792 suum
1712 3728 1842 3791 demum
1866 3737 2054 3811 agnoscant.
2099 3730 2148 3792 Ao

163 3816 330 3882 amandum
355 3836 450 3897 wera
476 3820 540 3879 tua.
591 3815 621 3880 9.
647 3814 759 3880 Canes
784 3819 888 3897 peotes
918 3834 997 3897 quas
1020 3814 1128 3895 sedati,
1181 3818 1299 3881 iterum
1322 3813 1471 3898 proximo
1489 3833 1587 3879 versu
1609 3832 1739 3878 oausam
1760 3812 1849 3875 illam
1871 3812 2006 3895 repetit:
2029 3832 2147 3895 nempe

162 3902 295 3985 venient,
328 3906 356 3966 et
387 3899 560 3966 adorabm
590 3920 694 3965 coram
724 3900 807 3982 facie
838 3905 893 3965 :aa
920 3900 1069 3976 Domine,
1103 3903 1131 3963 et
1181 3901 1245 3966 Dei
1267 3900 1404 3985 gloriam
1426 3917 1465 3962 aa
1485 3898 1699 3982 ineptitudine
1721 3916 1849 3978 operum
1870 3897 2035 3979 cognosci:
2065 3919 2148 3980 quae

160 3987 295 4069 pieriam
323 3985 441 4052 duum
460 3986 580 4050 nomini
600 3990 659 4051 tuo.
706 3987 755 4051 10.
782 3986 863 4067 Quia
883 4006 1016 4070 mappas
1037 3988 1130 4063 tu,et
1182 4007 1259 4053 vera
1287 3994 1336 4051 est
1365 3983 1536 4050 discendae
1565 3983 1695 4066 pietatis
1725 3983 1819 4047 ratio.
1871 3981 2031 4062 Quamvis
2061 3985 2148 4048 enim

161 4073 283 4154 faciens
309 4071 471 4137 mirabilia
499 4076 532 4135 tu
560 4070 650 4136 Deua
677 4071 771 4137 solas.
817 4074 865 4137 11.
894 4070 1023 4137 Ostende
1050 4070 1129 4135 mibi
1180 4093 1308 4155 semper
1324 4072 1432 4135 carnis
1450 4069 1601 4151 superbia
1618 4069 1652 4131 in
1667 4067 1790 4132 coelum
1808 4068 2009 4133 transvolare
2022 4069 2146 4151 cupiat:

165 4155 278 4223 Ielroca
298 4159 369 4223 cias
390 4161 470 4228 taos
492 4156 652 4222 ambulabo
672 4158 707 4222 ia
728 4157 855 4223 certare
876 4161 939 4236 tua,
962 4157 1057 4221 acme
1076 4175 1130 4220 cor
1180 4159 1255 4240 quia
1288 4167 1395 4220 tamen
1429 4156 1463 4218 in
1491 4164 1558 4217 tam
1589 4152 1686 4236 longa
1714 4153 1964 4235 investigatione
1993 4152 2148 4219 deficiunt

162 4262 264 4307 meum
284 4243 327 4307 od
347 4243 516 4307 timendum
536 4248 646 4307 sternes¹
667 4249 761 4308 mum.
1179 4263 1295 4307 sensus
1324 4240 1436 4319 nostri,
1467 4238 1549 4302 nihil
1580 4239 1690 4303 atilius
1710 4238 1802 4302 uobis
1824 4246 1873 4302 est
1895 4259 1992 4320 quam
2015 4260 2073 4321 pro
2095 4241 2146 4301 iu·

1180 4327 1343 4392 firmitatis
1366 4338 1494 4389 nostrae
1517 4322 1656 4400 modulo,
1684 4325 1719 4387 ia
1742 4342 1876 4405 operam
1899 4343 2032 4388 suoram
2055 4325 2146 4388 testi·

249 4411 279 4477 8.
310 4410 397 4498 (Noa
426 4418 471 4478 est
498 4414 577 4479 sicat
602 4412 659 4497 tu.)
708 4413 773 4478 Vel
805 4414 868 4477 iam
900 4412 966 4477 voti
996 4431 1127 4493 compos
1179 4413 1298 4477 moniis
1330 4410 1437 4474 Deum
1474 4429 1639 4492 quaerere.
1695 4406 1806 4487 Quare
1838 4407 2001 4473 discamus
2033 4429 2146 4473 sensus

163 4497 306 4581 erumpit
339 4498 372 4562 in
405 4498 584 4582 gratiarum
618 4498 792 4574 actionem,
832 4498 885 4562 rel
919 4497 1061 4562 animum
1095 4506 1127 4560 at
1180 4508 1310 4562 nostros
1351 4496 1598 4578 expergefacere
1638 4493 1677 4558 ad
1720 4492 1898 4576 reputanda
1931 4493 1995 4556 Dei
2031 4513 2146 4577 opera:

162 4602 263 4647 novas
293 4584 377 4649 vires
406 4582 445 4647 ad
467 4582 666 4666 precandam
688 4583 828 4668 colligit:
858 4582 943 4666 quod
966 4583 1126 4667 posterius
1179 4583 1336 4666 superbos
1362 4593 1469 4645 autem
1493 4581 1638 4644 sinamus
1659 4580 1694 4643 iu
1717 4581 1785 4644 suis
1806 4577 1998 4660 ambagibus
2020 4580 2144 4663 vagari,
2234 4640 2237 4646 .

162 4670 268 4750 magis
291 4668 422 4748 arridet,
446 4669 507 4734 nisi
530 4671 613 4733 forte
636 4678 808 4751 utrumque
829 4670 997 4752 complecti
1019 4668 1125 4733 libeat.
1179 4688 1316 4750 quarum
1356 4665 1432 4730 finis
1472 4685 1600 4747 semper
1637 4665 1700 4728 erit
1733 4663 1966 4728 inextricabilis
1997 4665 2143 4748 abyssus.
2243 4676 2246 4681 ⁴

163 4750 259 4832 Quod
290 4774 408 4818 nomen
431 4734 553 4840 onim
575 4752 705 4837 quidam
736 4754 774 4818 de
802 4755 926 4838 angelis
953 4754 1126 4837 accipiunt,
1181 4754 1355 4818 Caeterum
1378 4772 1419 4815 ne
1442 4750 1539 4815 buius
1559 4749 1736 4814 modestiae
1755 4769 1814 4847 uos
1830 4749 1947 4846 pigeat,
1971 4749 2143 4847 magnifice

162 4859 201 4904 ac
230 4840 257 4903 si
287 4859 342 4905 eos
371 4848 529 4905 conferret
554 4839 661 4904 David
690 4860 763 4904 oum
793 4861 919 4905 summo
947 4841 1031 4904 Deo:
1062 4860 1126 4902 non
1179 4837 1344 4921 praedicat
1381 4834 1491 4900 David
1532 4835 1594 4898 Dei
1634 4855 1733 4918 opera
1770 4832 1964 4897 meretricum
2002 4854 2143 4910 nomine,

162 4924 293 4988 videtur
322 4926 396 4990 hnic
424 4925 494 4989 loco
523 4927 601 4991 satis
630 4924 799 5008 quadrare,
827 4946 930 5008 neque
959 4926 1045 4989 euim
1069 4945 1126 4989 en·
1179 4924 1329 5007 quamvis
1358 4921 1460 4987 caeeis
1489 4930 1521 4984 et
1554 4920 1704 5002 insipidis
1733 4918 1919 4983 hominibus
1946 4917 2143 4983 sordescant.

161 5010 267 5092 gelos,
302 5011 393 5092 quasi
426 5011 566 5075 minores
599 5010 685 5089 deos,
718 5011 804 5093 cogit
835 5011 870 5074 in
904 5012 1060 5088 ordinem,
1091 5019 1127 5073 ut
1177 5009 1250 5074 Hoc
1279 5009 1411 5072 interim
1444 5006 1636 5088 principium
1669 5005 1842 5089 diligenter
1874 5003 2052 5068 notandum
2082 5013 2141 5078 est,

162 5095 279 5161 cedant
302 5097 362 5160 Dei
385 5097 514 5160 virtuti:
534 5095 588 5161 sed
611 5117 723 5160 omnes
744 5096 874 5160 fictitios
896 5095 981 5174 deos,
1004 5097 1039 5159 iu
1058 5096 1126 5178 qui·
1178 5094 1310 5160 nonnisi
1332 5095 1365 5157 in
1388 5112 1489 5156 uuum
1505 5090 1615 5154 Deum
1636 5099 1829 5173 competere»
1842 5087 1970 5154 deitatis
1986 5088 2142 5171 gloriam:

162 5181 223 5247 bus
244 5181 403 5246 increduli
425 5179 557 5246 sabesse
580 5180 699 5265 aliquid
723 5183 837 5247 auxilii
859 5181 1026 5265 putabant,
1050 5201 1126 5246 oon·
1178 5181 1339 5263 quianon
1362 5177 1439 5242 alibi
1462 5177 1639 5260 reperietur
1656 5177 1709 5240 vel
1727 5175 1895 5258 sapientia,
1918 5174 1969 5238 vel
1987 5174 2141 5256 potentia,
