4658 5856
161 326 226 393 821
248 384 252 390 .
936 322 1152 392 PSALMUS
1176 324 1378 393 LXXXIX.
1461 340 1473 365 ⁶
2096 328 2164 394 822

163 513 309 598 augelis:
332 512 452 578 solutio
474 512 578 581 facilis
600 523 660 593 est,
683 512 722 581 Si
743 513 779 579 in
801 535 836 580 se
858 522 1040 597 reputetur,
1070 533 1137 577 non
1162 538 1166 557 ¹
1190 525 1312 579 temere
1341 517 1614 599 trorrspresat'onem
1644 516 1696 582 vel
1720 515 1887 598 perfidiam
1911 527 1943 582 et
1964 516 2161 599 iniquitatem

163 601 316 685 possein
339 607 407 664 tam
440 598 614 665 sublimem
647 599 786 685 gradum
819 601 890 665 iure
922 600 1046 664 efferri:
1080 598 1137 664 sed
1189 601 1288 684 ponit.
1334 602 1423 685 Ergo
1446 602 1618 667 tolerantia
1641 602 1703 666 Dei
1726 611 1759 666 et
1782 602 1904 679 lenitas,
1939 603 2086 685 quesibi
2109 624 2160 668 rc·

164 693 327 770 quatenus
350 684 476 751 Ohristi
499 706 672 769 personam
693 685 733 752 ad
756 696 885 768 tempus
907 685 1073 750 sustinuit.
1189 687 1339 753 conciliat
1371 695 1516 770 posteros
1549 686 1703 765 Davidis,
1749 708 1851 769 usque
1887 688 1926 753 ad
1968 689 2161 771 gravissima

252 771 304 837 29.
328 769 385 855 (In
405 770 588 856 modum.)
632 768 771 856 Saepius
800 771 943 837 inculcat
963 770 1055 835 Deus
1076 769 1138 835 hac
1188 772 1312 839 scelera
1334 772 1530 838 extenditur.
1576 772 1730 839 Ostendit
1751 793 1848 855 porro
1876 773 1928 840 hic
1951 773 2047 857 locus,
2082 772 2158 839 dum

164 858 239 942 lege
272 867 417 923 erectum
446 878 522 923 ase
556 858 654 923 fuisse
688 878 824 941 reguum
855 855 1003 934 Davidis,
1035 865 1073 920 ut
1104 855 1137 920 iu
1162 906 1165 965 ,
1189 868 1383 941 cooptantur
1416 859 1565 923 homines
1597 879 1616 921 a
1645 859 1724 938 Deo,
1759 879 1824 922 non
1857 861 2006 942 protinus
2040 880 2160 925 exuere

163 946 268 1010 finem
301 963 404 1026 usque
436 942 629 1008 stabiliatur.
673 943 775 1008 Porro
808 942 996 1008 clementiam
1029 942 1139 1024 priore
1163 976 1166 1031 l
1190 966 1320 1011 carnem
1354 965 1447 1008 suam
1481 965 1555 1008 cum
1591 945 1693 1009 vitiis:
1724 945 1819 1008 sicuti
1842 947 2005 1010 somniant
2027 945 2157 1010 fanatici

164 1030 234 1094 loco
256 1048 391 1112 ponens,
413 1028 530 1094 deinde
552 1028 675 1094 addens
696 1029 814 1110 foedas,
845 1047 976 1094 causam
999 1026 1139 1092 foederis
1190 1030 1348 1108 homines,
1371 1030 1508 1094 simulac
1530 1030 1707 1095 inserimur
1725 1031 1758 1094 in
1777 1051 1895 1114 corpus
1908 1031 2030 1096 Christi
2044 1030 2161 1095 debere

166 1115 334 1197 designat:
365 1134 402 1179 ao
422 1115 450 1180 si
472 1134 537 1179 uno
559 1115 659 1180 verbo
688 1113 809 1181 diceret
838 1135 907 1181 esse
941 1113 1138 1199 gratuitum:
1191 1117 1311 1182 aboleri
1334 1115 1494 1197 quidquid
1516 1115 1621 1180 estin
1645 1116 1739 1181 nobis
1768 1118 1980 1198 corruptelae.
2024 1117 2160 1183 Utinam

165 1219 225 1265 nee
247 1199 344 1265 modo
366 1199 537 1265 fundatum
559 1220 631 1265 esse
652 1203 685 1263 in
720 1201 835 1285 gratia,
868 1199 924 1265 sed
958 1201 992 1263 in
1026 1198 1138 1263 eadem
1191 1201 1320 1284 quidem
1344 1221 1513 1283 possemus
1534 1210 1668 1284 repento
1691 1210 1816 1267 mutare
1847 1204 2025 1285 ingenium,
2054 1213 2090 1266 ut
2114 1203 2160 1267 vi·

164 1304 292 1369 queque
314 1294 478 1368 perstare:
509 1286 586 1367 quia
609 1286 673 1352 huc
696 1286 781 1351 redit
803 1307 932 1351 summa
954 1285 1137 1361 verborum,
1192 1301 1281 1372 geret
1303 1289 1337 1351 in
1361 1287 1452 1350 nobis
1474 1288 1546 1366 ista,
1578 1307 1675 1370 qaam
1710 1289 1888 1370 requirunt,
1922 1286 2069 1372 angelica
2090 1309 2161 1370 per-

165 1373 276 1437 Deum
299 1370 542 1437 misericordem
564 1391 694 1454 semper
716 1372 785 1436 sore
806 1391 884 1456 erga
906 1370 1078 1447 Davidem,
1097 1390 1139 1433 ne
1192 1374 1308 1439 sectio!
1355 1371 1420 1438 Sed
1443 1374 1593 1454 quoniam
1617 1374 1729 1455 procul
1753 1373 1794 1438 ab
1815 1394 1855 1438 ea
1878 1394 1935 1438 nos
1957 1372 2079 1437 distare
2124 1394 2158 1437 a·

167 1475 310 1539 unquam
333 1456 447 1522 foedus
468 1457 620 1536 intereat,
643 1457 730 1523 uude
752 1459 911 1540 sequitur,
945 1458 1016 1522 eius
1041 1456 1139 1520 firmi·
1164 1418 1167 1549 i
1192 1460 1256 1524 lam
1281 1466 1339 1535 cst,
1362 1458 1516 1541 quamdiu
1540 1459 1798 1524 circumferimus
1822 1460 1906 1524 hanc
1928 1480 2069 1537 carnem,
2093 1394 2122 1521 d

167 1551 269 1608 tatem
291 1542 326 1605 in
349 1562 440 1606 mero
450 1542 514 1607 Dei
538 1542 742 1627 beneplacito
764 1544 948 1610 consistere.
984 1543 1139 1608 Proximo
1164 1560 1167 1611 l
1193 1546 1294 1611 bolico
1316 1543 1372 1608 illo
1394 1546 1550 1627 figmento
1569 1545 1677 1610 valere
1696 1546 1794 1619 iussu,
1811 1544 2162 1625 confugiamusomnes

166 1648 264 1695 versu
287 1626 437 1694 effectum
460 1647 538 1692 suae
560 1629 710 1694 veritatis
732 1629 897 1713 exprimit,
920 1629 995 1712 quia
1012 1648 1141 1710 semper
1165 1614 1168 1643 ¹
1193 1630 1233 1696 nd
1256 1651 1427 1696 commune
1451 1630 1565 1695 veniae
1588 1630 1724 1709 asylum.
1769 1631 1854 1695 Nam
1883 1639 1970 1695 certe
1999 1629 2039 1694 de
2062 1630 2161 1695 eccla·

167 1712 313 1779 mauebit
345 1713 487 1778 Davidis
521 1714 693 1795 posteritas
727 1717 760 1779 iu
795 1716 883 1799 rogio
917 1714 1009 1780 solio.
1055 1714 1140 1777 Nam
1192 1720 1258 1782 siae
1292 1737 1370 1782 suae
1403 1715 1586 1780 domesticis
1621 1718 1709 1781 Deus
1743 1716 1905 1799 loquitur,
1941 1713 1995 1779 ubi
2030 1715 2162 1780 veniam

165 1800 243 1884 quia
265 1799 325 1864 sub
348 1799 436 1863 coelo
458 1798 542 1862 nihil
564 1808 615 1864 est
636 1800 838 1881 diuturnum,
872 1800 945 1865 idco
981 1799 1140 1883 propheta
1192 1823 1305 1868 eorum
1329 1801 1503 1867 sceleribus
1531 1802 1732 1883 promittens,
1767 1822 1839 1867 reos
1871 1800 1940 1866 fore
1974 1800 2162 1866 delectionis

165 1906 224 1968 per
257 1884 324 1950 dies
356 1884 508 1949 coelorum
540 1896 706 1951 aeternam
739 1886 941 1952 durationem
975 1885 1140 1969 intelligit.
1194 1888 1395 1972 pronuntiat.
1439 1885 1511 1951 Iam
1535 1887 1618 1970 qaod
1642 1888 1696 1953 hic
1719 1888 1844 1964 dicitur,
1875 1886 1915 1951 ad
1940 1895 2082 1951 veterem
2106 1906 2161 1968 po-

167 1969 264 2038 Unde
296 1970 453 2051 sequitur,
487 1990 553 2033 non
587 1992 680 2053 posse
702 1984 853 2038 constare
875 1973 972 2037 huius
995 1970 1141 2036 vaticinii
1193 1975 1305 2058 pulum
1325 1974 1522 2056 restringere
1543 1995 1606 2037 non
1625 1973 1720 2037 modo
1738 1973 1896 2038 insulsum
1915 1981 1976 2050 est,
1998 1971 2054 2037 sed
2071 1991 2162 2053 pror-

166 2057 337 2122 effectum:
360 2055 462 2121 donec
485 2054 524 2119 ad
549 2056 717 2122 Christum
738 2067 873 2123 ventum
898 2057 1004 2134 fuerit,
1029 2059 1140 2139 inquo
1193 2060 1406 2142 susimpium.
1441 2059 1599 2137 Primum,
1622 2057 1705 2123 illud
1724 2058 1890 2141 quodiam
1909 2057 2038 2140 saepius
2058 2059 2162 2122 visum

166 2142 237 2208 solo
259 2142 389 2206 demum
414 2142 595 2224 reperietur
617 2144 681 2207 ista
707 2144 892 2209 aeternitas.
1193 2157 1243 2211 est
1277 2166 1335 2229 pro
1369 2144 1514 2209 confosso
1547 2165 1649 2222 sumo,
1684 2154 1827 2208 erectum
1858 2144 1957 2208 faisse
1989 2142 2162 2207 umbratile

1192 2231 1272 2297 illud
1307 2252 1453 2315 reguum,
1487 2232 1519 2294 in
1553 2250 1615 2311 quo
1651 2229 1860 2301 mediatorem
1883 2230 1974 2294 Deus
2008 2228 2163 2293 ecclesiae

253 2312 305 2377 31.
341 2312 379 2377 sa·
411 2312 601 2378 deseruerint
632 2313 694 2395 filit
723 2316 790 2381 eius
811 2314 905 2398 legent
926 2333 1034 2392 mecm,
1058 2318 1086 2379 et
1106 2313 1141 2378 in
1193 2339 1271 2383 suae
1304 2326 1505 2399 proponeret,
1539 2316 1635 2398 idque
1660 2336 1722 2380 nou
1747 2315 1841 2380 modo
1863 2316 2017 2398 probatur
2039 2314 2162 2379 Christi

106 2423 111 2429 ·
167 2399 299 2465 iudiciis
319 2399 397 2464 mas
418 2417 479 2463 non
510 2399 750 2465 ambulaverint:
792 2400 843 2465 32.
876 2399 913 2464 Si
946 2401 1045 2465 edicta
1072 2419 1142 2463 mea
1193 2416 1226 2467 et
1248 2402 1466 2486 apostolorum
1503 2400 1707 2480 testimoniis,
1741 2401 1796 2465 sed
1829 2422 1869 2464 ex
1903 2422 1938 2464 re
1972 2402 2042 2482 ipsa
2075 2405 2163 2464 certo

162 2485 425 2568 profanaverint,
475 2490 502 2550 et
550 2490 667 2550 staldo
712 2508 780 2552 rnen
822 2506 883 2552 non
927 2485 1142 2551 custodierint:
1194 2501 1367 2572 aperteque
1389 2487 1561 2570 colligitur.
1606 2486 1691 2551 Nam
1715 2487 1848 2552 Christo
1871 2493 2002 2563 remoto,
2029 2485 2084 2551 ubi
2107 2485 2164 2549 illa

168 2570 222 2636 33.
249 2570 337 2635 Tunc
358 2569 489 2636 nudabo
511 2571 546 2635 in
568 2571 659 2654 virpc
681 2573 959 2656 transgressionem
982 2591 1096 2650 eonem,
1115 2575 1143 2634 ed
1194 2575 1266 2641 solii
1290 2573 1466 2638 aeternitas
1488 2573 1581 2638 cuius
1611 2574 1649 2635 fit
1679 2571 1823 2637 mentio?
1870 2570 2042 2637 Secundus
2073 2571 2161 2635 euim

167 2659 205 2721 in
231 2655 342 2738 plagis
374 2656 569 2737 iniquitatem
601 2676 714 2724 eornm.
770 2659 821 2722 34.
857 2657 920 2723 Sed
952 2657 1142 2723 clementiam
1195 2659 1333 2727 [invidis
1364 2678 1531 2724 successor
1565 2658 1708 2721 maxima
1729 2658 1859 2740 imperii
1882 2668 1974 2740 parte
1995 2656 2161 2741 spoliatus,

168 2762 271 2807 meam
292 2761 353 2806 non
374 2746 518 2822 nulnum
540 2741 579 2806 ab
600 2762 646 2821 eo,
668 2748 696 2808 et
717 2764 777 2809 nort
798 2744 932 2808 mortar
953 2744 989 2807 in
1016 2743 1143 2808 uer-itote
1194 2748 1251 2812 vix
1274 2746 1394 2810 tribum
1419 2764 1516 2808 anam
1539 2752 1572 2807 et
1591 2742 1758 2807 dimidiam
1777 2766 1820 2808 ex
1838 2743 2005 2808 duodecim
2017 2741 2161 2807 retinuit.

167 2847 255 2893 mea:
278 2826 330 2892 35.
355 2827 428 2892 Non
443 2825 620 2909 mosoncbo
639 2828 750 2911 foedas
769 2849 881 2907 meunt,
901 2834 928 2893 et
947 2830 1028 2910 qnod
1045 2847 1142 2912 egres·
1195 2834 1264 2897 Iam
1299 2830 1385 2913 quod
1418 2836 1529 2911 postea
1561 2828 1705 2894 cladibus
1740 2828 1880 2893 deforme
1913 2829 1974 2892 fuit
2009 2830 2164 2911 exiguum

167 2934 241 2979 snm
262 2918 341 2978 estc
364 2912 460 2978 labiis
480 2914 559 2978 meis
577 2933 639 2979 rwn
660 2916 791 2981 mutabo.
831 2915 883 2982 36.
909 2914 1008 2979 Sernel
1035 2913 1143 2980 iuraui
1194 2917 1275 2983 illud
1309 2936 1457 2999 regnum,
1491 2913 1591 2978 donec
1617 2913 1749 2978 tandem
1773 2935 1830 2976 rex
1855 2924 2005 2994 totusque
2027 2912 2166 2995 populus

167 3001 205 3063 in
232 2999 394 3064 sanctitate
422 3019 501 3076 naec,
537 2997 575 3062 Si
602 2999 725 3067 Doridi
757 3002 899 3067 mentiar.
951 3001 1004 3064 et.
1033 3000 1143 3065 Samen
1193 3025 1267 3070 cum
1282 3021 1409 3068 summo
1427 2999 1583 3064 dedecore
1598 3006 1631 3063 et
1646 2999 1841 3064 contumelia
1857 3001 1889 3062 in
1906 2998 2056 3063 exsilium
2070 2997 2165 3062 tracti

170 3085 240 3150 eine
262 3086 298 3150 in
319 3089 479 3149 aetenum
510 3083 611 3164 studit,
644 3092 672 3151 et
692 3087 807 3152 solnm
827 3088 895 3152 eius
916 3087 1008 3168 qnasi
1030 3086 1076 3151 sol
1097 3105 1143 3151 ce
1194 3088 1292 3155 sunt?
1320 3086 1436 3168 Qualis
1459 3106 1534 3151 vcro
1557 3085 1629 3149 solii
1649 3083 1791 3168 dignitas
1813 3084 1884 3161 furit,
1908 3104 2007 3165 quum
2031 3104 2090 3147 rex
2113 3084 2164 3147 iu·

170 3189 243 3235 ram
264 3190 321 3236 nse.
366 3170 417 3236 38.
449 3169 535 3234 sinc
563 3170 642 3237 lanu
662 3172 839 3239 stabilietur
861 3174 896 3237 in
917 3172 1083 3251 eandum,
1116 3176 1143 3236 et
1193 3175 1314 3258 galatis
1336 3176 1370 3236 in
1394 3181 1567 3254 conspectu
1590 3170 1676 3253 filiis,
1700 3169 1836 3254 capitale
1859 3168 1959 3235 subiit
1980 3167 2162 3233 iudicium?

170 3258 258 3322 testis
279 3257 314 3321 in
334 3257 413 3322 coelo
432 3254 544 3336 adela.
591 3255 693 3324 Satan
1193 3262 1223 3325 2.
1247 3261 1328 3342 Reg.
1350 3258 1401 3335 25,
1426 3258 1454 3321 7.
1500 3256 1597 3336 Quod
1620 3255 1736 3322 deinde
1759 3256 1903 3338 precario
1922 3255 2052 3320 Iudaeis
2074 3254 2165 3320 habi·

1194 3358 1264 3411 tare
1286 3347 1321 3409 iu
1344 3344 1450 3427 patria
1472 3343 1573 3421 licuit,
1606 3342 1668 3408 hoc
1699 3342 1760 3406 suit
1782 3342 1851 3405 siue
1873 3342 1964 3423 regni
1987 3340 2110 3406 honore
2130 3348 2165 3405 et

255 3426 308 3491 et.
331 3424 385 3512 (Si
401 3427 616 3515 deseruerint.)
650 3430 816 3514 Propheta
827 3430 914 3495 ultra
926 3431 1142 3514 progreditur,
1194 3433 1296 3497 titulo.
1341 3430 1458 3512 Itaque
1481 3427 1629 3493 Ezechiel
1654 3428 1705 3504 21,
1728 3428 1768 3491 27
1791 3438 1840 3491 ter
1869 3428 2059 3511 pronuntiat
2090 3447 2163 3509 per·

167 3514 318 3598 quamvis
358 3525 530 3594 peccarent
561 3514 700 3581 Davidis
735 3516 865 3600 posteri,
897 3517 1004 3581 Deum
1032 3528 1141 3580 tamen
1194 3538 1323 3584 versum
1346 3517 1415 3580 fore
1439 3513 1595 3590 diadema,
1620 3513 1721 3578 donec
1745 3513 1854 3578 veniat
1877 3513 1969 3578 cuius
1992 3514 2062 3577 erit.
2102 3510 2162 3576 Se·

167 3599 349 3683 pollicitum
371 3598 471 3664 fuisse
494 3618 529 3663 se
551 3599 616 3666 illis
639 3601 706 3667 iore
728 3601 926 3686 placabilem,
951 3624 993 3666 ne
1015 3620 1142 3666 summo
1194 3604 1308 3686 quitur
1330 3622 1416 3687 crgo,
1450 3601 1482 3664 in
1516 3600 1585 3664 sola
1608 3598 1735 3665 Christi
1764 3590 1902 3681 person'a
1925 3597 2067 3664 residere
2089 3619 2163 3680 per·

166 3686 240 3751 iure
262 3685 409 3767 exigeret
430 3683 608 3750 vindictam
631 3684 671 3752 de
688 3708 799 3753 eorum
818 3687 1140 3772 transgressionibus.
1194 3700 1327 3774 potuum
1352 3687 1445 3771 regni
1468 3695 1601 3751 statum.
1646 3686 1690 3749 Et
1712 3696 1799 3750 certo
1822 3684 1899 3767 quid
1923 3685 1973 3749 vel
2007 3684 2084 3748 olim
2107 3683 2163 3748 lu-

167 3770 345 3838 anterum
368 3789 433 3851 quo
456 3771 618 3838 efficacior
632 3773 677 3837 sit
691 3773 872 3856 promissio,
887 3774 996 3838 Deum
1015 3794 1143 3855 semper
1194 3775 1283 3839 dacis
1304 3793 1476 3840 commune
1498 3771 1612 3836 fuisset
1634 3791 1707 3835 cum
1732 3772 1809 3848 Deo,
1838 3769 1890 3835 vel
1920 3769 2016 3834 hodie
2038 3790 2164 3852 quoque

170 3858 357 3940 loquentem
390 3856 526 3935 inducit,
560 3878 597 3923 ao
627 3859 655 3922 si
677 3879 717 3925 ex
740 3860 903 3941 conceptis
926 3860 1010 3942 pacti
1033 3860 1142 3925 verbis
1194 3860 1286 3925 nobis
1320 3867 1415 3936 osset,
1449 3857 1512 3923 nisi
1540 3857 1580 3921 ad
1602 3856 1742 3940 gratiam
1765 3855 1999 3920 conciliandam
2022 3855 2163 3920 interce·

168 3963 244 4010 cum
266 3963 305 4006 eo
324 3950 444 4025 ageret.
479 3942 558 4006 Fuit
569 3953 679 4009 autem
698 3944 792 4011 valde
811 3947 993 4011 necessaria
1004 3944 1141 4010 additio:
1193 3946 1285 4011 deret
1308 3943 1486 4008 mediator?
1526 3943 1595 4006 Iam
1619 3963 1695 4025 crgo
1717 3941 1891 4024 qualitates
1913 3941 2006 4024 regui
2031 3940 2070 4004 de
2092 3941 2164 4023 qui-

166 4028 245 4112 quia
267 4027 331 4092 uisi
353 4048 412 4110 pro
434 4027 596 4094 immensa
618 4051 678 4095 sua
699 4030 902 4114 indulgentia
936 4029 1027 4096 nobis
1051 4032 1142 4097 Deus
1194 4033 1253 4097 bus
1277 4030 1430 4113 diximus,
1466 4029 1507 4092 ad
1541 4049 1600 4092 nos
1633 4026 1793 4110 aptandae
1815 4039 1900 4090 sunt.
1945 4027 2052 4091 Sicuti
2075 4025 2165 4090 enim

167 4116 325 4198 ignoscat,
348 4122 386 4177 ut
403 4113 521 4179 lubrici
533 4136 656 4200 sumus,
675 4126 772 4199 atque
790 4115 830 4180 ad
849 4117 1019 4182 continuos
1032 4117 1142 4197 lapsus
1194 4118 1369 4182 aeternitas
1392 4115 1433 4179 ad
1455 4135 1544 4197 spem
1568 4115 1680 4179 beatae
1701 4111 1958 4177 immortalitatis
1981 4132 2041 4177 nos
2063 4111 2164 4178 dedu·

166 4199 338 4283 proclives,
371 4197 500 4263 nullum
534 4201 604 4266 eius
626 4202 796 4268 uobiscum
819 4203 933 4268 foedus
956 4212 1064 4266 ratum
1090 4204 1140 4269 vel
1193 4204 1247 4281 cit,
1281 4203 1440 4266 invictum
1474 4210 1580 4265 autem
1615 4198 1716 4263 robur
1748 4197 1874 4263 animos
1907 4206 2035 4262 nostros
2075 4205 2164 4262 tran·

166 4287 299 4350 firmum
322 4284 394 4348 erit.
439 4283 526 4365 Quis
559 4307 637 4371 ergo
667 4288 801 4353 videbat
824 4288 913 4352 Deus
946 4289 1018 4352 fieri
1047 4288 1142 4354 aliter
1194 4288 1319 4371 quillat,
1342 4298 1375 4351 et
1397 4285 1551 4369 quidquid
1575 4284 1777 4350 machinetur
1795 4282 1908 4361 Satan,
1932 4294 1965 4348 et
1986 4281 2165 4365 quamlibet

168 4391 238 4434 non
261 4389 353 4451 posse
376 4368 454 4452 quin
477 4374 599 4453 posteri
621 4373 771 4452 Davidis,
806 4384 964 4456 quantum
997 4373 1031 4438 in
1063 4375 1141 4457 ipsis
1196 4375 1308 4440 variae
1326 4384 1447 4437 mortes
1466 4393 1525 4437 nos
1543 4369 1754 4448 circumdent,
1774 4368 1871 4435 fidem
1891 4380 2036 4433 nostram
2048 4366 2164 4433 collabi

84 4505 87 4508 >
169 4465 252 4534 erat,
274 4477 334 4521 sua
355 4455 452 4538 culpa
473 4456 610 4524 subinde
631 4458 820 4524 exciderent
838 4481 856 4524 a
874 4460 1010 4536 foedere,
1029 4480 1143 4542 excep·
1194 4482 1258 4525 non
1277 4459 1419 4543 patitur:
1443 4458 1489 4521 ita
1507 4458 1602 4521 venia
1621 4476 1700 4538 quae
1713 4455 1924 4537 promittitur,
1943 4452 1984 4518 ad
1996 4454 2165 4535 spirituale

130 4577 133 4582 ·
169 4542 293 4606 tionem
323 4540 406 4606 hauc
438 4543 572 4607 remedii
594 4544 663 4610 loco
690 4543 824 4609 addidit.
869 4544 1044 4610 Caeterum
1068 4547 1143 4629 quia
1196 4546 1319 4611 Christi
1348 4565 1485 4628 regnum
1518 4543 1667 4625 pertinet,
1701 4541 1797 4605 sicuti
1826 4541 1923 4606 etiam
1947 4559 1988 4603 ex
2012 4538 2166 4605 hocloco

170 4627 252 4693 utile
274 4635 324 4692 est
346 4627 533 4693 hominibus
566 4631 719 4714 castigari
741 4630 805 4695 Dei
827 4630 950 4708 ferulis,
981 4652 1045 4696 nou
1069 4640 1156 4714 proi
1195 4652 1294 4714 aeque
1316 4628 1490 4713 colligitur,
1523 4629 1662 4692 salutem
1696 4626 1849 4692 ecclesiae
1882 4625 2014 4689 nonnisi
2044 4625 2078 4689 in
2101 4625 2165 4688 Dei

169 4714 273 4778 mittit
294 4711 386 4778 Deus
408 4713 634 4797 impunitatem
657 4736 721 4798 qua
752 4716 882 4782 alantur
915 4728 1053 4799 peccata,
1085 4717 1142 4782 sed
1194 4718 1301 4800 gratia
1323 4724 1356 4781 et
1378 4715 1515 4781 veritate
1538 4713 1722 4778 consistere.
1770 4708 1807 4777 Si
1829 4712 1901 4794 quis
1920 4710 2059 4788 obiiciat,
2085 4732 2166 4774 nun·

170 4807 340 4882 paternam
375 4799 630 4866 moderationem
662 4802 696 4865 in
729 4802 863 4884 poenis,
898 4812 935 4867 ut
964 4802 1141 4868 vindictam
1195 4823 1292 4884 quam
1326 4800 1463 4866 deficere
1496 4800 1528 4863 iu
1553 4807 1654 4863 totum
1677 4800 1731 4880 qui
1755 4797 1894 4880 regeniti
1916 4804 1994 4861 sunt
2015 4796 2078 4860 Dei
2101 4796 2165 4878 spi-

170 4905 298 4951 summo
320 4887 391 4950 iure
413 4904 479 4949 nou
501 4887 620 4969 exigat,
642 4907 747 4969 nequo
765 4895 874 4952 tamen
893 4888 1018 4954 levibus
1036 4888 1141 4955 solum
1194 4889 1271 4964 ritu,
1306 4887 1383 4969 quia
1413 4905 1522 4952 semen
1545 4883 1847 4966 incorruptibilem
1870 4882 1949 4965 ipsis
1972 4888 2097 4946 manet:
2133 4880 2166 4946 id

171 4970 300 5037 delictis
321 4971 486 5054 promittit
507 4973 647 5050 veniam,
669 4972 726 5038 sed
749 4974 889 5056 peccatis
913 4995 1039 5058 quoque
1056 4978 1142 5039 atro·
1194 4973 1401 5039 verissimum
1435 4992 1506 5037 esse
1539 4971 1650 5036 fateor.
1696 4968 1764 5034 Neu
1794 4989 1870 5033 vero
1893 4967 2088 5033 universalis
2111 4967 2166 5032 de-

171 5055 272 5122 cibus.
316 5055 431 5139 Neque
464 5058 551 5123 euim
585 5066 708 5124 temere
739 5058 800 5124 has
831 5057 986 5142 loquendi
1022 5060 1143 5126 formas
1195 5060 1289 5125 lectio
1307 5058 1360 5123 hic
1379 5065 1520 5135 notatur,
1538 5066 1576 5120 ut
1594 5055 1676 5120 nihil
1690 5055 1820 5138 pietatis
1832 5062 1963 5119 maneat
1980 5052 2164 5118 residuum:

172 5152 316 5226 usurpat,
351 5142 465 5226 Legem
498 5143 681 5227 relinquere,
716 5143 894 5228 Profcncre
912 5151 1038 5225 amiota,
1071 5146 1144 5212 Non
1195 5144 1252 5210 sed
1274 5145 1350 5227 quia
1372 5142 1535 5208 interdum
1559 5141 1719 5225 contingit
1742 5139 1853 5207 fideles
1876 5140 1922 5203 ita
1943 5140 2055 5223 iugum
2068 5160 2166 5204 excu-

170 5227 332 5295 nmbtdure
353 5229 388 5296 in
409 5228 546 5310 indidit,
574 5230 747 5315 Praecepta
768 5250 830 5298 non
849 5250 983 5299 secare.
1028 5231 1144 5316 Neque
1197 5240 1275 5310 tere,
1310 5238 1348 5294 ut
1371 5228 1474 5297 videri
1497 5228 1600 5311 possit
1622 5227 1799 5294 suffocatus
1821 5227 1854 5291 in
1878 5225 1943 5291 illis
1966 5226 2027 5291 Dei
2051 5225 2166 5290 timor:

1909 5326 1959 5382 52*

2117 1459 2162 1522 ia·
2275 1500 2281 1513 ·
