4658 5856
164 340 208 403 59
1016 332 1234 401 PSALllUS
1257 336 1317 399 lt.
2126 334 2171 399 60

162 524 226 589 sibi
248 525 336 590 enim
359 524 460 606 prebe
481 526 629 589 museius
652 538 731 597 erat,
761 521 843 584 nibil
867 543 902 585 se
923 523 986 586 uisi
1009 544 1051 585 ex
1073 520 1137 584 Dei
1189 534 1283 605 cepto
1295 521 1451 587 desistere
1469 533 1631 605 cogerent,
1657 524 1852 604 probaverat
1863 524 1954 586 Deus
1972 543 2009 584 ae
2027 519 2169 587 Doridis

163 612 335 675 roratione
355 626 388 673 et
412 608 567 673 mandato
588 620 748 672 tentasse:
771 607 908 689 ideoque
930 628 997 671 uon
1014 618 1138 670 temere
1162 634 1165 647 ·
1188 628 1261 672 esse
1283 608 1462 673 custodem.
1508 608 1595 688 Quia
1624 620 1733 672 autem
1763 608 1829 672 illis
1858 608 2062 689 propositum
2085 618 2169 686 erat,

163 697 247 759 iuris
284 696 337 759 sui
376 712 554 776 patronum
596 692 744 758 advocat.
809 692 899 757 Hinc
942 691 1138 774 colligimus,
1188 694 1343 775 probrose
1366 693 1505 757 deiicere
1527 714 1623 774 quem
1646 695 1681 756 in
1703 693 1821 758 solium
1844 693 1971 775 regium
1998 691 2168 755 extulerat

163 778 336 845 Davidem.
357 800 422 861 quo
440 780 581 844 alaerius
606 779 663 841 toti
682 776 807 842 mundo
824 778 931 842 Deum
949 787 1139 860 opponeret,
1190 776 1297 842 Deus:
1331 780 1458 861 quaerit
1479 799 1648 861 quousque
1669 798 1762 844 suam
1792 778 1931 862 gloriam
1960 785 2102 860 pergent
2129 777 2166 839 iu

163 866 223 930 boe
246 864 351 947 elogio
372 866 479 946 ipsunt
502 884 646 928 ornasse.
679 862 777 942 Quod
795 863 845 926 bis
862 861 967 926 audiri
985 862 1137 945 postulat,
1161 922 1165 931 ,
1188 863 1329 929 dedecus
1350 861 1492 927 trahere.
1536 862 1725 927 Notandum
1755 876 1864 927 autem
1894 861 2054 944 estquod
2076 860 2165 944 apud

162 952 196 1013 in
219 971 258 1015 eo
275 952 372 1015 uobis
389 966 421 1013 et
440 949 559 1013 doloris
579 948 796 1015 vehementia.
819 962 851 1010 et
869 948 1022 1029 precandi
1040 946 1139 1009 ardor
1161 958 1165 1025 j
1188 969 1335 1014 summos
1365 960 1397 1011 et
1419 950 1549 1013 infimos
1578 951 1667 1013 omni
1696 969 1817 1031 genere
1851 949 2053 1031 ignominiae
2089 966 2164 1030 gra·

162 1036 369 1118 exprimitur.
414 1035 566 1099 Secundo
589 1035 689 1097 etium
713 1034 782 1097 loco
804 1035 947 1096 ostendit
966 1033 1055 1097 unde
1077 1034 1137 1095 im·
1161 1030 1165 1109 ἑ
1189 1043 1285 1097 ratus
1306 1035 1431 1116 gloriae
1451 1048 1561 1097 tamen
1583 1035 1645 1099 sibi
1664 1034 1823 1097 divinitus
1841 1053 2015 1099 concessae
2035 1051 2167 1115 posses·

162 1119 315 1202 petrandi
338 1121 491 1185 fiduciam
513 1122 684 1200 concipiat,
714 1139 832 1200 nempe
860 1140 902 1182 ex
925 1119 988 1182 Dei
1010 1118 1137 1181 miseri-
1188 1120 1315 1183 sionem
1337 1121 1482 1184 animose
1504 1120 1639 1183 retinet:
1669 1119 1798 1184 dubitat
1826 1120 1907 1200 quin
1931 1137 2005 1182 eam
2027 1115 2166 1181 tandem

161 1205 283 1271 cttniia.
339 1206 381 1268 Et
415 1218 502 1269 certe
534 1206 662 1286 quoties
701 1202 825 1285 aliquid
865 1205 1021 1286 petimus.
1061 1201 1137 1266 hinc
1188 1219 1313 1268 asserat
1335 1203 1427 1269 Deus
1449 1204 1695 1286 quibuscunque
1716 1203 1853 1268 maculis
1874 1202 2010 1285 indigne
2031 1221 2168 1284 aspersa

161 1292 292 1354 initium
320 1292 427 1355 tacere
454 1291 619 1363 cent-enit,
650 1306 688 1352 ut
715 1288 878 1352 Dominus
905 1309 964 1370 pro
993 1287 1137 1371 gratuita
1188 1291 1297 1355 fuerit.

162 1397 224 1441 sua
245 1375 393 1440 bonitate
414 1375 554 1439 miseriis
577 1377 699 1438 nostris
720 1386 900 1437 succurrat.
1162 1454 1165 1459 Ι
1274 1374 1437 1458 (Diliqetis
1457 1376 1650 1455 caedum.)
1684 1376 1749 1440 His
1771 1371 1880 1438 verbis
1900 1373 2022 1457 partim
2044 1391 2164 1453 expro-

247 1460 418 1543 quitatem·
439 1460 542 1541 milti.)
586 1459 729 1540 Quidam
753 1474 869 1539 putant
890 1457 1053 1523 Davidem
1075 1457 1137 1521 sibi
1189 1459 1261 1523 brat
1274 1460 1422 1525 hostibus
1441 1480 1627 1542 perversam
1646 1459 1815 1525 libidinem
1836 1479 1901 1540 qua
1920 1458 2056 1522 videbat
2075 1457 2165 1538 ipsos

160 1548 352 1629 promittere
373 1547 458 1627 quod
482 1545 629 1609 noudum
651 1562 721 1607 erat
743 1558 907 1625 expertus,
928 1560 961 1607 et
983 1545 1136 1608 effectum
1161 1596 1164 1605 .
1189 1544 1329 1626 impelli,
1365 1546 1516 1626 quamvis
1546 1549 1634 1627 pium
1665 1547 1769 1611 zelum
1801 1544 1883 1609 falso
1912 1554 2164 1626 praetexerent:

160 1632 285 1713 gmtiae
304 1630 369 1694 Dei
391 1651 451 1712 spe
473 1651 533 1695 sua
556 1642 772 1694 antevertere.
819 1632 929 1711 Atqui,
958 1650 1030 1693 meo
1052 1627 1133 1691 iudi·
1161 1668 1165 1701 ,
1188 1631 1308 1712 partim
1331 1650 1446 1694 eorum
1468 1630 1641 1694 stultitiam
1665 1630 1799 1705 deridet,
1823 1650 1906 1712 quos
1926 1638 2042 1694 ocum
2052 1625 2165 1691 Deum

159 1718 220 1793 tio,
241 1718 380 1797 pristina
392 1713 457 1779 Dei
469 1715 625 1780 beneticia
636 1717 744 1797 pettius
754 1727 997 1795 commemorat,
1021 1714 1138 1796 quibus
1161 1784 1166 1805 Ι
1189 1716 1375 1799 pugnando.
1411 1736 1596 1780 successum
1631 1726 1744 1782 tamen
1772 1715 1834 1782 sibi
1862 1715 2070 1796 promittant.
2120 1713 2167 1776 Et

159 1822 196 1866 se
215 1802 386 1865 confirmet
409 1802 443 1864 iu
466 1818 645 1882 posterum.
691 1800 747 1865 Sic
771 1802 860 1863 euim
891 1800 996 1863 solent
1025 1799 1138 1862 fideles
1188 1801 1286 1865 valde
1300 1799 1483 1882 emphatica
1500 1812 1550 1865 est
1566 1802 1762 1883 obiurgatio:
1780 1822 1857 1866 nam
1875 1800 1967 1883 impii
1986 1809 2166 1880 quantum·

160 1906 313 1951 muctare
343 1888 377 1949 in
406 1902 550 1949 mentem
578 1906 662 1967 quae
690 1885 731 1947 ad
758 1884 833 1949 fidei
855 1885 1138 1950 confirmationem
1162 1940 1166 1955 .
1189 1888 1241 1950 vis
1268 1906 1379 1950 crassa
1408 1886 1536 1950 malitia
1556 1886 1590 1950 in
1613 1907 1711 1950 omne
1732 1888 1839 1953 scelus
1860 1895 1971 1963 ruant,
1992 1904 2030 1947 se
2051 1894 2167 1948 tantan

159 1972 281 2035 valent.
312 1970 357 2035 Et
372 1970 469 2034 multi
485 1970 621 2054 posthac
642 1980 817 2036 occurrent
839 1970 965 2034 similes
986 1970 1058 2041 loci.
1081 1969 1138 2032 ubi
1189 1971 1359 2036 fallacibus
1389 1970 1558 2034 blanditiis
1586 1971 1747 2036 deludunt
1775 1993 1817 2036 ue
1850 1972 1926 2052 quis
1957 1989 2015 2034 eos
2047 1989 2167 2033 sensus

160 2057 269 2120 Darid
303 2076 368 2138 quo
400 2055 497 2120 tidem
527 2076 621 2121 suam
650 2058 754 2139 erigat
783 2070 897 2120 contra
930 2067 1072 2119 terrores
1104 2066 1139 2117 et
1189 2056 1347 2120 mordeat.
1392 2055 1568 2120 Exclamat
1600 2078 1677 2139 ergo
1711 2055 1830 2134 David,
1863 2056 2017 2137 quamvis
2049 2064 2167 2136 sponte

159 2142 314 2224 pericula,
334 2141 675 2223 rariasexperientias
692 2141 832 2224 colliget,
850 2139 968 2222 quibus
979 2139 1138 2203 didicerat
1161 2170 1165 2195 ι
1188 2142 1372 2205 caecutiant
1394 2154 1427 2203 et
1447 2142 1556 2205 fucato
1577 2141 1686 2205 colore
1707 2154 1827 2207 ornent
1848 2161 1941 2205 suam
1963 2139 2168 2203 iniustitiam

159 2247 290 2308 semper
312 2226 419 2290 Deum
442 2227 511 2290 suis
531 2226 656 2307 adesse,
678 2247 738 2289 nec
759 2245 873 2289 eorum
897 2241 972 2288 rota
993 2243 1137 2305 unquam
1161 2282 1166 2295 ,
1189 2226 1272 2290 nibil
1301 2245 1358 2289 eos
1387 2227 1552 2306 proficere.
1596 2228 1641 2290 Et
1668 2242 1756 2292 certe
1777 2228 1929 2309 quamvis
1950 2225 2016 2290 sibi
2037 2223 2166 2289 blandi·

161 2312 320 2376 frustrari.
376 2312 436 2375 Est
473 2328 582 2375 autent
616 2311 839 2392 metaphorica
871 2310 1033 2391 loquutic.
1072 2329 1138 2390 qua
1188 2322 1288 2374 antur
1316 2312 1418 2392 impii,
1445 2311 1501 2374 ubi
1531 2311 1572 2375 ad
1599 2313 1721 2376 serium
1747 2332 1887 2377 examen
1909 2310 2008 2374 tracti
2028 2310 2166 2384 fuerint,

160 2398 323 2479 signifieat
344 2394 407 2459 sibi
428 2395 574 2478 undique
595 2398 729 2461 obsesso
748 2411 780 2458 et
803 2396 915 2460 clauso
936 2394 1136 2475 patefactum
1162 2396 1166 2471 ξ
1189 2416 1319 2477 semper
1346 2396 1409 2459 hoc
1436 2398 1608 2476 constabit,
1636 2395 1709 2461 ideo
1735 2398 1824 2480 ipsos
1851 2395 2060 2470 hallucinari,
2091 2394 2170 2477 quia

159 2483 260 2546 fuisse
288 2481 425 2545 exitum.
475 2482 684 2564 depastione.
722 2481 763 2544 de
792 2500 858 2561 qua
888 2480 1039 2560 loquitur,
1071 2500 1136 2541 nou
1162 2526 1165 2565 ;
1189 2479 1231 2544 ab
1253 2482 1350 2543 initio
1372 2482 1574 2561 propositum
1596 2493 1647 2545 est
1668 2482 1828 2547 fallaciter
1846 2502 1954 2564 agere.
1988 2481 2168 2545 (laetarum

159 2567 271 2631 miuus
291 2568 332 2629 ad
355 2568 501 2630 animum
524 2586 622 2647 quam
643 2566 685 2629 ad
704 2586 772 2628 rem
791 2567 895 2645 ipsam
913 2578 993 2644 puto
1011 2562 1136 2637 referri,
1162 2608 1166 2619 ·
1188 2587 1232 2628 ex
1250 2567 1313 2629 boe
1331 2565 1401 2629 loeo
1419 2566 1513 2629 uobis
1531 2568 1712 2631 sumendus
1731 2580 1784 2632 eat
1799 2568 1943 2631 invictae
1959 2567 2168 2631 constantiae

159 2672 267 2735 neque
294 2654 382 2715 euim
413 2651 540 2714 ferreus
569 2651 632 2713 luit
657 2649 766 2715 David
795 2650 875 2729 quin
905 2668 958 2712 res
979 2647 1137 2711 adversae
1161 2704 1165 2731 ,
1189 2650 1340 2733 clypeus,
1380 2651 1510 2732 quoties
1542 2653 1717 2732 prudentia
1748 2665 1782 2716 et
1813 2664 1887 2716 astu
1919 2650 2074 2733 superari
2106 2670 2167 2714 nos

158 2758 234 2800 eum
257 2738 292 2798 in
315 2738 452 2799 miseras
473 2734 658 2798 anxietates
679 2735 889 2799 coniicerant.
1160 2738 1165 2807 i
1189 2734 1375 2800 videbimus
1393 2735 1435 2799 ab
1447 2736 1613 2817 improbis.
1635 2737 1721 2801 Nam
1732 2736 1981 2819 quibuscunque
2003 2734 2167 2800 machinis

1160 2820 1249 2895 !nos
1278 2821 1450 2902 impetant,
1475 2822 1504 2884 si
1533 2821 1628 2886 modo
1656 2823 1782 2886 erimus
1809 2821 1904 2885 nobis
1925 2822 2010 2885 bene
2030 2821 2165 2896 conscii,

246 2904 277 2967 3.
309 2901 392 2968 Filii
421 2904 496 2979 tiri,
526 2924 684 2984 tuqaeqtto
708 2903 813 2986 plotio
838 2924 908 2968 mea
935 2905 979 2969 od
1004 2906 1136 2986 ipttottti·
1161 2960 1164 2967 .
1189 2907 1288 2969 stabit
1319 2904 1413 2971 Deus
1443 2925 1464 2968 a
1496 2920 1589 2987 parte
1621 2918 1743 2981 nostra,
1774 2907 1933 2972 adversus
1964 2925 2065 2987 quam
2097 2924 2166 2969 non

161 2988 408 3071 ttiom.dilipttie
417 2988 595 3063 maduere,
614 2988 1006 3069 qawedsstettdccitutt?
1031 2989 1136 3054 Selolt.
1188 2990 1434 3072 praevalebunt.
1479 2991 1631 3056 Polleant
1651 2994 1782 3074 ingenio
1803 2992 1887 3069 licet,
1915 3001 2071 3073 suppetat
2099 2989 2166 3053 illis

161 3075 192 3138 l.
215 3074 260 3137 At
279 3074 385 3137 scitote
401 3072 484 3154 quoti
500 3073 608 3155 selepit
618 3072 733 3138 lebera
750 3073 916 3157 betiqttaat
931 3073 1004 3151 sibi,
1023 3074 1137 3140 lesem
1189 3074 1327 3139 facultas
1348 3097 1410 3139 uos
1431 3075 1593 3151 laedendi,
1622 3078 1656 3141 in
1683 3090 1839 3160 promptu
1867 3077 1936 3140 sint
1963 3076 2110 3140 rationes
2132 3088 2165 3139 et

160 3159 307 3224 arcodus
328 3158 405 3224 aaa
425 3157 600 3223 damet-ero
621 3159 666 3223 nd
685 3178 767 3223 eset
1160 3160 1342 3259 ,subsidia
1370 3173 1467 3226 acute
1496 3163 1606 3259 omnia
1635 3162 1807 3245 dispiciant
1815 3180 1831 3261 τι
1859 3160 2018 3244 quidquid
2050 3170 2164 3224 tamen

246 3327 277 3391 3.
299 3326 398 3411 (Filii
419 3326 507 3410 uiri.)
528 3326 630 3393 Hunc
651 3328 883 3393 suavissimum
907 3326 1028 3393 Davidi
1049 3332 1136 3395 fruc·
1159 3282 1165 3379 l
1187 3245 1943 3417 sxcuqeqtscgrjpdqaptdpugezryqpecgauffifio
1965 3340 2018 3397 est
2033 3330 2162 3413 superi·

160 3427 230 3476 tum
253 3413 389 3493 protulit
410 3430 472 3477 sua
493 3412 648 3491 precatio,
677 3411 763 3493 quod
793 3412 928 3476 eolleoto
948 3416 1058 3479 animo
1081 3436 1137 3497 po·
1159 3384 1164 3477 l
1185 3415 1252 3480 oris
1272 3415 1463 3493 sententiae,
1486 3416 1572 3481 banc
1593 3421 1681 3481 enim
1698 3418 1762 3481 sibi
1782 3417 1922 3482 fiducias
1937 3436 2073 3481 cansam
2089 3436 2164 3481 esse

160 3500 226 3561 tuit
255 3515 320 3559 uon
349 3493 447 3558 modo
472 3493 629 3577 repellere
659 3495 803 3558 bostium
825 3516 959 3560 suorum
981 3499 1135 3573 furorem,
1186 3500 1339 3575 ostendit,
1373 3501 1451 3582 quia
1480 3501 1552 3564 Deo
1589 3502 1685 3584 regui
1713 3503 1764 3565 sui
1792 3514 1909 3566 autore
1936 3503 2067 3565 nititur.
2117 3501 2165 3565 Et

160 3579 217 3645 sutl
238 3579 326 3643 ultro
347 3598 405 3643 eos
427 3578 594 3655 lacessere,
615 3600 654 3645 ac
675 3579 840 3661 intrepide
856 3578 1024 3662 despicere
1040 3584 1134 3665 quid·
1185 3598 1273 3648 certe
1295 3596 1374 3648 tune
1396 3585 1525 3648 demum
1550 3586 1658 3650 licebit
1679 3607 1794 3651 secure
1814 3598 1929 3652 centn
1951 3587 2064 3650 hostes
2084 3606 2163 3650 nos·

160 3664 238 3743 quid
250 3663 558 3729 mauebinabautur.
592 3663 705 3743 Quare
722 3676 760 3728 ut
776 3664 874 3728 firma
896 3666 989 3730 nobis
1009 3681 1137 3733 constet
1186 3682 1255 3733 tros
1276 3670 1422 3751 gloriari,
1444 3671 1472 3734 si
1495 3670 1589 3735 uobis
1605 3688 1696 3735 certa
1712 3673 1776 3735 erit
1793 3673 1857 3736 Dei
1874 3673 2013 3737 rooefio
2042 3671 2163 3753 Itaque

162 3749 287 3825 fiducia,
318 3749 449 3814 netunisi
479 3747 594 3814 iisdem
623 3749 724 3813 armis
745 3749 923 3815 instructos
943 3750 979 3814 in
1000 3771 1135 3817 arenam
1187 3752 1297 3816 David
1325 3753 1462 3817 minime
1490 3755 1545 3817 hic
1572 3775 1649 3820 suas
1677 3757 1767 3821 vires
1785 3757 1895 3831 iactat,
1917 3757 1970 3820 rel
1994 3775 2084 3839 opes,
2108 3757 2161 3821 vel

161 3833 357 3899 tloseeuderc
373 3832 536 3909 increuit,
559 3833 687 3916 quoties
703 3833 744 3897 ab
762 3833 920 3916 improbis
937 3835 1134 3917 impetimur.
1160 3908 1163 3919 Ι
1186 3838 1361 3913 exereitus,
1390 3835 1507 3919 quibus
1536 3841 1598 3903 sibi
1620 3860 1759 3923 regnum
1777 3842 1982 3924 acquisierit:
2005 3841 2065 3907 sed
2082 3842 2164 3924 quia

161 3918 421 3985 Struttnaautem
432 3932 491 3992 est,
513 3938 615 4000 quum
630 3917 1134 4000 lleussuopraesidiellaridem
1159 3954 1162 3989 :
1185 3920 1345 3987 divinitus
1365 3922 1489 3987 electus
1508 3938 1568 3993 est.
1589 3943 1646 3990 ecs
1666 3924 1738 3989 sine
1756 3927 1902 4007 proiectu
1923 3926 2028 3990 multa
2044 3927 2162 3992 conari

162 4004 246 4067 tueri
269 4002 357 4075 velit,
379 4004 502 4067 lrustru
524 4002 565 4067 ad
587 4022 663 4066 eum
681 4002 884 4086 perdendum
901 4004 983 4068 eniti
1001 4018 1135 4071 eunotos
1159 4062 1163 4079 ,
1186 4007 1358 4087 sigtuticat,
1386 4008 1463 4088 quia
1491 4010 1622 4072 sensuri
1650 4010 1717 4072 siut
1739 4009 1848 4075 Βειιιιι
1877 4013 1940 4077 sibi
1969 4011 2162 4088 adversum,

160 4087 325 4159 mortales.
354 4088 568 4169 qusutumris
587 4106 723 4170 tttaguas
745 4086 865 4169 alioqui
888 4087 929 4152 ad
951 4090 1134 4155 nocendum
1185 4092 1279 4156 euius
1315 4092 1480 4172 potentiae
1518 4094 1740 4159 succumbent.
1794 4098 1844 4160 Ac
1877 4098 1984 4180 primo
2024 4097 2162 4180 quidem

162 4172 250 4237 ritus
267 4172 414 4237 alienant.
442 4170 544 4237 lilios
565 4182 675 4236 autom
699 4190 765 4235 nou
784 4172 890 4237 Atiam
910 4174 962 4238 tel
982 4176 1135 4253 ltoutiuis,
1159 4212 1162 4259 ;
1186 4174 1262 4241 elicit
1294 4196 1330 4241 ee
1356 4195 1376 4237 a
1407 4176 1478 4239 lleo
1509 4176 1610 4241 fuisso
1640 4192 1862 4264 segregatum:
1895 4204 1960 4264 quo
1992 4183 2162 4265 siguificat

160 4256 217 4322 sed
240 4256 304 4323 ciri
326 4256 505 4339 appellens,
538 4256 645 4320 obitur
670 4274 784 4321 eorum
814 4261 1037 4340 arrogantiam
1060 4280 1134 4343 per·
1158 4314 1162 4333 ,
1186 4280 1252 4323 ιιιιιι
1281 4258 1450 4324 ltomiuuut
1486 4261 1632 4339 arbitrie,
1664 4264 1717 4327 rel
1749 4268 1881 4347 propria
1913 4266 2061 4348 libidine,
2101 4268 2162 4331 sed

159 4342 322 4425 stringere
340 4340 478 4405 ridetur.
515 4339 625 4421 Neque
647 4340 736 4403 euim
758 4338 950 4421 quibusdam
974 4344 1135 4410 Hebraeis
1158 4388 1162 4421 ,
1185 4345 1315 4409 eoelesti
1346 4343 1476 4409 decreto
1504 4366 1575 4411 ttsse
1603 4349 1769 4413 eximium.
1820 4350 1904 4414 Nam
1933 4372 2038 4433 quum
2067 4356 2163 4435 ,770

160 4427 331 4495 ementior,
361 4426 416 4507 qui
446 4444 597 4507 praetores
627 4425 733 4489 nutari
764 4436 892 4507 putant.
937 4428 1004 4493 Sed
1026 4430 1135 4511 potius
1157 4442 1162 4489 t
1187 4426 1345 4493 llebrttuis
1355 4428 1502 4495 dititletu
1511 4432 1682 4515 uguitieet.
1701 4433 1850 4499 hocloco
1866 4436 1908 4500 ad
1925 4437 2159 4503 excellentiam

159 4512 283 4577 ironica
309 4524 361 4575 est.
388 4508 562 4589 concessio,
591 4529 656 4591 qua
684 4528 793 4575 eonem
821 4511 1028 4577 ittsolentiutu
1058 4514 1133 4579 sub·
1158 4560 1162 4571 .
1186 4514 1342 4577 retitutur:
1362 4514 1439 4579 sesi
1452 4514 1589 4579 diceret:
1611 4537 1671 4582 ros
1692 4518 1820 4582 nullum
1842 4540 1953 4604 regern
1971 4520 2161 4599 admittitis.

159 4608 293 4663 manat:
316 4595 394 4678 quis
419 4592 542 4657 tutbiltu
564 4608 594 4657 et
614 4592 738 4657 ettrtluti
757 4592 819 4657 sibi
837 4616 908 4659 tuse
926 4596 1135 4667 ridebantur.
1157 4578 1162 4647 l
1186 4598 1248 4662 uisi
1279 4600 1397 4663 restris
1423 4600 1591 4683 stttll'agiis
1618 4602 1768 4671 electum.
1800 4605 1852 4667 rel
1881 4608 1938 4687 qni
1970 4605 2066 4673 robis
2099 4608 2160 4672 ad·

159 4702 261 4765 quum
290 4696 401 4746 tttutett
424 4696 518 4743 suites
541 4678 700 4741 tluttttttut
724 4699 780 4741 tau
803 4676 907 4742 utities
929 4680 969 4745 ttd
993 4684 1134 4747 ttulitrios
1157 4760 1161 4769 Ι
1186 4680 1338 4747 lttbuteit:
1360 4684 1450 4765 atqui
1474 4682 1534 4749 ltee
1555 4688 1723 4769 proprium
1736 4687 1800 4753 liei
1818 4711 1939 4755 munus
1958 4706 2020 4763 est.
2042 4713 2161 4774 quem·

158 4778 296 4831 conatus
332 4764 524 4848 impelleret.
584 4760 622 4826 lu
654 4780 731 4825 tuoe
765 4782 920 4843 itemtque
960 4766 1134 4832 tlutttuutttr
1157 4784 1161 4797 ·
1184 4786 1313 4848 etutqtte
1350 4765 1488 4831 toltterit
1526 4788 1701 4835 assumere.
1752 4772 1817 4837 Per
1853 4795 1974 4838 nttmeu
2004 4775 2160 4860 Bettiffiti.

159 4872 264 4935 prusa
284 4872 396 4915 eoruut
419 4848 604 4913 obst-iustis.
639 4846 810 4945 Sipttitiettt
830 4850 917 4911 ettittt
939 4850 1045 4915 llatitl
1067 4873 1132 4916 ttott
1186 4870 1251 4913 neu
1286 4850 1399 4915 dubito
1430 4852 1511 4933 quin
1546 4856 1597 4918 ius
1624 4858 1750 4939 utpium
1779 4859 1843 4921 sibi
1871 4880 1912 4922 ex
1941 4880 1978 4923 re
2006 4862 2081 4942 ipsa
2104 4864 2160 4928 rel

158 4934 268 5001 subito
288 4948 417 5000 taut-um
440 4932 548 5083 alipio
571 4944 660 4996 utotu
683 4934 975 4997 retinebuntur:
998 4936 1053 4999 sed
1078 4956 1132 5017 pte»-
1157 4958 1160 4963 ·
1184 4936 1302 4999 tttitetu
1314 4951 1451 5015 usutrst,
1462 4956 1498 5001 se
1512 4940 1540 5002 si
1554 4954 1663 5005 uotam
1676 4942 1727 5006 rel
1740 4944 1870 5025 insigne
1880 4965 1961 5008 suae
1971 4948 2161 5013 vocationis

159 5023 249 5086 uitus
270 5040 383 5083 stertuit
406 5016 495 5083 conii
520 5038 558 5082 ιιι
581 5016 721 5080 ἰιιιίιιιιιι
746 5014 845 5079 titisse
867 5033 1040 5083 eotttuuutt
1074 5040 1131 5083 uu·
1156 5024 1162 5149 ἰ
1185 5020 1353 5167 pasturae.
1387 5019 1473 5085 l'eue
1494 5024 1581 5087 uultu
1602 5024 1724 5090 dietum
1744 5028 1804 5091 luit
1827 5046 1940 5093 uetere
1963 5032 2159 5113 proverbio:

157 5104 254 5173 cendi
276 5106 440 5169 studium:
470 5102 531 5167 ttisi
554 5102 642 5165 ttttitu
665 5120 721 5163 tuta
744 5114 830 5163 usto
852 5122 949 5167 sotttu
972 5106 1133 5187 pritusset.
1214 5104 1355 5185 ntprituu
1389 5103 1499 5172 tlutetu
1621 5130 1654 5174 ιιι
1683 5132 1755 5177 tatae
1787 5114 2005 5181 elementiam.
2062 5118 2160 5184 Dens

158 5212 220 5257 sua
242 5189 378 5265 mulitia,
406 5188 518 5253 utultis
544 5182 788 5271 etpurittteutis.
818 5206 903 5266 quun
930 5206 986 5251 uu
1015 5188 1056 5253 ab
1085 5190 1132 5253 iu·
1155 5176 1160 5227 l
1182 5202 1290 5253 tttttetu
1313 5208 1394 5271 qtuu
1418 5189 1539 5255 liuttere
1559 5193 1723 5279 eliquatur.
1751 5218 1793 5261 ue
1814 5199 1881 5263 sint
1903 5218 2034 5267 mortua
2054 5204 2157 5281 idola,
