4658 5856
163 334 226 403 549
369 422 372 427 ,
989 334 1205 404 remmus
1231 337 1321 403 urr.
2085 342 2150 409 seo

162 537 251 592 oerto
273 546 447 608 persuasus
469 526 520 603 sit,
544 546 615 592 esse
637 545 783 592 roronem
807 526 840 590 in
860 526 930 591 suis
951 523 1128 608 promissis.
1180 524 1215 589 in
1237 524 1289 589 iro
1304 525 1439 608 populos
1460 525 1586 591 deimiee
1607 524 1706 592 Deua.
1738 526 1767 591 9.
1795 525 1919 611 Fuqum
1940 547 2039 594 meam
2060 534 2094 595 to
2115 531 2149 596 io

161 613 237 678 Non
257 611 404 677 desinam
422 610 553 696 (inquit)
576 610 710 694 gloriari
726 612 761 676 in
779 612 869 677 Deo:
892 611 967 694 quia
984 610 1129 693 aequies-
1179 615 1339 675 ammoto
1361 609 1470 677 bobo:
1490 631 1568 693 poue
1589 609 1745 695 toorym
1766 632 1852 679 meos
1868 615 1902 679 iu
1918 619 1988 680 atre
2003 620 2071 680 too:
2092 636 2148 682 on-

161 718 234 765 nam
256 699 291 762 in
313 697 412 762 rerbo
435 697 514 777 eius,
543 706 641 781 atque
663 706 701 761 ut
721 697 829 781 palam
852 717 917 762 nou
940 699 1040 775 iuret,
1065 695 1130 760 imo
1182 715 1241 760 non
1262 696 1299 761 io
1319 696 1536 762 commentario
1557 697 1635 763 too?

161 783 331 850 subtrahat
358 803 491 847 manum
521 803 613 848 suam
641 781 682 847 ab
702 802 763 867 ope
785 781 926 861 terenda,
956 788 1129 848 eontentus

162 861 271 934 tamen
299 889 354 933 ero
383 868 479 932 unioo
507 868 578 932 eius
607 867 715 933 rerbo.
759 868 851 934 Haeo
879 868 1042 933 sententio
1061 886 1129 931 me·
1267 868 1297 932 6.
1330 865 1513 952 (Quotidie.)
1568 866 1714 933 Priorem
1752 879 1877 951 partem
1914 890 2027 937 rersus
2061 873 2148 937 raris

162 953 329 1020 morabilis
351 962 409 1018 est.
432 952 604 1018 Videmus
625 953 736 1036 quales
757 954 824 1018 sint
845 964 975 1019 nostrae
997 951 1130 1018 delioiae
1182 949 1371 1018 distrahunt
1392 954 1597 1036 interpretes.
1642 953 1784 1034 Quidam
1813 955 1906 1020 verbo
1926 975 1994 1021 meo
2015 956 2051 1020 in
2072 978 2149 1023 oasu

162 1051 196 1106 et
224 1039 403 1115 morositas,
434 1038 488 1103 ubi
511 1038 602 1104 Deus
630 1059 707 1104 mox
736 1040 823 1104 rotis
844 1039 967 1105 nostris
990 1057 1055 1103 non
1080 1059 1130 1102 re·
1182 1037 1373 1104 nominandi
1402 1036 1525 1122 legunt,
1555 1049 1587 1103 ot
1616 1047 1704 1105 rente
1733 1060 1805 1104 meo
1830 1039 1961 1107 iudioio.
2005 1041 2071 1107 Alii
2100 1063 2149 1108 re·
2189 1091 2191 1094 ψ

162 1126 309 1211 spondet.
345 1125 432 1190 Nam
454 1125 515 1190 etsi
538 1123 724 1208 obstrepere
746 1144 811 1189 non
833 1123 999 1203 audemus,
1022 1123 1132 1188 fremit
1182 1124 1293 1188 terunt
1309 1123 1370 1188 hoo
1387 1123 1427 1188 ad
1444 1124 1555 1190 hostes
1569 1124 1717 1202 Doridis,
1740 1146 1777 1191 oo
1791 1126 1839 1190 ita
1855 1137 1999 1192 vertunt:
2019 1125 2148 1194 Oslunr-

163 1222 271 1277 tamen
299 1210 389 1275 intus
409 1231 495 1292 earo,
524 1210 602 1292 quia
622 1220 752 1294 praeter
773 1211 879 1276 nudas
901 1210 1131 1293 promissiones
1182 1211 1316 1275 niantor
1345 1229 1512 1276 sermones
1540 1230 1648 1276 meos:
1678 1210 1740 1290 rel,
1770 1210 1902 1277 tristitia
1928 1233 1980 1277 me
2002 1213 2150 1279 effitiunt

162 1297 246 1362 nihil
283 1309 446 1380 appareat.
502 1295 646 1362 Multum
679 1316 757 1379 ergo
789 1296 926 1378 profeoit
958 1296 1013 1379 qui
1046 1296 1131 1359 inter
1183 1303 1316 1380 propter
1344 1314 1509 1361 sermones
1536 1315 1635 1361 meos.
1680 1294 1767 1363 Sunt
1795 1297 1852 1380 qui
1881 1296 2017 1363 verbum
2040 1311 2107 1382 m

163 1383 360 1448 tentationes
389 1382 485 1446 unieo
509 1379 572 1446 Dei
599 1381 699 1448 verbo
731 1381 835 1446 fretus
864 1381 1004 1446 viriliter
1025 1380 1132 1463 pergit
1183 1380 1378 1445 neutraliter
1393 1381 1562 1463 aooipiont,
1580 1401 1618 1446 oo
1633 1390 1777 1448 vertant:
1800 1381 1938 1448 Molesta
1956 1393 2034 1449 suut
2050 1405 2109 1450 rer

162 1470 198 1534 in
220 1469 291 1533 eius
310 1466 416 1533 laude.
451 1466 546 1547 Quod
568 1475 681 1549 posteo
702 1467 858 1550 sequitur,
881 1468 986 1549 primo
1009 1466 1131 1530 intuitu
1183 1487 1265 1532 mea.
1299 1464 1365 1533 Sed
1389 1486 1489 1550 quum
1511 1481 1593 1564 2337
1615 1476 1652 1532 ut
1675 1468 1853 1551 plurimum
1871 1468 2030 1535 Hebraeis
2052 1472 2151 1554 signi·

163 1554 292 1619 ridetur
320 1574 388 1618 non
411 1553 523 1636 magni
544 1573 615 1618 esse
638 1553 803 1617 momenti.
847 1551 931 1632 Quis
953 1551 1040 1617 enim
1062 1558 1131 1615 tam
1182 1554 1259 1619 fioet
1283 1551 1417 1618 tristitia
1444 1553 1579 1632 attinere,
1608 1572 1647 1618 ao
1674 1574 1802 1638 semper
1827 1553 1863 1618 iu
1885 1553 1957 1620 Piel
1980 1557 2150 1622 transitive

162 1660 285 1718 amens,
308 1647 345 1703 ut
364 1637 534 1703 homiuum
552 1639 623 1703 rire
643 1637 763 1720 spluris
779 1637 820 1703 ad
838 1637 1019 1703 uouendum
1036 1636 1132 1702 aesti-
1184 1648 1347 1704 sumatur:
1375 1637 1459 1702 nibil
1487 1658 1567 1722 opus
1596 1648 1647 1705 est
1674 1660 1693 1703 a
1722 1639 1852 1724 linguae
1873 1640 2073 1739 proprietate
2094 1642 2150 1708 de·

162 1736 239 1804 met,
262 1745 359 1810 quam
377 1726 570 1789 immensam
589 1724 651 1788 Dei
669 1723 850 1807 potentiam
868 1722 909 1787 ad
927 1720 1130 1789 iurandum?
1183 1724 1321 1789 flootere.
1354 1722 1473 1789 Melius
1495 1725 1593 1789 oham
1610 1723 1687 1789 fluit
1702 1724 1850 1808 loquutio
1871 1724 1937 1804 rlla,
1949 1724 2060 1791 Verbo
2077 1747 2150 1793 mea

164 1810 229 1879 Sed
252 1830 373 1893 prorae
395 1809 492 1875 huius
514 1819 547 1873 et
568 1809 732 1892 malignae
754 1807 964 1887 diffidentiae,
986 1829 1050 1891 quo
1067 1807 1132 1872 Dei
1184 1830 1236 1874 me
1257 1809 1405 1873 otfioiunt
1426 1828 1588 1875 moerore:
1620 1829 1719 1892 quam
1741 1811 1768 1875 si
1792 1809 1832 1876 ad
1855 1809 1966 1877 hostes
1989 1812 2147 1879 trahatur.

162 1897 342 1981 potentiam
363 1893 426 1962 sub
447 1894 604 1961 oreaturis
626 1893 804 1970 deiioimns,
826 1895 961 1976 quisque
984 1903 1130 1959 nostrum
1184 1894 1316 1978 Duplex
1338 1894 1441 1978 igitur
1462 1895 1664 1976 querimonia
1687 1905 1746 1974 est,
1774 1894 1860 1979 quod
1882 1895 1993 1961 David
2021 1896 2061 1962 ab
2084 1918 2150 1964 una

164 1983 227 2049 sibi
249 1982 348 2046 nimis
370 1979 507 2047 idoneus
528 1987 578 2045 est
599 1980 700 2046 testis.
734 1980 848 2063 Itaque
871 2000 938 2045 non
961 1979 1130 2063 vulgarem
1184 1989 1278 2065 parto
1299 1979 1381 2044 nihil
1405 1981 1547 2062 reperiat
1568 1980 1687 2061 solatii,
1715 1981 1888 2047 intelioiter
1914 1983 2011 2047 otiam
2040 1984 2151 2049 omnia

161 2067 238 2134 fidei
259 2067 442 2151 protentum
466 2066 518 2130 hie
540 2066 700 2149 expressit
717 2064 836 2143 David,
858 2086 893 2130 se
916 2063 956 2130 ad
974 2084 1131 2148 spernen·
1185 2066 1247 2133 sibi
1276 2064 1391 2133 eadere
1413 2063 1531 2144 rideat,
1561 2067 1710 2149 tristique
1738 2068 1828 2131 exitu
1858 2067 1961 2133 orerti
1986 2089 2046 2133 sua
2073 2089 2149 2134 oon·

162 2155 220 2220 das
253 2152 398 2218 hostium
427 2152 534 2218 minas
562 2151 752 2216 tortitudine
780 2153 976 2216 instruetum
1010 2149 1131 2215 diosus.
1184 2152 1273 2218 silio:
1303 2173 1346 2217 ex
1367 2152 1513 2234 opposito
1535 2162 1644 2217 autem
1666 2153 1855 2235 oonspirent
1879 2152 1989 2218 hostes
2012 2154 2052 2217 ad
2075 2175 2150 2219 eum

162 2244 272 2323 Atque
294 2238 357 2303 hoo
377 2237 566 2317 certaminis
588 2256 707 2319 genere
729 2237 900 2320 praeeipue
922 2258 957 2302 se
980 2254 1131 2301 exeruere
1183 2237 1395 2322 perdendum,
1410 2237 1581 2320 variosque
1595 2236 1731 2304 insidias
1744 2237 1984 2304 machinentur.
2009 2237 2149 2305 Videtur

163 2324 281 2390 debent
308 2324 352 2406 pii
380 2342 502 2398 omnes,
532 2333 569 2387 ut
591 2321 655 2388 Dei
684 2320 843 2386 auxilium
866 2322 962 2388 noxis
983 2320 1132 2386 omnibus
1183 2322 1315 2406 quidem
1336 2321 1408 2401 hoo,
1439 2322 1544 2405 primo
1565 2322 1697 2400 intuitu,
1726 2323 1861 2388 minime
1883 2333 2148 2404 eonsentaneum,

162 2409 383 2494 praeterendo,
402 2407 556 2492 quidquid
574 2408 709 2473 terroris
727 2418 776 2473 est
791 2406 982 2493 despiciant.
1009 2405 1132 2473 Simul·
1184 2408 1270 2492 quod
1293 2427 1397 2491 nuper
1414 2428 1449 2473 se
1466 2427 1485 2470 a
1503 2416 1593 2473 metu
1614 2407 1753 2472 liberum
1776 2415 1809 2472 ot
1826 2407 1969 2473 solut-um
1993 2411 2060 2476 lore
2078 2431 2149 2493 pro-

162 2508 259 2579 atque
280 2496 316 2559 in
339 2515 398 2560 nos
421 2493 572 2559 insiliunt
593 2493 712 2573 hostes,
735 2493 845 2558 reniat
866 2491 958 2559 nobis
984 2493 1018 2556 in
1040 2513 1131 2558 meu·
1183 2495 1289 2560 fossus
1321 2514 1409 2560 nune
1436 2513 1471 2557 se
1493 2493 1601 2576 ipsum
1626 2493 1779 2559 tristitiae
1808 2493 1870 2559 sibi
1899 2503 2045 2560 autorem
2077 2516 2147 2562 esse

163 2596 240 2655 tem,
268 2601 381 2646 eorum
411 2580 554 2666 impetus
581 2592 695 2645 eontra
723 2579 833 2644 Deum
862 2579 969 2661 ipsum
997 2577 1131 2656 irruere,
1165 2579 1281 2657 dieat.
1321 2577 1387 2645 Sed
1411 2579 1476 2643 iam
1498 2577 1661 2657 admonui,
1691 2581 1840 2661 quamvis
1862 2579 1973 2645 hostes
1994 2600 2072 2647 suos
2093 2580 2148 2647 de·

163 2690 201 2733 ao
231 2667 259 2731 si
288 2687 326 2731 eo
355 2667 538 2748 superiores
565 2663 909 2730 esse-oontenderent.
954 2663 1026 2728 Iom
1054 2663 1132 2747 quid
1184 2667 1323 2749 spioeret
1344 2685 1385 2730 ex
1405 2662 1481 2729 fidei
1503 2664 1644 2746 speeula,
1666 2685 1732 2729 non
1754 2674 1864 2730 tamen
1887 2675 1980 2731 extra
2002 2667 2147 2733 anxieta-

163 2751 268 2836 magis
290 2751 471 2836 indignum,
495 2771 593 2833 quam
616 2751 651 2813 iu
669 2749 867 2832 aequilibrio,
889 2757 927 2814 ut
944 2749 1132 2832 loquuntur,
1183 2761 1250 2816 tem
1273 2750 1374 2815 fuisse
1396 2760 1428 2814 et
1449 2760 1582 2814 metum.
1626 2750 1690 2816 Hie
1713 2759 1823 2816 autem
1850 2749 1890 2816 de
1913 2752 2147 2819 tentationibus

163 2840 303 2904 furiosos
329 2838 409 2903 istos
437 2845 575 2904 oonatus
603 2856 677 2901 oum
705 2836 829 2901 inriota
849 2835 914 2901 Dei
938 2835 1061 2900 virtute
1082 2855 1132 2900 re-
1183 2837 1252 2902 euis
1280 2836 1434 2919 loquitur,
1464 2854 1544 2918 quas
1572 2835 1648 2901 fidei
1674 2837 1858 2902 oonstontia
1886 2835 2051 2915 riuoebat,
2081 2859 2147 2904 non

163 2924 335 3007 linquere?
378 2920 474 2988 Siout
502 2921 589 2987 enim
611 2919 709 2987 tidem
729 2931 876 2987 nostram
897 2919 1132 3004 labeiaotando,
1184 2922 1327 2988 tollebat.
1372 2920 1462 2987 Dioit
1484 2941 1561 3006 ergo
1582 2941 1617 2986 se
1639 2922 1765 2986 ratione
1785 2931 1819 2987 et
1840 2920 1974 2987 oonsilio
2004 2921 2146 3001 destitui,

164 3013 302 3074 verbum
333 3008 396 3073 Dei
425 3019 457 3072 et
484 3006 642 3072 auxilium
673 3006 758 3090 quod
787 3006 953 3089 promisit,
985 3016 1131 3072 evertere
1183 3008 1260 3091 quia
1281 3005 1483 3072 inoommode
1503 3005 1590 3073 aedit
1612 3004 1767 3090 quidquid
1790 3007 1931 3088 coneipit
1952 3008 2003 3071 rel
2026 3007 2146 3074 delibe-

164 3104 310 3161 tentaut:
339 3094 387 3158 ita
415 3094 477 3158 nisi
507 3093 683 3158 statuimus
714 3093 822 3156 Deum
852 3112 872 3156 a
901 3099 993 3174 parte
1022 3101 1133 3156 nostra
1183 3103 1244 3159 rat.
1281 3092 1363 3157 Moli
1384 3091 1482 3156 huius
1503 3091 1699 3175 gravitatem
1718 3101 1825 3175 auget,
1847 3091 1933 3174 quod
1951 3092 2061 3158 hostes
2077 3115 2145 3158 non

163 3179 481 3257 stantem,‘minimo
512 3178 614 3261 digito
642 3176 694 3241 rel
723 3177 792 3242 solo
816 3178 896 3242 flatu
919 3179 999 3242 sutis
1021 3175 1132 3241 valere
1182 3188 1311 3244 oessont
1329 3177 1435 3259 nepita
1456 3177 1543 3242 inter
1563 3198 1599 3242 se
1620 3176 1774 3253 eonferre,
1801 3187 1836 3242 et
1856 3177 2015 3244 exoudere
2036 3180 2146 3246 varios

165 3265 205 3332 od
223 3264 423 3349 frangendos
440 3284 553 3328 eorum
571 3274 719 3341 oonatus,
741 3273 775 3327 et
791 3264 900 3345 oopias
919 3261 1131 3344 dissipandas,
1184 3276 1271 3330 artes
1302 3265 1336 3326 in
1369 3263 1441 3329 eius
1474 3262 1660 3346 pernitiem.
1713 3262 1787 3328 Ηοο
1820 3261 1906 3328 idem
1939 3264 2147 3348 prosequitur

164 3352 293 3434 oblique
314 3351 384 3416 eins
406 3349 584 3432 potentiam
603 3360 832 3413 extenuamus:
854 3349 920 3412 imo
938 3347 1040 3412 nihilo
1058 3348 1132 3431 plus
1183 3370 1284 3433 quum
1314 3347 1392 3413 dioit
1424 3349 1620 3433 witereqori,
1654 3369 1730 3413 nour
1760 3369 1836 3414 oum
1864 3369 1930 3412 uno
1961 3358 2017 3415 aut
2045 3349 2147 3417 altero

165 3441 193 3503 ei
217 3436 403 3511 deferimus,
425 3456 522 3517 quam
546 3433 669 3499 homini
692 3433 829 3512 mortali,
852 3433 907 3514 qui
929 3442 1057 3499 tantum
1077 3435 1132 3498 uni
1183 3434 1304 3501 babere
1331 3435 1507 3518 negotium,
1538 3433 1704 3499 tolerabile
1726 3446 1891 3517 uteunque
1913 3447 2014 3501 esset:
2044 3456 2145 3521 oppu-

163 3544 232 3607 par‚
262 3544 282 3587 a
313 3521 437 3586 duobus
465 3520 616 3585 rinoitur.
662 3518 726 3584 Sed
757 3520 925 3600 quaeritur
951 3539 1015 3601 quo
1038 3519 1132 3584 modo
1184 3520 1278 3605 gnari
1308 3539 1519 3586 verounum
1551 3519 1719 3585 hominem
1750 3540 1770 3585 a
1802 3521 1899 3585 turba
1927 3529 1960 3585 et
1991 3521 2145 3597 exereitu,

162 3628 294 3675 omnem
323 3607 549 3671 infirmitatem
571 3605 618 3671 sio
640 3613 775 3687 repente
796 3604 927 3669 exuerit
948 3603 1067 3685 David,
1095 3617 1133 3670 ut
1184 3607 1281 3672 nimis
1303 3605 1431 3671 durum.
1472 3604 1653 3672 Ootttttottdi
1673 3605 1771 3672 verbo
1815 3606 1984 3689 eretringit
2000 3607 2146 3684 astutias,

162 3696 218 3778 qui
241 3713 348 3775 nuper
365 3706 502 3758 mortam
522 3689 683 3766 horrebat,
706 3710 795 3754 nune
810 3689 970 3772 intrepido
985 3688 1133 3756 hostibus
1184 3693 1237 3758 rel
1256 3690 1470 3758 olaneularias
1491 3699 1579 3756 artes
1596 3689 1711 3773 quibus
1733 3626 1907 3756 studebant
1923 3712 1966 3756 ex
1983 3692 2147 3774 inopinato

163 3780 232 3844 suis
262 3779 409 3843 insultet.
454 3774 658 3860 Respondeo,
689 3775 751 3841 hae
779 3774 901 3839 fidutia
930 3794 995 3840 non
1025 3776 1133 3842 notari
1184 3779 1352 3844 inooutum
1375 3777 1566 3859 opprimere,
1589 3796 1665 3842 uam
1683 3776 1819 3841 verbum
1839 3789 1948 3859 ΜΨ
1970 3777 2146 3844 seeundum

165 3866 362 3930 vacuitatem
396 3861 539 3940 timoris,
576 3882 615 3929 ao
647 3861 675 3926 si
708 3868 803 3926 extra
836 3861 977 3925 telorum
1009 3861 1131 3927 iaetum
1185 3864 1344 3928 rationem
1374 3861 1605 3945 grammaticae
1634 3860 1771 3926 debebat
1797 3862 1832 3926 in
1858 3863 1965 3927 medio
1992 3861 2146 3944 haberet

163 3952 289 4035 positus
311 3949 458 4014 suaviter
479 3948 600 4013 rideret
621 3947 731 4011 omnia
753 3945 957 4012 diserimina:
982 3945 1038 4010 sed
1056 3947 1133 4029 quia
1185 3948 1330 4013 literam:
1353 3968 1431 4031 ergo
1453 3959 1465 4004 t
1488 3956 1604 4030 putant
1624 3967 1695 4012 esse
1716 3948 1807 4029 quasi
1830 3957 1942 4012 notam
1964 3946 2090 4031 Hiphil,
2112 3961 2148 4014 ut

164 4035 244 4102 adeo
274 4036 384 4100 timori
410 4053 477 4098 nou
504 4033 646 4109 sedebat,
676 4041 716 4097 ut
743 4033 847 4098 riotor
876 4041 1066 4114 emergeret,
1096 4054 1133 4098 ao
1185 4034 1358 4117 exprimat,
1388 4031 1529 4098 latebras
1557 4033 1593 4097 in
1619 4031 1688 4097 suis
1714 4031 1851 4098 fallatiis
1879 4045 2010 4117 naptare
2039 4033 2147 4101 hostes

162 4123 311 4206 opposito
342 4121 412 4204 spei
441 4118 555 4203 alypon
583 4126 689 4184 metus
718 4136 833 4183 omnes
866 4115 1027 4199 repellens
1061 4139 1131 4182 mu·
1184 4118 1338 4195 Doridis,
1380 4127 1418 4182 ut
1450 4137 1526 4183 eum
1558 4118 1683 4185 oeoulte
1715 4118 1981 4184 oiroumreniant.
2035 4120 2148 4200 Addit,

164 4209 255 4273 nitus
287 4218 373 4272 esset
405 4215 494 4270 oerta
526 4205 644 4285 salute,
686 4204 801 4268 merito
833 4212 946 4268 saneta
978 4203 1133 4270 iaetantia
1184 4223 1375 4287 quoeunque
1396 4224 1431 4269 se
1451 4212 1570 4281 vertat,
1598 4203 1814 4270 lineariter
1842 4203 1976 4282 instare,
2006 4215 2039 4271 et
2066 4224 2148 4288 quo-

163 4294 293 4372 efferri,
327 4293 363 4357 in
392 4290 461 4357 Deo
492 4308 626 4372 ομνοοε
657 4308 717 4354 nou
746 4288 863 4355 timebo.
912 4287 1132 4372 Contemptim
1185 4287 1358 4354 dammodo
1390 4288 1474 4354 telos
1507 4309 1671 4371 premere,
1712 4300 1749 4353 ut
1782 4289 1872 4353 nulla
1905 4289 1948 4355 sit
1981 4291 2146 4356 relaxatio.

166 4399 245 4444 raro
277 4376 427 4443 homines
459 4375 600 4441 Oornem
631 4373 789 4456 appellat,
824 4383 862 4438 ut
894 4394 928 4438 se
961 4372 1002 4439 de
1032 4373 1133 4440 stulta
1185 4375 1328 4440 Causam
1350 4394 1421 4440 esse
1443 4374 1521 4440 dioit
1543 4374 1746 4457 implorabile
1767 4375 1894 4441 odium:
1927 4377 2001 4459 quia
2034 4377 2149 4442 satiari

166 4485 279 4530 eorum
310 4461 446 4528 audaeia
473 4460 747 4537 commonetooiat,
776 4458 852 4524 dum
880 4459 931 4524 sui
952 4460 1044 4525 obliti
1066 4473 1131 4525 tam
1184 4460 1279 4525 aliter
1300 4478 1397 4542 quom
1419 4461 1489 4525 eius
1507 4470 1612 4525 morte
1633 4470 1804 4544 nequeant.

164 4550 269 4615 multa
291 4548 398 4613 moliri
420 4566 486 4612 nou
509 4544 668 4611 dubitant.
1047 4608 1049 4613 ,
1269 4545 1300 4611 8.
1329 4544 1447 4631 (Super
1469 4545 1657 4631 inieritote.)
1700 4544 1844 4626 Quidam
1873 4546 2002 4612 initium
2032 4568 2148 4614 versus

1184 4631 1420 4714 interrogative
1448 4630 1574 4714 legunt,
1602 4631 1657 4696 An
1680 4632 1742 4696 erit
1766 4631 1831 4697 illis
1853 4633 1961 4697 evasio
1983 4633 2015 4696 in
2039 4633 2147 4715 preri-

191 4760 194 4764 -
251 4722 280 4787 6.
308 4719 449 4801 Quotidie
468 4717 562 4782 vebo
583 4737 651 4783 meo
673 4715 855 4783 conturbarat
875 4734 939 4780 me:
965 4736 1065 4797 supro
1086 4736 1134 4781 ate
1185 4715 1274 4782 tote?
1301 4714 1367 4782 Sed
1389 4717 1466 4799 quia
1487 4716 1578 4781 nullo
1600 4718 1773 4783 nenessitas
1795 4717 1882 4800 ungit
1903 4737 2035 4783 sensum
2054 4717 2148 4784 illum

163 4826 269 4872 moues
287 4805 482 4890 sopitotioues
498 4823 605 4868 eoram
621 4803 665 4867 od
680 4801 808 4866 motum.
843 4800 872 4864 'l.
892 4799 1132 4886 Oooqreqootar,
1184 4811 1345 4867 remotum
1359 4821 1532 4878 aooersere,
1551 4814 1697 4886 praestat
1711 4822 1837 4868 sumere
1852 4802 1951 4869 rerba
1966 4814 2003 4868 ut
2017 4814 2147 4868 sonant:

164 4892 315 4958 ooouttoet
343 4911 390 4972 ss,
418 4889 562 4956 adtonso
589 4908 658 4954 meo
684 4887 858 4964 osmunt,
888 4888 963 4969 quio
989 4892 1134 4969 ‚rapam
1184 4886 1346 4969 Quamvis
1373 4887 1437 4952 illie
1467 4888 1578 4952 orosio
1607 4889 1649 4953 sit
1679 4889 1713 4952 in
1743 4888 1917 4970 pravitate,
1947 4897 1985 4953 tu
2013 4890 2148 4973 populos

163 4978 306 5043 animam
333 4975 483 5061 meumst)
534 4976 564 5042 8.
588 4973 691 5057 Super
710 4971 876 5054 iniquitate
902 4973 1007 5039 evasio
1035 4973 1134 5054 ipsis.-
1185 4982 1296 5038 tomen
1319 4972 1458 5051 deiioies,
1481 4971 1616 5038 oDeus.
1649 4972 1721 5039 Ηοο
1744 4982 1852 5038 autem
1875 4971 1948 5038 ideo
1967 4973 2053 5055 dioit,
2072 4976 2149 5058 quia

339 5116 368 5122 -
1185 5057 1241 5123 ubi
1269 5058 1464 5140 impotenter
1492 5067 1526 5123 ot
1551 5058 1623 5124 siue
1650 5058 1815 5124 obstuoulo
1843 5061 1982 5142 grassati
2011 5071 2087 5127 sunt
2114 5061 2149 5127 in

253 5180 282 5248 s)
304 5180 336 5234 fl,
354 5180 476 5234 desirent
497 5196 560 5235 mo„
583 5195 658 5240 m„
681 5191 716 5231 m
736 5189 844 5245 m„
865 5192 900 5229 on
918 5193 951 5231 Μ
970 5177 1133 5232 denudent
1185 5144 1252 5209 suis
1272 5143 1439 5209 maleficiis
1460 5143 1568 5226 impii,
1598 5144 1691 5226 quasi
1712 5143 1880 5209 lioentiam
1906 5145 1993 5211 naeti
2019 5145 2148 5214 laseivi-

167 5248 230 5319 qn’t
250 5248 358 5303 m’oster
375 5249 402 5302 la
419 5249 470 5302 vie.
1186 5237 1259 5295 unt:
1290 5227 1385 5295 siouti
1410 5227 1560 5294 ridemus
1590 5227 1686 5294 hodie
1714 5228 1882 5313 oyelopioa
1911 5229 2045 5299 audaoia
2072 5252 2147 5316 pro·

1893 5330 1943 5386 350
