4658 5856
106 329 172 395 305
938 328 1154 397 PSALMUS
1177 329 1309 397 XXXI.
2030 333 2094 400 306

193 518 222 582 t.
245 514 454 602 (Exercitatio.)
498 517 562 584 Hic
591 518 745 583 inseritur
768 519 946 601 gratiarum
970 517 1069 584 aetio:
1125 528 1293 601 expertem
1326 519 1435 601 fuisse,
1469 520 1548 601 quin
1581 532 1808 603 prorumperet
1840 520 1910 585 eius
1938 518 2030 584 dolor
2052 518 2091 582 ad

106 622 294 687 quanquam
316 601 411 666 multi
433 623 624 686 suspensam
646 604 824 668 orationem
848 623 917 668 esse
935 603 1070 681 malunt,
1125 605 1258 668 nimiam
1277 603 1517 670 vehementiam
1537 615 1571 672 et
1589 605 1747 672 ardorem.
1787 605 1883 672 Unde
1901 603 2093 687 colligimus,

106 710 145 755 ao
167 686 329 753 Davidem
358 703 469 752 votum
498 689 675 771 consipere,
705 689 733 753 si
756 689 852 753 fuerit
875 690 1073 770 epraesenti
1125 690 1246 754 sanetis
1275 690 1395 754 durum
1425 710 1530 773 saepe,
1560 699 1593 756 et
1622 691 1760 756 arduum
1791 692 1890 755 fuisse
1919 711 1991 754 cum
2024 690 2093 754 suis

107 773 297 839 discrimine
314 771 481 838 liberatus.
525 773 592 838 Sed
614 776 689 856 qaia
707 773 800 839 nulla
816 773 958 840 conditio
976 793 1074 857 appo·
1126 775 1330 857 passionibus
1351 789 1533 841 certamen:
1563 798 1623 842 nec
1646 798 1757 842 eornm
1782 777 1971 859 patientiam
1995 775 2094 840 fnisse

108 861 208 935 nitur,
250 860 353 942 magis
392 861 426 922 in
468 859 557 923 illam
597 859 793 924 sententiam
830 860 962 939 inclino,
1001 881 1074 924 enm
1126 862 1303 926 immunem
1328 882 1347 924 a
1369 861 1514 941 tristitia,
1547 862 1603 926 sed
1627 862 1724 927 anxie
1747 861 1899 927 luctando
1929 860 1989 925 h'oo
2022 868 2093 924 tan·

108 946 247 1027 abrupto
270 942 423 1027 precandi
451 954 606 1010 contextu
636 945 697 1009 sibi
726 945 849 1009 exitum
879 946 1075 1027 promittere,
1127 944 1199 1010 dem
1223 967 1293 1011 esse
1315 947 1459 1027 adeptos,
1486 968 1528 1011 ne
1549 968 1604 1011 eos
1627 947 1785 1012 malorum
1809 946 1976 1032 congeries
1997 945 2093 1009 obru-

110 1030 149 1095 de
171 1051 235 1113 quo
265 1029 386 1113 gratias
418 1030 535 1095 merito
568 1042 651 1113 agat.
686 1031 754 1096 Nec
776 1052 853 1095 vero
876 1032 994 1094 mirum
1018 1039 1076 1110 est,
1127 1039 1204 1096 eret.
1249 1033 1314 1096 Per
1341 1033 1438 1096 eitam
1459 1032 1650 1116 intelligunt
1672 1031 1802 1115 quidam
1825 1052 1941 1097 sensus
1962 1030 2093 1097 vitales:

108 1116 257 1181 diversos
280 1114 414 1180 affectus
438 1116 470 1179 in
493 1116 634 1180 Psalmis
656 1116 793 1194 misceri,
811 1118 845 1180 in
869 1117 986 1198 quibus
1008 1125 1075 1180 tam
1127 1116 1213 1199 quod
1236 1117 1296 1181 etsi
1319 1138 1383 1182 non
1405 1137 1539 1199 prorsus
1562 1119 1680 1194 reiicio,
1702 1118 1892 1200 simpliciter
1911 1129 2020 1180 tamen
2038 1137 2094 1180 ex·

109 1222 186 1268 suas
207 1201 405 1266 tentationes
432 1221 529 1282 quam
552 1200 627 1265 fidei
651 1202 754 1267 luctas
776 1202 926 1284 exposuit
950 1200 1076 1265 David:
1127 1222 1246 1283 ponere
1278 1202 1392 1285 placet,
1437 1202 1522 1284 quod
1563 1224 1707 1268 moerore
1741 1209 1951 1286 consumptus
1992 1201 2095 1266 vitam

110 1285 226 1351 deinde
259 1305 358 1366 quum
392 1286 456 1349 iam
490 1287 628 1350 salutem
661 1286 796 1368 adeptus
830 1287 984 1352 cecinerit
1013 1286 1076 1351 Dei
1127 1307 1220 1351 suam
1246 1298 1402 1353 stannes
1424 1289 1556 1354 effluere
1579 1289 1772 1354 etdefioere
1795 1288 1942 1353 senserit.
1986 1287 2096 1369 Atque

110 1370 230 1446 landes,
274 1369 440 1434 interdum
479 1371 609 1436 diversa
649 1381 795 1455 tempora
835 1370 1075 1454 complectitur:
1128 1372 1180 1437 his
1202 1374 1309 1439 verbis
1339 1375 1455 1438 iterum
1485 1395 1549 1438 non
1579 1383 1645 1438 tam
1669 1374 1837 1439 mollitiem
1865 1393 1968 1450 suam,
1997 1392 2095 1453 quam

111 1457 205 1522 sicuti
225 1455 280 1521 hic
308 1455 385 1521 dicit
413 1462 582 1538 respectam
601 1458 702 1538 fuisse
723 1459 921 1539 afflictionem
942 1477 1036 1522 suam
1057 1477 1077 1521 a
1128 1458 1289 1523 malorum
1308 1459 1512 1524 atrocitatem
1531 1459 1687 1542 deplorat,
1706 1461 1766 1524 etsi
1786 1457 1944 1524 Davidem
1960 1458 2096 1521 minime

111 1543 190 1621 Deo,
213 1562 272 1624 per
294 1552 474 1624 respectum
495 1542 611 1607 allatae
629 1542 689 1607 sibi
708 1545 787 1627 opis,
810 1544 962 1608 effectum
980 1543 1076 1606 intel·
1129 1543 1244 1625 puduit
1265 1545 1489 1609 infirmitatem
1512 1566 1614 1620 suam,
1637 1546 1688 1610 cni
1711 1544 1890 1609 remedium
1910 1543 2094 1625 quaerebat,

111 1629 225 1711 ligens,
253 1635 286 1692 et
312 1647 376 1708 quo
405 1627 466 1693 hoc
496 1628 610 1692 melius
633 1631 811 1707 confirmet,
843 1628 932 1693 addit
954 1648 988 1693 se
1011 1649 1077 1691 non
1129 1628 1229 1694 libere
1259 1629 1361 1693 fateri.
1414 1629 1509 1709 Quod
1539 1630 1634 1696 dicit:
1671 1629 1779 1694 Robar
1806 1648 1899 1694 taam
1927 1628 2096 1693 caecidisse

112 1715 209 1779 inisse
230 1711 386 1777 traditum
410 1712 443 1776 in
466 1734 583 1779 manus
605 1714 745 1779 inimici:
775 1715 809 1778 in
832 1715 949 1797 quibus
970 1713 1078 1778 verbis
1128 1713 1184 1778 aab
1211 1734 1370 1793 aerumna,
1403 1715 1533 1797 quidam
1563 1718 1758 1797 interpretes
1786 1714 1921 1793 malunt,
1950 1713 2011 1778 sub
2034 1713 2096 1776 ini·

113 1799 209 1863 tacita
238 1796 408 1862 antithesis
437 1797 563 1863 subest:
596 1821 694 1881 quum
724 1809 809 1865 esset
838 1800 978 1881 undique
1000 1819 1077 1864 oon·
1128 1799 1263 1881 quitate,
1286 1808 1318 1864 et
1335 1811 1402 1912 pp,
1422 1801 1535 1877 fateor,
1553 1810 1728 1882 utrumque
1746 1801 1907 1865 Hebraeis
1924 1798 2097 1881 signifieat,

113 1884 220 1949 clusus
254 1880 344 1947 duris
382 1885 551 1967 angustiis,
590 1884 781 1949 mirabiliter
819 1907 838 1948 a
875 1886 946 1949 Deo
980 1885 1078 1949 fuisse
1128 1885 1195 1949 imo
1225 1885 1354 1967 saepius
1385 1886 1537 1950 delictum
1567 1895 1600 1950 et
1628 1886 1773 1968 culpam:
1809 1885 1866 1950 sed
1901 1905 2001 1966 quum
2038 1902 2096 1966 pro

115 1980 270 2052 ereptum.
332 1968 456 2033 Eodem
496 1970 594 2034 etiam
634 1971 777 2052 pertinet
813 1969 899 2052 quod
939 1969 1077 2047 additur,
1128 1991 1233 2054 poena
1266 1970 1429 2036 interdum
1463 1983 1631 2053 sumatur„
1662 1972 1746 2053 quod
1780 1971 1897 2035 melius
1929 1969 2096 2034 contextui

115 2053 212 2138 pedes
234 2055 305 2119 eius
327 2055 361 2117 in
384 2054 558 2119 latitudine
577 2055 674 2120 luisse
692 2057 829 2138 positos:
852 2056 928 2139 qnia
946 2063 1078 2119 notatur
1129 2076 1306 2138 congruere
1324 2057 1430 2122 visum
1449 2067 1498 2123 est
1517 2057 1609 2140 elegi.
1643 2054 1840 2138 Quanquam
1858 2068 1965 2119 autem
1982 2073 2096 2118 verum

115 2138 220 2205 subita
241 2148 275 2203 et
296 2140 463 2222 inopinata
486 2143 630 2206 mutatio.
1129 2150 1187 2217 est,
1207 2141 1362 2223 quidquid
1382 2162 1525 2225 unquam
1543 2143 1702 2207 malorum
1722 2162 1893 2224 perpessus
1911 2148 1960 2205 est
1978 2137 2097 2215 David,

1129 2226 1242 2308 culpae
1263 2248 1343 2292 suae
1365 2226 1548 2293 adscribere
1570 2228 1719 2293 solitum:
1742 2230 1819 2308 quia
1841 2238 1949 2290 tamen
1972 2234 2098 2289 tantum

198 2310 229 2374 9.
260 2309 414 2375 Miserere
441 2311 501 2376 atei
536 2310 658 2391 Ieltoea,
692 2313 769 2393 qaia
796 2311 953 2375 tribulatio
979 2310 1079 2375 mibi:
1130 2311 1183 2376 hic
1205 2313 1343 2377 recitans
1366 2333 1443 2377 suas
1464 2314 1610 2379 miserias
1639 2332 1769 2378 cansam
1803 2312 1952 2390 subticet,
1981 2311 2098 2393 proba·

116 2397 299 2477 macerae
312 2417 393 2478 prae
413 2398 466 2461 t'ra
486 2395 592 2460 oculus
613 2417 708 2475 meas,
730 2398 839 2462 anima
860 2416 938 2478 mea,
961 2402 990 2460 et
1010 2417 1080 2461 aare
1130 2396 1194 2460 bile
1216 2405 1275 2474 est,
1305 2419 1372 2461 rem
1403 2419 1502 2463 unam
1531 2399 1680 2480 pluribus
1710 2397 1813 2462 modis
1846 2418 1904 2461 suo
1933 2418 2023 2460 moro
2045 2418 2099 2459 ex·

116 2487 158 2545 ter
177 2501 274 2546 meas.
320 2482 370 2547 10.
396 2482 478 2562 Qttia
504 2482 611 2562 defecit
626 2502 708 2562 prce
734 2482 839 2547 dolore
859 2483 924 2546 etta
945 2501 1023 2561 mea,
1054 2486 1080 2545 et
1132 2483 1279 2563 primere.

116 2568 190 2631 cani
211 2568 273 2632 mei
288 2589 370 2649 prae
388 2569 520 2650 semaa:
541 2568 672 2632 concidit
692 2569 726 2631 in
749 2586 901 2633 caumas
922 2588 992 2631 mea
1012 2567 1077 2631 air·
1218 2568 1267 2631 11.
1290 2566 1435 2652 (Propter
1462 2588 1565 2635 amnas
1594 2568 1692 2633 hastas
1720 2565 1826 2653 accos.)
1866 2566 1933 2632 Alii
1958 2576 2097 2649 vortunt,

116 2658 163 2717 tas
182 2672 262 2731 ntea,
294 2657 321 2716 et
354 2672 426 2717 oeta
457 2673 526 2718 mea
558 2658 816 2733 computruerant.
862 2653 911 2716 11.
948 2651 1080 2732 Propter
1131 2672 1208 2735 prae
1230 2653 1385 2730 hostibus,
1409 2662 1442 2717 et
1460 2654 1535 2736 quia
1553 2653 1649 2719 litera
1666 2668 1695 2735 f)
1713 2675 1808 2737 saepe
1827 2652 1913 2735 apud
1932 2652 2098 2717 Hebraeos

117 2758 218 2802 omres
238 2737 338 2803 bastae
358 2757 441 2803 meos
459 2739 512 2819 fai
532 2737 738 2819 opprobriam,
760 2739 854 2802 ettam
871 2738 984 2802 vicinis
1002 2737 1081 2801 meis
1132 2739 1351 2819 comparative
1374 2739 1538 2822 accipitur,
1569 2761 1702 2805 sensum
1732 2740 1819 2804 hunc
1840 2739 1981 2816 eliciunt,
2011 2737 2098 2819 quod

118 2823 214 2902 acide,
243 2827 391 2889 atterrat
411 2825 493 2888 aaa
517 2825 611 2888 mete:
638 2824 821 2889 arietantes
841 2843 889 2887 me
909 2823 1000 2904 ferit,
1029 2843 1079 2886 re·
1133 2823 1283 2888 amiciet
1311 2823 1487 2889 familiares
1515 2825 1655 2890 Davidis
1676 2847 1749 2890 eum
1773 2844 1873 2906 supra
1895 2843 2008 2887 omnes
2030 2825 2100 2888 eius

117 2911 268 2973 mercat
298 2929 320 2972 a
350 2929 407 2974 me.
467 2910 517 2973 12.
544 2908 700 2974 Obliaiaai
730 2909 868 2974 traditae
900 2927 970 2972 sam
1001 2908 1081 2973 sicat
1132 2907 1242 2973 hostes
1260 2910 1453 2991 probrosum
1471 2908 1646 2975 duxerunt.
1675 2908 1858 2985 Sedaliud
1881 2907 2100 2989 meoiudicio,

116 2999 255 3059 mortuus
276 3014 298 3057 a
325 2995 423 3074 eorde,
456 2995 573 3060 similis
600 2993 703 3075 factas
723 3014 795 3058 sam
822 2995 892 3058 acsi
912 2994 1080 3076 cortfrado:
1132 2993 1252 3058 voluit:
1281 3015 1384 3077 quum
1415 2996 1537 3076 passim
1567 3004 1651 3060 esset
1680 3015 1806 3073 exosus,
1835 3005 2004 3075 totumquo
2031 2994 2099 3058 fere

119 3079 166 3143 13.
200 3078 282 3160 Quia
311 3081 422 3146 audivi
448 3081 617 3145 amiciciam
645 3077 866 3164 multaretur)
889 3099 992 3160 pavor
1019 3079 1080 3143 cir·
1132 3078 1286 3160 populum
1315 3079 1351 3143 in
1380 3100 1472 3143 suam
1503 3080 1673 3145 factionem
1697 3079 1873 3143 traxissent
1900 3077 2019 3157 hostes,
2048 3079 2099 3142 in·

116 3184 312 3247 eamqaaqae,
344 3167 419 3230 dam
452 3166 623 3230 emeritam
649 3166 746 3229 simet
772 3171 877 3229 catara
906 3184 964 3246 me,
997 3162 1081 3228 etde
1132 3162 1232 3226 famia
1265 3184 1299 3227 se
1339 3164 1423 3245 apud
1462 3164 1582 3229 amicos
1621 3175 1653 3227 et
1694 3166 1891 3247 propinquos
1931 3164 2098 3246 flagrasse,

116 3250 266 3332 eapiettdc
288 3251 397 3315 anima
418 3270 485 3314 mea
507 3251 647 3332 maaca.
1132 3249 1227 3312 sicuti
1249 3270 1420 3313 commune
1440 3249 1605 3326 iudicium,
1633 3250 1724 3331 quasi
1747 3248 1892 3313 violenta
1913 3257 2099 3331 tempestas,

1132 3334 1280 3415 abripere
1301 3335 1426 3399 animos
1456 3342 1584 3399 nostros
1610 3334 1700 3411 solet,
1730 3333 1801 3398 ideo
1822 3333 1970 3414 copulam
1993 3345 2007 3414 t
2030 3353 2099 3397 am·

200 3419 228 3484 9.
252 3417 418 3505 (Miserere
450 3421 510 3484 mei
538 3418 675 3505 Iabaaa.)
730 3419 844 3484 Multis
872 3419 1081 3501 querimoniis
1131 3418 1296 3501 plificandi
1318 3438 1416 3485 cansa
1438 3420 1575 3502 positam
1600 3421 1697 3484 luisse
1721 3420 1873 3484 arbitror:
1903 3418 1988 3501 qnod
2011 3417 2098 3484 dete·

116 3505 293 3588 amplificat
320 3505 470 3570 miseriae
492 3526 571 3570 suae
603 3513 637 3569 et
658 3506 779 3570 doloris
811 3505 1016 3588 gravitatem,
1045 3513 1082 3568 ut
1133 3502 1256 3568 stabilis
1279 3504 1375 3568 fuerit
1397 3504 1515 3584 David,
1538 3526 1602 3570 non
1625 3505 1739 3570 alienis
1761 3505 1865 3582 modo,
1888 3505 2006 3587 quibus
2024 3514 2100 3570 ante

115 3592 223 3655 Deum
242 3590 284 3656 ad
302 3590 558 3655 succurrendum
575 3592 701 3656 flectat:
719 3611 783 3655 non
799 3589 885 3672 quod
902 3590 1082 3655 rationibus
1132 3589 1237 3653 luerat
1258 3590 1399 3673 ignotus,
1423 3590 1479 3655 sed
1501 3593 1681 3673 praecipuis
1703 3592 1825 3656 amicis.
1869 3590 1972 3654 Addit
1990 3591 2098 3666 etiam,

114 3676 154 3740 ad
177 3696 252 3741 eum
275 3675 535 3759 persuadendum
559 3696 638 3758 opus
662 3676 715 3755 sit,
737 3674 880 3758 sedquia
902 3673 1022 3754 fideles,
1046 3685 1082 3739 ut
1132 3696 1229 3755 quum
1261 3676 1372 3757 procul
1400 3675 1613 3759 adspicerent,
1647 3677 1778 3759 fugisse.
1830 3676 1914 3739 Nam
1947 3674 2098 3740 adverbio

113 3782 210 3826 curas
249 3782 325 3826 suas
365 3771 552 3843 exonerent,
598 3762 798 3826 familiariter
838 3781 947 3826 secum
985 3781 1081 3844 agere
1129 3761 1212 3842 foris
1243 3761 1403 3845 significat
1426 3782 1490 3826 non
1524 3761 1623 3827 tuisse
1645 3760 1795 3844 dignatos
1816 3759 1972 3824 miserum
1993 3760 2097 3825 homi·

115 3847 247 3929 patitur.
299 3846 468 3930 Namque
499 3846 646 3929 pluribus
676 3856 834 3930 urgentur
863 3845 966 3922 malis,
1004 3845 1081 3910 dum
1132 3866 1207 3909 nem
1229 3847 1379 3929 propiore
1400 3866 1547 3911 accessu:
1581 3848 1645 3910 imo
1677 3868 1719 3911 ne
1748 3867 1812 3929 qua
1839 3845 1915 3909 mali
1945 3847 2096 3930 contagio

115 3954 154 3996 ea
174 3953 284 3997 coram
307 3932 378 3998 Deo
407 3931 586 4015 deplorant,
618 3932 808 3996 tantundem
831 3952 866 3996 se
889 3931 1019 4015 erigunt
1041 3929 1081 3994 ad
1131 3929 1171 3994 ad
1203 3931 1291 4014 ipsos
1332 3931 1540 4013 pertingeret,
1583 3952 1711 3995 omnem
1752 3931 1901 4012 quamvis
1933 3939 2095 3995 remotum

116 4037 207 4099 spem
229 4017 342 4082 anxilii
371 4016 576 4100 impetrandi.
621 4018 693 4083 Etsi
723 4027 832 4082 antem
853 4015 1081 4100 hyperbolicae
1131 4028 1339 4099 conspectum
1371 4017 1508 4096 fugisse:
1541 4016 1625 4098 quod
1659 4016 1719 4080 sibi
1749 4014 1853 4079 fraudi
1885 4026 1919 4079 et
1949 4015 2096 4082 dedecori

116 4102 220 4168 videri
237 4111 371 4186 possent
388 4102 600 4185 loquutiones,
619 4101 740 4167 Davidi
760 4113 867 4166 tamen
881 4102 1080 4184 propositum
1131 4101 1199 4165 tore
1221 4101 1385 4178 ducerent,
1412 4102 1514 4166 ullum
1536 4100 1707 4166 ostendere
1729 4101 1890 4165 amicitiae
1912 4101 2052 4182 signum.

117 4188 215 4253 inisse
237 4209 302 4252 non
326 4187 449 4265 dubito,
472 4208 588 4253 sensns
609 4208 685 4252 snos
706 4187 742 4251 in
764 4186 907 4251 medium
925 4188 1080 4270 proferre.
1219 4187 1266 4251 12.
1290 4186 1459 4270 (Oblivisci
1481 4187 1617 4253 traditae
1638 4185 1731 4272 sam.)
1780 4186 1996 4269 Prosequitur
2018 4208 2095 4253 ean·

116 4273 228 4338 Primo
250 4273 339 4354 dicit,
359 4273 469 4339 oculos
492 4292 578 4351 suos,
601 4273 752 4352 animam,
781 4282 814 4337 et
835 4280 982 4337 ventrem
1005 4293 1079 4337 con·
1131 4271 1203 4335 dem
1225 4273 1429 4351 sententiam,
1460 4293 1559 4354 seque
1587 4293 1651 4337 non
1678 4292 1772 4337 secus
1795 4292 1837 4337 ex
1859 4272 2004 4337 amnium
2029 4276 2096 4339 m'e·

117 4359 259 4423 tabuisse
281 4378 435 4437 moerore,
458 4356 544 4422 unde
566 4369 709 4440 apparet,
732 4379 791 4423 nec
813 4357 939 4440 leviter,
961 4379 1021 4423 nec
1039 4357 1080 4421 ad
1131 4358 1234 4421 moria
1256 4355 1398 4422 deletum
1429 4357 1531 4423 fnisse
1560 4358 1780 4441 conqueritur,
1816 4377 1853 4422 ao
1888 4359 1914 4422 si
1944 4371 2094 4425 mortuus

117 4444 215 4510 breve
235 4455 365 4527 tempus
394 4444 446 4510 his
474 4444 635 4508 malorum
667 4443 836 4508 tormentis
858 4443 958 4508 fuisse
979 4464 1080 4507 vexa·
1130 4443 1252 4508 fnisset.
1296 4443 1368 4509 Etsi
1398 4444 1485 4508 enirn
1516 4443 1721 4525 quorundam
1752 4451 1982 4525 postmortem
2008 4446 2095 4526 viget

118 4539 199 4594 tum.
250 4530 301 4593 Ea
332 4540 419 4595 certe
452 4527 700 4593 mansuetudine
733 4529 898 4610 praeditus
930 4539 1010 4604 erat,
1043 4539 1081 4593 ut
1130 4528 1286 4592 memoria
1308 4527 1393 4612 apud
1416 4530 1616 4613 superstites,
1649 4529 1779 4612 saepius
1801 4540 1910 4593 tamen
1933 4529 2095 4612 contingit

118 4635 183 4678 non
205 4612 455 4681 excandesceret
475 4615 594 4697 exiguo
615 4613 768 4696 impulsu,
802 4635 906 4696 neque
928 4613 1080 4678 tristitiae
1131 4634 1338 4679 evanescere:
1362 4615 1437 4697 qnia
1459 4635 1518 4679 nec
1541 4614 1717 4696 quidquam
1741 4622 1790 4678 est
1811 4613 2004 4690 commercii,
2036 4634 2094 4679 neo

117 4701 368 4785 intemperantia
396 4722 431 4767 se
459 4702 639 4765 conficeret.
683 4698 811 4765 Deinde
833 4700 874 4764 ad
896 4699 982 4763 mala
1001 4700 1080 4763 tolc-
1133 4699 1197 4765 vivi
1219 4706 1365 4764 mortuos
1394 4699 1502 4781 aliquo
1531 4700 1627 4765 officii
1650 4720 1769 4783 genere
1792 4700 1942 4780 prosequi
1964 4711 2022 4763 aut
2043 4700 2094 4765 iu·

118 4783 221 4850 rande
253 4784 379 4868 pridem
411 4794 484 4850 erat
515 4785 724 4849 assuefactus.
788 4785 878 4869 Ergo
917 4805 982 4849 non
1015 4785 1079 4848 nisi
1130 4805 1207 4849 vare
1235 4792 1383 4868 possunt.
1441 4785 1532 4851 Idem
1561 4788 1731 4852 confirmat
1763 4783 1976 4848 similitudine
2005 4786 2094 4851 vasis

119 4870 299 4950 durissime,
327 4871 393 4936 imo
413 4868 595 4936 incredibili
616 4870 712 4934 modo
733 4871 881 4949 afflictus,
910 4890 948 4934 eo
977 4890 1081 4953 usqne
1129 4878 1282 4952 corrupti,
1311 4891 1375 4954 qua
1403 4880 1570 4936 extremus
1599 4879 1802 4951 contemptus
1823 4880 1857 4933 et
1879 4868 2014 4933 deiectio
2035 4890 2093 4935 no·

118 4955 352 5041 indignationis
373 4955 529 5040 prorupit.
574 4954 644 5019 Iam
663 4975 721 5037 per
749 4974 860 5019 vocem
877 4954 951 5020 Irae
973 4965 1080 5021 osten·
1131 4966 1234 5021 tatur:
1257 4975 1295 5022 ac
1317 4956 1345 5021 si
1367 4956 1512 5036 dixisset,
1534 4956 1624 5020 nullo
1647 4957 1710 5020 iam
1735 4955 1804 5017 loco
1827 4954 1878 5017 vel
1901 4974 2036 5017 numero
2059 4978 2093 5021 se

120 5042 167 5105 dit
188 5063 254 5109 non
274 5042 322 5107 ita
342 5063 378 5107 se
394 5042 430 5107 in
447 5041 630 5108 constantia
647 5040 798 5119 ferreum,
820 5040 873 5105 vol
892 5041 1079 5123 passionum
1131 5040 1266 5126 dignum
1299 5042 1433 5106 censeri.
1488 5041 1592 5105 Addit
1624 5054 1797 5122 postremo,
1830 5059 1864 5102 se
1893 5038 2092 5122 exagitatum

1132 5128 1230 5211 vulgo
1263 5126 1362 5191 fuisse
1394 5126 1505 5191 multis
1538 5127 1673 5207 probris,
1713 5134 1747 5188 et
1779 5122 1961 5204 perculsum
1994 5125 2093 5192 fuisse

187 5230 216 5299 *)
234 5230 268 5283 da
284 5230 427 5300 plusieurs,
462 5243 496 5284 ea
513 5243 622 5297 aare:
641 5246 684 5298 ou,
701 5229 749 5283 des
765 5245 853 5298 grans.
1133 5211 1319 5281 terroribus.
1374 5211 1570 5295 Quanquam
1602 5210 1682 5273 mihi
1711 5210 1815 5292 magis
1837 5207 1977 5290 placeret
1997 5222 2093 5295 0:35

191 5314 301 5370 datatim
314 5329 408 5382 opera
445 5314 504 5369 Vol.
521 5312 637 5368 XXXI.
1856 5309 1891 5364 20
2000 5338 2001 5342 =
