4658 5856
161 336 225 404 605
990 335 1208 404 PSALMUS
1231 339 1340 404 LXV.
2101 342 2164 409 606

153 508 363 616 'rependatis
384 532 474 598 nobie
497 529 588 595 Deae
609 529 725 595 caladia
745 532 884 612 nestrae,
906 547 976 610 spes
999 529 1138 593 emnium
1190 528 1356 612 porrigere
1372 526 1526 610 dignatus
1542 534 1602 604 est,
1618 525 1696 593 hine
1713 525 1949 611 propinquitas,
1968 549 2034 595 nen
2054 540 2164 599 autem

160 623 276 706 finiam
296 623 407 698 terrea
430 623 458 682 et
479 617 581 681 maris
602 616 878 700 longinquitatem.
917 615 947 678 7.
969 613 1138 679 Sabaeas
1191 614 1276 696 qued
1300 621 1416 695 sponte
1433 614 1708 696 praevenerimos.
1742 612 1824 690 Ime,
1848 616 1976 696 proprie
1993 615 2163 698 loquendo,

163 711 282 773 meritas
303 705 419 769 virtute
439 724 509 782 sao,
532 703 685 767 amadus
704 701 898 783 sortitstdiac.
944 699 973 764 8.
995 699 1138 783 Compes-
1190 710 1363 782 post-quam
1387 720 1445 763 nes
1467 699 1575 784 elegit,
1599 719 1694 764 suum
1719 720 1798 781 erga
1820 720 1881 763 nes
1904 720 2045 765 amorem
2070 724 2164 771 voca-

163 813 235 860 ceas
256 790 392 854 emtum
413 790 570 869 mariam,
600 793 628 851 et
648 788 783 852 sendum
801 787 953 867 studeam
975 790 1139 863 consecet
1191 786 1280 847 tione
1309 791 1460 849 test-atur.
1505 785 1575 849 Etsi
1607 791 1716 848 autem
1748 784 1840 848 Deus
1870 805 1980 849 semen
2010 789 2164 856 Abrahae

161 877 322 962 frantiam
347 876 494 962 gentium.
536 873 568 939 9.
589 871 634 939 Et
654 871 802 938 terrebunt
823 871 1007 936 bebdoteras
1025 872 1140 953 finiam
1192 871 1254 935 sibi
1277 871 1308 934 in
1332 870 1494 952 peculium
1519 880 1760 954 segregaverat,
1783 878 1819 933 ut
1837 871 2040 937 circumcisio
2057 874 2163 942 lecum

164 987 186 1031 a
207 962 309 1046 sigeia
330 962 411 1027 tuis:
442 961 545 1025 esitus
574 959 745 1025 matutinos
774 963 802 1023 et
829 958 1020 1040 erepeniaos
1048 977 1140 1022 ovare
1192 954 1257 1019 illis
1280 957 1313 1019 in
1337 956 1459 1037 temple
1481 955 1586 1020 daret:
1620 955 1754 1021 dubium
1779 966 1889 1020 tamen
1920 978 1985 1020 non
2015 971 2063 1022 est
2087 964 2162 1043 quin

162 1050 270 1133 sapies,
1192 1042 1366 1106 discrimen
1391 1042 1523 1124 aliquod
1547 1044 1634 1105 inter
1656 1041 1796 1106 Iudaeos
1828 1041 1917 1124 ipsos
1948 1050 2073 1109 statuat
2094 1047 2163 1112 Da·

1192 1127 1266 1190 vid:
1288 1127 1364 1208 quia
1386 1148 1492 1209 neque
1515 1148 1628 1192 omnes
1651 1129 1827 1193 efficaciter
1855 1126 1896 1192 ad
1927 1149 1962 1193 se
1992 1147 2165 1198 vocaverat

251 1216 281 1283 5.
304 1215 441 1302 (Baetae
462 1213 574 1301 qaam.)
605 1213 693 1296 Quia
716 1235 821 1298 nuper
842 1215 1010 1282 confessus
1032 1215 1139 1278 suerat
1191 1212 1293 1286 Deus,
1312 1234 1418 1295 neque
1434 1214 1505 1277 iure
1519 1234 1632 1277 omnes
1646 1213 1754 1278 lecum
1769 1215 1803 1277 in
1820 1213 2163 1298 temploeeeupabant.

165 1304 323 1388 populum
361 1303 428 1366 suis
469 1302 610 1384 peccatis
650 1299 822 1365 dissidium
855 1322 875 1366 a
909 1298 980 1365 Deo
1013 1301 1137 1376 iecisse,
1191 1297 1320 1362 Alludit
1343 1296 1471 1379 quidem
1496 1298 1653 1380 propheta
1676 1298 1716 1362 ad
1740 1307 1910 1364 externum
1931 1307 2163 1383 sanctuarium,

164 1390 301 1472 ideoque
331 1408 402 1452 esse
435 1386 608 1471 indignum
643 1386 698 1469 qui
732 1385 940 1451 exaudiatur:
982 1407 1070 1451 nuuc
1102 1386 1138 1448 in
1191 1383 1327 1447 ludaeos
1350 1385 1461 1450 dicens
1483 1384 1602 1448 eleetos
1625 1404 1710 1463 esse,
1734 1392 1769 1449 ut
1791 1385 2054 1467 appropinquent
2075 1390 2163 1456 Dee:

164 1475 294 1559 asylum
324 1473 471 1556 confugit
498 1472 633 1556 gratuiti
661 1469 726 1535 Dei
753 1471 889 1549 favoris,
919 1473 979 1537 sub
1001 1491 1066 1554 quo
1088 1472 1137 1534 in·
1192 1468 1247 1534 sed
1272 1471 1428 1535 memoria
1446 1469 1624 1533 tenendum
1644 1478 1693 1534 est
1710 1470 1796 1553 qued
1812 1470 1942 1535 Psalmo
1963 1472 2012 1549 15,
2031 1477 2064 1537 et
2079 1476 2165 1560 24,3

166 1562 253 1627 elusa
277 1571 327 1623 est
348 1568 557 1643 peecatorum
580 1557 736 1637 remissie.
766 1559 876 1642 Atque
898 1559 945 1622 ita
967 1559 1139 1622 confirmat
1191 1555 1343 1633 vidimus,
1367 1577 1431 1620 non
1454 1576 1568 1620 omnes
1590 1555 1754 1638 legitimos
1777 1556 1876 1621 fuisse
1899 1557 2053 1623 ecelesiae
2076 1565 2164 1629 cives

165 1646 251 1730 qued
285 1643 325 1709 de
358 1645 546 1727 expiatione
577 1642 676 1719 dixit,
714 1643 890 1709 ostendens
923 1664 1006 1726 quae
1041 1663 1138 1708 causa
1191 1642 1244 1722 qui
1277 1641 1390 1724 templi
1423 1646 1651 1725 pavimentum
1685 1641 1850 1707 terebant:
1885 1643 1961 1725 quia
1990 1648 2165 1731 praecipue

165 1733 274 1798 Deum
296 1731 424 1796 miseris
457 1728 679 1812 peccatoribus
708 1729 878 1813 propitiet:
912 1730 989 1813 quia
1016 1728 1139 1794 scilieet
1191 1727 1369 1809 requiritur
1401 1727 1574 1812 integritas
1605 1727 1728 1805 cerdis,
1770 1738 1803 1792 et
1835 1730 1960 1812 puritas
1993 1751 2162 1800 manuum.

166 1817 268 1902 gratis
307 1825 443 1900 paterno
481 1815 594 1881 favore
631 1815 813 1880 immeritos
852 1816 1042 1897 complexus
1078 1823 1137 1879 est.
1191 1813 1301 1893 Quare
1324 1814 1523 1896 propinquos
1545 1811 1617 1876 Deo
1636 1813 1705 1877 fieri
1727 1813 1892 1899 intellige,
1922 1836 1988 1880 non
2019 1821 2073 1900 qui
2105 1842 2165 1885 ex-

165 1903 251 1968 Nam
274 1903 372 1967 venia
393 1920 457 1983 qua
478 1922 537 1966 nos
559 1900 704 1985 quotidie
725 1902 947 1984 prosequitur.
976 1921 1017 1964 ex
1041 1898 1138 1982 adop·
1191 1905 1287 1962 terne
1310 1907 1440 1963 tantum
1462 1900 1569 1982 speeie
1591 1899 1696 1964 lecum
1719 1898 1920 1965 obtinentin
1945 1902 2082 1987 templo,
2106 1907 2163 1971 sed

161 1990 252 2061 ⁸tiene
286 1987 424 2072 pendet:
465 1987 562 2053 sicuti
596 1987 694 2051 etiam
730 1987 763 2049 iu
799 2007 838 2051 ea
869 1984 1025 2050 fundatae
1059 1996 1138 2050 sunt
1191 1987 1245 2066 qui
1277 1984 1404 2050 sincera
1438 1984 1501 2050 fide
1534 2007 1570 2049 se
1602 1985 1745 2048 offerunt
1778 1987 1811 2048 in
1845 1998 2052 2069 conspectum
2088 1990 2163 2058 Dei.

164 2094 276 2159 preces
299 2080 439 2138 nostrae.
484 2071 558 2152 Quo
579 2074 668 2137 enim
690 2072 761 2136 iure
784 2073 817 2136 iu
840 2072 904 2136 Dei
928 2080 1135 2154 conspectum
1190 2068 1260 2133 Iam
1287 2071 1338 2135 hic
1362 2071 1488 2136 vocatio
1510 2071 1703 2153 adiungitur
1727 2071 1894 2137 electioni:
1917 2093 1959 2135 ne
1981 2073 2054 2155 quis
2076 2096 2163 2141 som·

165 2158 295 2243 prodire
317 2158 452 2224 auderet
473 2167 624 2242 peccator
646 2158 686 2221 ad
711 2157 1008 2224 reconciliationem
1038 2178 1136 2240 quae·
1191 2156 1260 2220 niet
1282 2176 1361 2220 eves
1384 2163 1542 2240 perpetue
1560 2156 1685 2239 vagari,
1709 2177 1814 2239 neque
1837 2178 1980 2239 unquam
2000 2160 2109 2245 colligi
2127 2163 2163 2227 in

165 2244 311 2322 rendam,
335 2243 399 2308 nisi
416 2264 592 2327 persuasus
610 2254 696 2308 esset
713 2242 801 2307 hune
819 2244 878 2309 sibi
898 2264 969 2308 esse
986 2241 1136 2324 patrem?
1191 2241 1285 2306 ovile.
1338 2241 1422 2305 Nam
1453 2241 1513 2307 hec
1545 2243 1662 2306 ellectu
1690 2263 1726 2306 se
1756 2241 1901 2307 ostendit
1927 2245 2070 2327 gratuita
2101 2249 2163 2313 Dei

166 2331 341 2396 Caeterum
366 2329 420 2396 hie
443 2350 510 2394 non
532 2329 680 2394 extendit
700 2329 839 2413 gratiam
863 2328 925 2393 Dei
949 2329 987 2392 ad
1013 2333 1137 2413 gentes,
1190 2327 1330 2411 adeptio,
1355 2327 1430 2391 dum
1455 2328 1573 2410 spiritu
1597 2329 1666 2392 eius
1683 2327 1772 2403 duee,
1796 2329 1835 2392 ad
1855 2330 1925 2393 eius
1940 2334 2161 2398 sanctuarium

165 2416 261 2481 sicuti
284 2415 381 2500 paulo
404 2423 495 2478 ante:
534 2415 590 2478 sed
613 2435 673 2498 pre
696 2416 812 2480 aetatis
834 2435 913 2479 suae
936 2414 1061 2479 ratione
1091 2414 1136 2478 le·
1190 2413 1382 2478 accedimus.
1427 2413 1587 2477 Fructum
1619 2413 1827 2478 beatitudinis
1855 2415 2061 2481 commendat
2090 2441 2165 2502 pre-

164 2504 285 2584 quitur.
318 2499 414 2567 Solos
436 2499 677 2565 eniqudaeos
700 2509 779 2565 tane
800 2501 832 2564 in
857 2520 956 2584 grege
979 2519 1038 2565 suo
1060 2519 1137 2566 een·
1189 2497 1298 2580 pheta,
1321 2499 1432 2563 satiari
1456 2498 1567 2563 dicens
1586 2499 1697 2581 templi
1721 2499 1890 2582 opulentia
1912 2499 2032 2566 fideles.
2077 2503 2162 2569 Nam

165 2586 260 2652 sabat
283 2587 391 2667 Deus,
426 2586 576 2668 solosque
609 2586 643 2650 in
676 2587 897 2651 sanctuarium
928 2584 1137 2650 admittebat:
1191 2585 1340 2667 quamvis
1371 2583 1528 2649 accedant
1558 2585 1634 2649 illue
1666 2605 1792 2667 quoque
1826 2585 2033 2669 hypocritae,
2067 2592 2162 2654 vacui

165 2692 252 2736 utrae
275 2673 352 2755 quia
373 2671 500 2737 sublato
523 2672 708 2738 discrimine
731 2680 845 2756 gentes
867 2691 941 2737 eum
972 2672 1036 2736 illis
1062 2692 1137 2754 pro·
1191 2680 1299 2734 tamen
1324 2676 1357 2733 et
1382 2671 1482 2734 ieiuni
1514 2671 1644 2734 domurn
1675 2668 1828 2750 redeunt,
1857 2679 2014 2754 quantum
2047 2675 2163 2740 attinet

164 2759 289 2823 miscue
311 2758 457 2833 vocavit,
480 2758 630 2823 omnibus
652 2755 693 2822 ad
716 2778 790 2823 eam
814 2756 1019 2822 familiariter
1047 2778 1137 2823 acee-
1191 2756 1230 2820 ad
1255 2755 1445 2819 fruitionem
1477 2756 1694 2839 spiritualium
1725 2755 1894 2822 bonorum.
1938 2759 1989 2822 Ae
2019 2762 2163 2825 notanda

166 2844 243 2908 dere
277 2843 360 2909 lieet.
416 2842 569 2910 Christus
604 2843 693 2907 enim
726 2851 775 2908 est
806 2864 873 2927 pax
913 2850 1042 2920 nostra,
1082 2842 1138 2925 qui
1191 2850 1242 2906 est
1264 2861 1422 2924 personae
1445 2843 1592 2914 mutatio,
1616 2842 1669 2906 ubi
1694 2841 1802 2907 David
1827 2842 1867 2906 ad
1891 2840 2036 2908 fidelium
2052 2867 2163 2912 nume·

166 2929 367 3013 propinques
389 2935 432 3005 ¹et
466 2937 608 2994 remotas
640 2928 826 3009 coniunxit,
856 2927 981 3010 Ephes.
1016 2928 1050 3005 2,
1086 2928 1136 2993 14.
1190 2948 1263 2992 rum
1299 2948 1334 2991 se
1367 2935 1540 3011 aggregat:
1579 2928 1656 3009 quia
1689 2926 1722 2991 in
1761 2929 1867 3011 seipse
1885 2929 2160 3011 experimentum

165 3016 330 3079 'l'enemua
353 3035 441 3080 nune
463 3034 616 3097 quorsum
641 3012 755 3079 tendat
787 3014 959 3080 eonsilium
986 3012 1137 3079 Davidis.
1190 3014 1345 3096 proponit
1367 3013 1542 3089 satietatis,
1569 3010 1609 3077 de
1631 3034 1694 3094 qua
1718 3013 1868 3096 loquitur.
1914 3013 2088 3079 Caeterum
2111 3019 2163 3082 in·

164 3100 250 3164 Nam
280 3100 358 3183 quia
386 3100 541 3166 ecclesiae
563 3108 596 3164 et
618 3099 721 3164 electo
748 3099 868 3182 populo
899 3100 1060 3181 promissa
1087 3109 1138 3164 est
1191 3097 1301 3181 tellige
1323 3098 1436 3161 satiari
1459 3097 1571 3161 fideles
1594 3119 1658 3162 uon
1681 3119 1747 3161 une
1770 3107 1944 3176 momente,
1968 3098 2025 3164 sed
2045 3102 2163 3184 grada-

166 3186 314 3251 remissie
346 3195 569 3270 peecatorum,
613 3185 774 3249 exclamat
815 3185 926 3249 beatos
957 3206 1027 3249 esse
1056 3204 1138 3267 quos
1190 3184 1268 3247 tim:
1291 3184 1367 3266 quia
1389 3184 1448 3246 etsi
1471 3183 1610 3248 instillet
1627 3184 1718 3248 Deus
1736 3185 1872 3265 spiritus
1895 3185 1945 3249 sui
1968 3185 2062 3263 dona,
2086 3209 2163 3255 suos

165 3270 258 3336 Deus
280 3271 315 3336 in
338 3293 471 3356 gregem
493 3291 591 3335 suurn
614 3271 739 3352 recipit,
763 3279 799 3334 ot
813 3270 875 3335 hoe
890 3270 1137 3352 incomparabili
1190 3279 1301 3333 tamen
1324 3277 1484 3352 quatenns
1506 3267 1586 3333 utile
1608 3282 1658 3333 est
1680 3269 1870 3352 locupletat,
1898 3271 1998 3335 donec
2022 3271 2163 3340 adducat

166 3356 338 3441 privilegio
359 3358 523 3422 fruantur.
557 3356 660 3421 Porro
682 3355 872 3421 electionem
897 3377 961 3420 non
985 3356 1138 3421 omnibus
1190 3353 1231 3418 ad
1265 3354 1402 3419 solidam
1435 3354 1678 3437 perfectionem.
1723 3356 1847 3420 Verum
1882 3366 1970 3421 certe
1999 3368 2048 3421 est
2081 3359 2161 3426 illud

168 3456 244 3506 tune
266 3463 473 3509 commanem
495 3442 596 3508 fuisse
619 3440 729 3507 docet:
768 3440 906 3506 Iudaeos
926 3440 987 3505 hae
1010 3461 1139 3524 praero-
1190 3439 1316 3506 Psalmi
1335 3440 1407 3519 103,
1426 3441 1463 3505 5:
1486 3441 1596 3505 satiari
1616 3442 1677 3506 Dei
1702 3442 1916 3508 beneficentia
1938 3464 1973 3507 os
1997 3453 2161 3513 nostrum:

166 3529 277 3613 gativa
299 3528 476 3606 extollens,
501 3529 578 3611 quia
600 3548 654 3593 eos
675 3526 768 3592 Deus
791 3527 982 3610 praetulerit
1005 3527 1138 3610 reliquis
1190 3525 1246 3591 sed
1277 3526 1375 3591 etiam
1406 3526 1587 3591 notandam
1618 3526 1701 3609 qued
1727 3527 1802 3593 alibi
1833 3525 1966 3592 dicitur:
1996 3530 2097 3612 Aperi
2126 3553 2162 3597 es

167 3614 329 3698 gentibus.
375 3613 459 3680 Nam
482 3615 511 3678 si
534 3621 776 3679 anteverterent
799 3612 950 3677 homines
974 3612 1035 3679 Dei
1063 3634 1138 3698 gra·
1191 3619 1293 3681 tuum,
1318 3610 1848 3694 etimpleboillird,Psalm.81,
1878 3613 1928 3677 11.
1972 3612 2164 3698 Impediunt

166 3702 264 3778 tiam,
305 3720 372 3764 nen
405 3697 564 3765 resideret
597 3718 695 3782 penes
727 3699 836 3780 ipsum
876 3698 1007 3778 electio,
1042 3699 1138 3765 cuins
1191 3709 1300 3763 autem
1323 3707 1453 3764 nestrae
1476 3699 1663 3781 angustiae,
1697 3721 1739 3763 ne
1760 3707 1885 3763 tantam
1915 3699 2007 3763 nobis
2037 3704 2161 3786 copiam

166 3792 312 3870 potestas
333 3793 367 3850 et
388 3787 440 3850 ias
462 3786 492 3849 ei
515 3785 680 3850 tribuitur.
716 3785 815 3867 Atqui
838 3804 905 3849 nen
926 3784 989 3849 alie
1004 3786 1138 3849 nemine
1190 3785 1350 3849 benorum
1373 3785 1502 3868 ingerat
1524 3782 1632 3862 Deus,
1663 3784 1719 3849 sed
1749 3793 1846 3868 prout
1873 3785 2039 3852 restrictos
2062 3788 2162 3875 videt,

167 3870 377 3952 praestabant
407 3870 523 3936 Iudaei
551 3871 615 3936 nisi
648 3871 723 3953 quia
755 3890 809 3934 eos
842 3870 998 3953 peculiari
1032 3871 1139 3955 gratia
1191 3871 1238 3935 ita
1257 3868 1486 3935 liberalitatem
1509 3889 1601 3933 suam
1625 3868 1665 3932 ad
1689 3870 1855 3935 modulum
1881 3881 2028 3935 nostrum
2046 3883 2162 3939 attem-

166 3956 260 4022 Deus
281 3958 388 4023 fuerat
410 3955 571 4042 dignatus.
604 3954 702 4021 Nune
719 3955 780 4020 etsi
803 3961 901 4038 rupta
923 3963 973 4020 est
986 3957 1138 4033 maceria,
1192 3965 1293 4039 perat
1344 3955 1438 4020 Bona
1470 3955 1646 4020 sanctuarii
1677 3955 1824 4021 vocando
1857 3968 1993 4022 externa
2023 3958 2163 4026 admini-

167 4053 204 4107 ut
233 4041 325 4109 Deus
352 4051 468 4128 gentes
495 4062 623 4125 qnoque
652 4040 749 4105 simul
781 4050 890 4118 vocet,
924 4040 1009 4125 aph.
1032 4043 1069 4123 2,
1099 4041 1140 4107 14
1192 4042 1264 4107 cula
1285 4038 1509 4120 commendat,
1543 4060 1626 4122 quae
1649 4061 1709 4105 nes
1730 4041 1770 4105 ad
1794 4042 1951 4107 bonorum
1974 4044 2161 4111 coelestium

168 4137 297 4194 constat
318 4133 432 4193 tamen
455 4149 518 4191 nnn
542 4147 655 4191 omnes
678 4146 839 4210 peraeque
862 4129 985 4193 vocari:
1020 4138 1053 4192 et
1082 4149 1138 4193 ex·
1191 4126 1381 4193 fruitionem
1403 4125 1576 4193 deducunt.
1620 4126 1694 4191 Etsi
1712 4128 1800 4191 enim
1823 4133 1952 4210 poterat
1974 4128 2051 4193 olim
2070 4131 2162 4200 Deus

167 4214 326 4297 parientia
347 4235 458 4280 eorum
483 4213 644 4279 inscitiam
667 4212 828 4296 coarguit,
855 4214 909 4296 qui
932 4233 1139 4278 communem
1192 4233 1325 4278 manum
1348 4233 1366 4276 e
1388 4210 1476 4278 coele
1495 4212 1663 4296 porrigere
1686 4213 1790 4276 servis
1812 4215 1898 4296 suis,
1927 4214 2031 4279 voluit
2052 4227 2161 4284 tamen

168 4299 320 4365 omnibus
350 4301 420 4365 sine
450 4298 576 4366 delectu
605 4297 670 4362 Dei
700 4297 841 4383 gratiam
875 4319 946 4363 esse
979 4300 1139 4383 garriunt.
1191 4320 1250 4381 per
1279 4298 1361 4382 legis
1390 4298 1587 4375 doctrinam,
1622 4318 1679 4380 por
1709 4299 1868 4364 sacrificia
1897 4311 1930 4363 et
1958 4299 2039 4367 alies
2068 4305 2160 4381 ritus,

168 4384 277 4466 Quam
299 4386 387 4450 enim
408 4405 541 4451 eausam
564 4384 735 4468 imaginari
766 4381 843 4450 licet
872 4404 930 4450 eur
952 4383 1045 4450 Dens
1073 4406 1138 4450 non
1191 4392 1393 4466 externaque
1416 4386 1546 4467 pietatis
1568 4381 1721 4457 subsidia,
1745 4387 1863 4449 satiare
1885 4385 1996 4451 fideles
2019 4389 2161 4455 animes:

168 4491 281 4537 omnes
303 4471 427 4555 pariter
449 4469 491 4536 ad
513 4490 548 4534 se
570 4469 697 4548 invitet,
719 4468 783 4534 nisi
806 4469 883 4551 quia
904 4471 1048 4554 gratuita
1071 4471 1141 4536 eins
1193 4471 1287 4537 sicuti
1304 4469 1401 4534 hodie
1419 4490 1546 4553 quoque
1565 4489 1642 4554 erga
1663 4490 1721 4534 nes
1739 4471 1900 4538 similibus
1918 4471 2033 4537 mediis
2048 4475 2160 4540 utitur.

167 4559 282 4623 electio
305 4559 387 4624 alios
415 4558 456 4623 ab
486 4555 558 4621 aliis
587 4554 766 4621 discernit?
814 4555 915 4620 Fides
945 4557 1075 4637 quidem
1106 4566 1140 4621 et
1193 4558 1238 4623 Et
1260 4576 1443 4639 quanquam
1466 4557 1499 4620 iu
1522 4555 1588 4620 illis
1610 4556 1785 4622 subsistere
1812 4578 1876 4622 nen
1905 4560 2073 4640 convenit,
2105 4582 2162 4625 ne-

168 4644 330 4710 inrocatie
361 4642 471 4708 media
502 4652 595 4720 sunt,
630 4662 714 4723 quae
747 4642 839 4709 nobis
872 4642 1046 4707 concilient
1076 4643 1139 4707 Dei
1193 4642 1316 4728 gligere
1339 4656 1448 4707 tamen
1471 4642 1520 4706 fas
1542 4663 1606 4705 non
1628 4656 1687 4707 est.

169 4731 318 4814 gratiam,
339 4728 397 4795 sed
418 4729 492 4794 fens
514 4737 607 4792 extra
630 4748 688 4792 nos
709 4725 913 4809 quaerendus
940 4738 998 4792 est.
1043 4727 1138 4793 Beati
1277 4728 1306 4793 6.
1330 4726 1517 4813 (Terribilia
1547 4729 1732 4794 iniustitia
1766 4730 1988 4812 respondebis.)
2032 4732 2160 4797 Confir-

169 4816 301 4897 quidem
323 4835 436 4881 sumus
459 4817 491 4879 in
508 4812 616 4878 Deum
639 4813 811 4895 sperande,
834 4811 1052 4895 amplexando
1067 4813 1138 4879 eius
1191 4823 1261 4878 mat
1283 4815 1346 4879 alie
1367 4834 1487 4898 genere
1509 4814 1654 4894 dicendi,
1682 4837 1748 4879 non
1771 4816 1894 4881 frustra
1912 4839 1947 4881 se
1970 4816 2082 4882 beatos
2105 4840 2161 4883 ve-

169 4902 413 4983 promissiones:
436 4901 522 4966 beati
544 4899 679 4981 inquam
702 4920 816 4964 sumus
838 4898 893 4962 ubi
916 4897 1048 4964 Christe
1071 4920 1137 4964 me·
1191 4920 1292 4973 casse,
1315 4900 1433 4983 quibus
1451 4900 1540 4963 Dens
1564 4900 1721 4982 templum
1745 4922 1838 4964 suum
1859 4905 1994 4984 aperuit,
2017 4913 2055 4968 ut
2074 4904 2160 4969 dorni

170 4986 293 5051 diatore
324 4987 398 5051 freti
438 4987 615 5050 statuimus
652 4983 744 5048 illum
778 4984 870 5050 nobis
900 5005 971 5049 esse
1001 4999 1138 5066 patrem,
1164 5024 1166 5053 r
1192 4987 1261 5051 eius
1288 4999 1473 5069 pascantur.
1519 4985 1609 5050 Dicit
1642 4994 1749 5049 autem
1781 5006 2011 5068 responsurum
2042 4991 2160 5072 populo

170 5088 310 5155 votaque
333 5085 446 5138 nestra
467 5069 602 5135 adeum
631 5069 818 5154 dirigimus:
853 5070 909 5133 sed
942 5067 1029 5135 unde
1059 5069 1139 5136 fides
1163 5076 1166 5137 l
1192 5093 1251 5136 suo
1273 5072 1380 5136 Deum
1403 5074 1437 5136 in
1460 5072 1641 5148 miraculis,
1672 5070 1725 5134 vel
1747 5071 1849 5153 signis
1872 5074 2038 5141 terrificis:
2073 5099 2109 5142 ae
2132 5079 2160 5142 si

169 5170 202 5224 et
224 5159 395 5235 invocatio,
421 5157 481 5221 nisi
504 5156 581 5238 quia
603 5168 721 5220 natura
743 5155 866 5221 alienos
882 5157 988 5239 gratia
1003 5156 1138 5222 coniun-
1164 5154 1166 5194 '
1193 5157 1328 5223 diecret:
1358 5157 1502 5221 Domine
1525 5167 1558 5221 tu
1583 5178 1640 5222 nes
1663 5178 1791 5238 semper
1813 5157 1982 5237 exaudies,
2011 5169 2047 5226 ut
2071 5165 2162 5227 miri·

169 5244 243 5308 xit?
297 5243 392 5324 Quod
423 5263 500 5326 ergo
530 5243 622 5306 nobis
650 5262 783 5305 manum
814 5241 853 5306 ad
885 5241 1006 5306 inferos
1037 5263 1139 5325 nsque
1163 5266 1167 5305 l
1192 5245 1261 5310 ficis
1283 5243 1529 5307 liberationibus
1547 5245 1680 5325 perinde
1698 5245 1805 5309 virtus
1824 5256 1879 5307 toa
1897 5248 2039 5327 patefiat,
2061 5261 2160 5332 atque
