<?xml version="1.0" encoding="UTF-8"?>
<!DOCTYPE html PUBLIC "-//W3C//DTD XHTML 1.0 Transitional//EN"
    "http://www.w3.org/TR/xhtml1/DTD/xhtml1-transitional.dtd">
<html xmlns="http://www.w3.org/1999/xhtml" xml:lang="en" lang="en">
 <head>
  <title>
</title>
<meta http-equiv="Content-Type" content="text/html;charset=utf-8" />
  <meta name='ocr-system' content='tesseract 3.04.00' />
  <meta name='ocr-capabilities' content='ocr_page ocr_carea ocr_par ocr_line ocrx_word'/>
</head>
<body>
  <div class='ocr_page' id='page_1' title='image "./corpusreformato05melagoog_0285.png"; bbox 0 0 4658 5856; ppageno 0'>
   <div class='ocr_carea' id='block_1_1' title="bbox 158 353 2163 449">
    <p class='ocr_par' dir='ltr' id='par_1_1' title="bbox 158 353 2163 449">
     <span class='ocr_line' id='line_1_1' title="bbox 158 353 2163 449; baseline -0.002 -19"><span class='ocrx_word' id='word_1_1' title='bbox 158 364 222 432; x_wconf 82' lang='grc' dir='ltr'>ιιι</span> <span class='ocrx_word' id='word_1_2' title='bbox 984 353 1201 449; x_wconf 73' lang='lat' dir='ltr'>pascuus</span> <span class='ocrx_word' id='word_1_3' title='bbox 1225 356 1340 422; x_wconf 77' lang='grc' dir='ltr'>ιιι.</span> <span class='ocrx_word' id='word_1_4' title='bbox 2096 361 2163 426; x_wconf 78' lang='grc' dir='ltr'>ιιι</span> 
     </span>
    </p>
   </div>
   <div class='ocr_carea' id='block_1_2' title="bbox 160 543 2163 2937">
    <p class='ocr_par' dir='ltr' id='par_1_2' title="bbox 160 543 2163 2937">
     <span class='ocr_line' id='line_1_2' title="bbox 162 543 2161 633; baseline -0.002 -17"><span class='ocrx_word' id='word_1_5' title='bbox 162 552 191 616; x_wconf 92' lang='grc'>1.</span> <span class='ocrx_word' id='word_1_6' title='bbox 214 549 298 614; x_wconf 74' lang='lat' dir='ltr'>Tim.</span> <span class='ocrx_word' id='word_1_7' title='bbox 322 547 351 624; x_wconf 91' lang='grc'>6,</span> <span class='ocrx_word' id='word_1_8' title='bbox 376 547 417 611; x_wconf 88' lang='lat'>16</span> <span class='ocrx_word' id='word_1_9' title='bbox 439 567 535 611; x_wconf 90' lang='lat' dir='ltr'>nemo</span> <span class='ocrx_word' id='word_1_10' title='bbox 565 546 736 629; x_wconf 78' lang='lat' dir='ltr'>perveniet</span> <span class='ocrx_word' id='word_1_11' title='bbox 765 544 829 610; x_wconf 93' lang='lat' dir='ltr'>nisi</span> <span class='ocrx_word' id='word_1_12' title='bbox 858 543 921 609; x_wconf 92' lang='lat' dir='ltr'>fide</span> <span class='ocrx_word' id='word_1_13' title='bbox 952 543 1132 625; x_wconf 90' lang='lat' dir='ltr'>directrice,</span> <span class='ocrx_word' id='word_1_14' title='bbox 1185 543 1424 626; x_wconf 89' lang='lat' dir='ltr'>omnipotentia</span> <span class='ocrx_word' id='word_1_15' title='bbox 1453 553 1487 610; x_wconf 90' lang='lat' dir='ltr'>et</span> <span class='ocrx_word' id='word_1_16' title='bbox 1515 543 1670 612; x_wconf 88' lang='lat' dir='ltr'>bonitate.</span> <span class='ocrx_word' id='word_1_17' title='bbox 1724 546 1866 629; x_wconf 78' lang='lat' dir='ltr'>Quidam</span> <span class='ocrx_word' id='word_1_18' title='bbox 1899 549 2161 633; x_wconf 86' lang='lat' dir='ltr'>interpretantur</span> 
     </span>
     <span class='ocr_line' id='line_1_3' title="bbox 161 627 2158 718; baseline -0.002 -17"><span class='ocrx_word' id='word_1_19' title='bbox 161 634 326 718; x_wconf 78' lang='lat' dir='ltr'>Propheta</span> <span class='ocrx_word' id='word_1_20' title='bbox 347 631 485 698; x_wconf 90' lang='lat' dir='ltr'>verbum</span> <span class='ocrx_word' id='word_1_21' title='bbox 508 632 602 698; x_wconf 87' lang='lat' dir='ltr'>nobis</span> <span class='ocrx_word' id='word_1_22' title='bbox 623 631 865 714; x_wconf 75' lang='lat' dir='ltr'>proponitque</span> <span class='ocrx_word' id='word_1_23' title='bbox 888 627 1133 695; x_wconf 87' lang='lat' dir='ltr'>testaturDcus</span> <span class='ocrx_word' id='word_1_24' title='bbox 1185 627 1386 714; x_wconf 84' lang='lat' dir='ltr'>instructum</span> <span class='ocrx_word' id='word_1_25' title='bbox 1410 651 1482 696; x_wconf 87' lang='lat' dir='ltr'>osse</span> <span class='ocrx_word' id='word_1_26' title='bbox 1504 630 1613 696; x_wconf 91' lang='lat' dir='ltr'>Deum</span> <span class='ocrx_word' id='word_1_27' title='bbox 1635 634 1782 714; x_wconf 88' lang='lat' dir='ltr'>potentia</span> <span class='ocrx_word' id='word_1_28' title='bbox 1796 633 1837 698; x_wconf 90' lang='lat' dir='ltr'>ad</span> <span class='ocrx_word' id='word_1_29' title='bbox 1852 634 2014 701; x_wconf 89' lang='lat' dir='ltr'>iuvandos</span> <span class='ocrx_word' id='word_1_30' title='bbox 2031 633 2158 700; x_wconf 88' lang='lat' dir='ltr'>fideles:</span> 
     </span>
     <span class='ocr_line' id='line_1_4' title="bbox 160 713 2159 802; baseline 0 -17"><span class='ocrx_word' id='word_1_31' title='bbox 160 719 321 786; x_wconf 91' lang='lat' dir='ltr'>mundum</span> <span class='ocrx_word' id='word_1_32' title='bbox 343 739 379 785; x_wconf 88' lang='grc' dir='ltr'>ιι</span> <span class='ocrx_word' id='word_1_33' title='bbox 400 738 514 802; x_wconf 88' lang='lat' dir='ltr'>regere</span> <span class='ocrx_word' id='word_1_34' title='bbox 536 719 622 782; x_wconf 91' lang='lat' dir='ltr'>iusto</span> <span class='ocrx_word' id='word_1_35' title='bbox 643 717 791 798; x_wconf 85' lang='lat' dir='ltr'>imperio.</span> <span class='ocrx_word' id='word_1_36' title='bbox 835 715 880 780; x_wconf 88' lang='lat' dir='ltr'>Et</span> <span class='ocrx_word' id='word_1_37' title='bbox 902 713 977 796; x_wconf 90' lang='lat' dir='ltr'>quia</span> <span class='ocrx_word' id='word_1_38' title='bbox 999 734 1134 796; x_wconf 91' lang='lat' dir='ltr'>magno·</span> <span class='ocrx_word' id='word_1_39' title='bbox 1185 714 1347 798; x_wconf 88' lang='lat' dir='ltr'>simulque</span> <span class='ocrx_word' id='word_1_40' title='bbox 1376 737 1435 783; x_wconf 93' lang='lat' dir='ltr'>sua</span> <span class='ocrx_word' id='word_1_41' title='bbox 1464 715 1639 783; x_wconf 89' lang='lat' dir='ltr'>clementia</span> <span class='ocrx_word' id='word_1_42' title='bbox 1668 716 1787 784; x_wconf 88' lang='lat' dir='ltr'>adduci</span> <span class='ocrx_word' id='word_1_43' title='bbox 1815 727 1855 783; x_wconf 91' lang='lat' dir='ltr'>ut</span> <span class='ocrx_word' id='word_1_44' title='bbox 1883 720 1972 785; x_wconf 83' lang='lat' dir='ltr'>velit</span> <span class='ocrx_word' id='word_1_45' title='bbox 2024 720 2159 785; x_wconf 87' lang='lat' dir='ltr'>Rectius</span> 
     </span>
     <span class='ocr_line' id='line_1_5' title="bbox 161 798 2159 891; baseline -0.001 -19"><span class='ocrx_word' id='word_1_46' title='bbox 161 826 238 891; x_wconf 90' lang='lat' dir='ltr'>pere</span> <span class='ocrx_word' id='word_1_47' title='bbox 259 805 397 870; x_wconf 88' lang='lat' dir='ltr'>interest</span> <span class='ocrx_word' id='word_1_48' title='bbox 418 823 477 869; x_wconf 90' lang='lat' dir='ltr'>nos</span> <span class='ocrx_word' id='word_1_49' title='bbox 499 803 533 865; x_wconf 93' lang='lat' dir='ltr'>iu</span> <span class='ocrx_word' id='word_1_50' title='bbox 555 803 647 872; x_wconf 89' lang='lat' dir='ltr'>verbi</span> <span class='ocrx_word' id='word_1_51' title='bbox 670 802 734 866; x_wconf 87' lang='lat' dir='ltr'>fide</span> <span class='ocrx_word' id='word_1_52' title='bbox 757 800 919 877; x_wconf 88' lang='lat' dir='ltr'>stabilire,</span> <span class='ocrx_word' id='word_1_53' title='bbox 942 800 1013 865; x_wconf 88' lang='lat' dir='ltr'>eius</span> <span class='ocrx_word' id='word_1_54' title='bbox 1035 798 1133 865; x_wconf 93' lang='lat' dir='ltr'>certi-</span> <span class='ocrx_word' id='word_1_55' title='bbox 1185 809 1314 878; x_wconf 90' lang='lat' dir='ltr'>tamen,</span> <span class='ocrx_word' id='word_1_56' title='bbox 1342 820 1415 866; x_wconf 92' lang='lat' dir='ltr'>meo</span> <span class='ocrx_word' id='word_1_57' title='bbox 1444 801 1582 882; x_wconf 91' lang='lat' dir='ltr'>iudicio,</span> <span class='ocrx_word' id='word_1_58' title='bbox 1612 803 1669 867; x_wconf 92' lang='lat' dir='ltr'>alii</span> <span class='ocrx_word' id='word_1_59' title='bbox 1696 802 1919 887; x_wconf 89' lang='lat' dir='ltr'>distinguunt,</span> <span class='ocrx_word' id='word_1_60' title='bbox 1958 805 2059 871; x_wconf 83' lang='lat' dir='ltr'>robur</span> <span class='ocrx_word' id='word_1_61' title='bbox 2088 825 2159 870; x_wconf 89' lang='lat' dir='ltr'>esse</span> 
     </span>
     <span class='ocr_line' id='line_1_6' title="bbox 161 883 2158 974; baseline -0.002 -17"><span class='ocrx_word' id='word_1_62' title='bbox 161 890 310 957; x_wconf 82' lang='lat' dir='ltr'>tudinem</span> <span class='ocrx_word' id='word_1_63' title='bbox 343 887 560 955; x_wconf 77' lang='lat' dir='ltr'>commendat.</span> <span class='ocrx_word' id='word_1_64' title='bbox 617 886 815 969; x_wconf 78' lang='lat' dir='ltr'>Quanquam</span> <span class='ocrx_word' id='word_1_65' title='bbox 856 897 967 951; x_wconf 91' lang='lat' dir='ltr'>autem</span> <span class='ocrx_word' id='word_1_66' title='bbox 1007 883 1133 949; x_wconf 91' lang='lat' dir='ltr'>duobus</span> <span class='ocrx_word' id='word_1_67' title='bbox 1184 884 1257 949; x_wconf 88' lang='lat' dir='ltr'>Deo</span> <span class='ocrx_word' id='word_1_68' title='bbox 1280 885 1322 950; x_wconf 92' lang='lat' dir='ltr'>ad</span> <span class='ocrx_word' id='word_1_69' title='bbox 1343 886 1536 952; x_wconf 87' lang='lat' dir='ltr'>coercendos</span> <span class='ocrx_word' id='word_1_70' title='bbox 1558 887 1686 971; x_wconf 88' lang='lat' dir='ltr'>impios,</span> <span class='ocrx_word' id='word_1_71' title='bbox 1709 891 1919 972; x_wconf 89' lang='lat' dir='ltr'>quantumvis</span> <span class='ocrx_word' id='word_1_72' title='bbox 1941 891 2079 974; x_wconf 80' lang='lat' dir='ltr'>superbe</span> <span class='ocrx_word' id='word_1_73' title='bbox 2100 912 2158 955; x_wconf 82' lang='lat' dir='ltr'>ex·</span> 
     </span>
     <span class='ocr_line' id='line_1_7' title="bbox 162 969 2160 1060; baseline -0.001 -18"><span class='ocrx_word' id='word_1_74' title='bbox 162 976 267 1043; x_wconf 90' lang='lat' dir='ltr'>modis</span> <span class='ocrx_word' id='word_1_75' title='bbox 284 975 416 1042; x_wconf 88' lang='lat' dir='ltr'>contexi</span> <span class='ocrx_word' id='word_1_76' title='bbox 433 982 570 1056; x_wconf 87' lang='lat' dir='ltr'>possunt</span> <span class='ocrx_word' id='word_1_77' title='bbox 588 973 704 1055; x_wconf 85' lang='lat' dir='ltr'>verba,¹</span> <span class='ocrx_word' id='word_1_78' title='bbox 719 972 795 1037; x_wconf 90' lang='lat' dir='ltr'>finis</span> <span class='ocrx_word' id='word_1_79' title='bbox 815 983 925 1035; x_wconf 88' lang='lat' dir='ltr'>tamen</span> <span class='ocrx_word' id='word_1_80' title='bbox 943 979 1002 1045; x_wconf 89' lang='lat' dir='ltr'>est,</span> <span class='ocrx_word' id='word_1_81' title='bbox 1025 969 1133 1034; x_wconf 91' lang='lat' dir='ltr'>Deum</span> <span class='ocrx_word' id='word_1_82' title='bbox 1184 970 1317 1048; x_wconf 84' lang='lat' dir='ltr'>saltent,</span> <span class='ocrx_word' id='word_1_83' title='bbox 1340 973 1407 1036; x_wconf 90' lang='lat' dir='ltr'>imo</span> <span class='ocrx_word' id='word_1_84' title='bbox 1429 973 1508 1038; x_wconf 87' lang='lat' dir='ltr'>satis</span> <span class='ocrx_word' id='word_1_85' title='bbox 1525 973 1696 1039; x_wconf 88' lang='lat' dir='ltr'>robustum</span> <span class='ocrx_word' id='word_1_86' title='bbox 1717 995 1788 1040; x_wconf 88' lang='lat' dir='ltr'>esse</span> <span class='ocrx_word' id='word_1_87' title='bbox 1809 975 1851 1039; x_wconf 92' lang='lat' dir='ltr'>ad</span> <span class='ocrx_word' id='word_1_88' title='bbox 1872 975 2086 1060; x_wconf 81' lang='lat' dir='ltr'>frangendam</span> <span class='ocrx_word' id='word_1_89' title='bbox 2104 996 2160 1041; x_wconf 91' lang='lat' dir='ltr'>eo·</span> 
     </span>
     <span class='ocr_line' id='line_1_8' title="bbox 161 1056 2158 1145; baseline -0.001 -18"><span class='ocrx_word' id='word_1_90' title='bbox 161 1061 224 1128; x_wconf 90' lang='lat' dir='ltr'>sihi</span> <span class='ocrx_word' id='word_1_91' title='bbox 248 1059 346 1145; x_wconf 89' lang='lat' dir='ltr'>probe</span> <span class='ocrx_word' id='word_1_92' title='bbox 368 1068 528 1135; x_wconf 88' lang='lat' dir='ltr'>constare,</span> <span class='ocrx_word' id='word_1_93' title='bbox 551 1068 588 1123; x_wconf 91' lang='grc' dir='ltr'>ιι</span> <span class='ocrx_word' id='word_1_94' title='bbox 609 1059 745 1124; x_wconf 91' lang='lat' dir='ltr'>minime</span> <span class='ocrx_word' id='word_1_95' title='bbox 769 1056 912 1121; x_wconf 88' lang='lat' dir='ltr'>timenda</span> <span class='ocrx_word' id='word_1_96' title='bbox 933 1057 977 1122; x_wconf 87' lang='lat' dir='ltr'>sit</span> <span class='ocrx_word' id='word_1_97' title='bbox 994 1056 1132 1121; x_wconf 90' lang='lat' dir='ltr'>mutatio</span> <span class='ocrx_word' id='word_1_98' title='bbox 1186 1077 1260 1120; x_wconf 88' lang='lat' dir='ltr'>rum</span> <span class='ocrx_word' id='word_1_99' title='bbox 1290 1056 1461 1121; x_wconf 89' lang='lat' dir='ltr'>duritiem:</span> <span class='ocrx_word' id='word_1_100' title='bbox 1501 1078 1577 1124; x_wconf 92' lang='lat' dir='ltr'>suos</span> <span class='ocrx_word' id='word_1_101' title='bbox 1606 1070 1716 1124; x_wconf 90' lang='lat' dir='ltr'>antem</span> <span class='ocrx_word' id='word_1_102' title='bbox 1745 1060 1857 1125; x_wconf 87' lang='lat' dir='ltr'>fovere</span> <span class='ocrx_word' id='word_1_103' title='bbox 1885 1071 1919 1127; x_wconf 91' lang='lat' dir='ltr'>et</span> <span class='ocrx_word' id='word_1_104' title='bbox 1948 1063 2052 1144; x_wconf 89' lang='lat' dir='ltr'>tueri,</span> <span class='ocrx_word' id='word_1_105' title='bbox 2081 1062 2158 1144; x_wconf 91' lang='lat' dir='ltr'>quia</span> 
     </span>
     <span class='ocr_line' id='line_1_9' title="bbox 162 1139 2156 1232; baseline -0.001 -19"><span class='ocrx_word' id='word_1_106' title='bbox 162 1168 264 1232; x_wconf 93' lang='lat' dir='ltr'>quum</span> <span class='ocrx_word' id='word_1_107' title='bbox 285 1165 469 1212; x_wconf 91' lang='lat' dir='ltr'>sermonem</span> <span class='ocrx_word' id='word_1_108' title='bbox 491 1143 637 1227; x_wconf 90' lang='lat' dir='ltr'>protulit.</span> <span class='ocrx_word' id='word_1_109' title='bbox 682 1143 782 1209; x_wconf 89' lang='lat' dir='ltr'>Multi</span> <span class='ocrx_word' id='word_1_110' title='bbox 805 1145 851 1206; x_wconf 95' lang='grc' dir='ltr'>ιιι</span> <span class='ocrx_word' id='word_1_111' title='bbox 873 1141 998 1225; x_wconf 87' lang='lat' dir='ltr'>legunt,</span> <span class='ocrx_word' id='word_1_112' title='bbox 1022 1139 1133 1207; x_wconf 85' lang='lat' dir='ltr'>Semel</span> <span class='ocrx_word' id='word_1_113' title='bbox 1185 1162 1355 1224; x_wconf 89' lang='lat' dir='ltr'>uunquam</span> <span class='ocrx_word' id='word_1_114' title='bbox 1377 1142 1570 1208; x_wconf 89' lang='lat' dir='ltr'>elementiae</span> <span class='ocrx_word' id='word_1_115' title='bbox 1599 1154 1732 1209; x_wconf 87' lang='lat' dir='ltr'>suaset</span> <span class='ocrx_word' id='word_1_116' title='bbox 1760 1145 1915 1211; x_wconf 87' lang='lat' dir='ltr'>bonitatis</span> <span class='ocrx_word' id='word_1_117' title='bbox 1944 1146 2156 1213; x_wconf 72' lang='lat' dir='ltr'>obliviscitur.</span> 
     </span>
     <span class='ocr_line' id='line_1_10' title="bbox 162 1225 2157 1314; baseline -0.001 -17"><span class='ocrx_word' id='word_1_118' title='bbox 162 1254 201 1300; x_wconf 94' lang='lat' dir='ltr'>ac</span> <span class='ocrx_word' id='word_1_119' title='bbox 223 1233 282 1312; x_wconf 87' lang='lat' dir='ltr'>bia,</span> <span class='ocrx_word' id='word_1_120' title='bbox 303 1229 356 1296; x_wconf 85' lang='lat' dir='ltr'>vel</span> <span class='ocrx_word' id='word_1_121' title='bbox 377 1229 480 1295; x_wconf 89' lang='lat' dir='ltr'>altera</span> <span class='ocrx_word' id='word_1_122' title='bbox 502 1229 573 1295; x_wconf 88' lang='lat' dir='ltr'>vice</span> <span class='ocrx_word' id='word_1_123' title='bbox 594 1230 765 1312; x_wconf 92' lang='lat' dir='ltr'>loquutum</span> <span class='ocrx_word' id='word_1_124' title='bbox 787 1249 858 1293; x_wconf 90' lang='lat' dir='ltr'>esse</span> <span class='ocrx_word' id='word_1_125' title='bbox 875 1228 1004 1293; x_wconf 88' lang='lat' dir='ltr'>Deum:</span> <span class='ocrx_word' id='word_1_126' title='bbox 1024 1236 1061 1290; x_wconf 92' lang='lat' dir='ltr'>ut</span> <span class='ocrx_word' id='word_1_127' title='bbox 1082 1247 1133 1290; x_wconf 92' lang='lat' dir='ltr'>re·</span> <span class='ocrx_word' id='word_1_128' title='bbox 1186 1225 1344 1310; x_wconf 79' lang='lat' dir='ltr'>Quisquis</span> <span class='ocrx_word' id='word_1_129' title='bbox 1365 1238 1476 1293; x_wconf 91' lang='lat' dir='ltr'>autem</span> <span class='ocrx_word' id='word_1_130' title='bbox 1498 1227 1539 1292; x_wconf 90' lang='lat' dir='ltr'>ad</span> <span class='ocrx_word' id='word_1_131' title='bbox 1561 1228 1648 1297; x_wconf 91' lang='lat' dir='ltr'>hanc</span> <span class='ocrx_word' id='word_1_132' title='bbox 1669 1228 1732 1294; x_wconf 89' lang='lat' dir='ltr'>Dei</span> <span class='ocrx_word' id='word_1_133' title='bbox 1762 1232 1941 1314; x_wconf 89' lang='lat' dir='ltr'>potentiam</span> <span class='ocrx_word' id='word_1_134' title='bbox 1966 1240 2000 1298; x_wconf 92' lang='lat' dir='ltr'>et</span> <span class='ocrx_word' id='word_1_135' title='bbox 2030 1232 2157 1297; x_wconf 91' lang='lat' dir='ltr'>bonita-</span> 
     </span>
     <span class='ocr_line' id='line_1_11' title="bbox 162 1312 2158 1404; baseline -0.001 -21"><span class='ocrx_word' id='word_1_136' title='bbox 162 1319 286 1404; x_wconf 89' lang='lat' dir='ltr'>petitus</span> <span class='ocrx_word' id='word_1_137' title='bbox 326 1335 433 1381; x_wconf 89' lang='lat' dir='ltr'>sermo</span> <span class='ocrx_word' id='word_1_138' title='bbox 471 1313 512 1379; x_wconf 93' lang='lat' dir='ltr'>ad</span> <span class='ocrx_word' id='word_1_139' title='bbox 551 1315 832 1381; x_wconf 89' lang='lat' dir='ltr'>confirmationem</span> <span class='ocrx_word' id='word_1_140' title='bbox 870 1314 993 1378; x_wconf 87' lang='lat' dir='ltr'>valeat:</span> <span class='ocrx_word' id='word_1_141' title='bbox 1035 1332 1073 1377; x_wconf 93' lang='lat' dir='ltr'>ac</span> <span class='ocrx_word' id='word_1_142' title='bbox 1106 1312 1134 1377; x_wconf 89' lang='lat' dir='ltr'>si</span> <span class='ocrx_word' id='word_1_143' title='bbox 1185 1321 1262 1390; x_wconf 89' lang='lat' dir='ltr'>tem,</span> <span class='ocrx_word' id='word_1_144' title='bbox 1285 1334 1365 1396; x_wconf 90' lang='lat' dir='ltr'>quas</span> <span class='ocrx_word' id='word_1_145' title='bbox 1387 1333 1407 1377; x_wconf 91' lang='lat' dir='ltr'>a</span> <span class='ocrx_word' id='word_1_146' title='bbox 1427 1312 1500 1379; x_wconf 89' lang='lat' dir='ltr'>Deo</span> <span class='ocrx_word' id='word_1_147' title='bbox 1521 1334 1674 1399; x_wconf 87' lang='lat' dir='ltr'>separare</span> <span class='ocrx_word' id='word_1_148' title='bbox 1696 1316 1744 1380; x_wconf 88' lang='grc' dir='ltr'>ιιι</span> <span class='ocrx_word' id='word_1_149' title='bbox 1767 1337 1834 1382; x_wconf 90' lang='grc' dir='ltr'>ιιι</span> <span class='ocrx_word' id='word_1_150' title='bbox 1855 1329 1921 1396; x_wconf 87' lang='grc' dir='ltr'>ιιι,</span> <span class='ocrx_word' id='word_1_151' title='bbox 1944 1338 2060 1383; x_wconf 88' lang='grc' dir='ltr'>ιιιιιι</span> <span class='ocrx_word' id='word_1_152' title='bbox 2082 1338 2158 1382; x_wconf 87' lang='lat' dir='ltr'>suos</span> 
     </span>
     <span class='ocr_line' id='line_1_12' title="bbox 164 1398 2161 1485; baseline -0.002 -15"><span class='ocrx_word' id='word_1_153' title='bbox 164 1404 315 1480; x_wconf 82' lang='lat' dir='ltr'>dixisset,</span> <span class='ocrx_word' id='word_1_154' title='bbox 339 1399 448 1467; x_wconf 88' lang='lat' dir='ltr'>Deum</span> <span class='ocrx_word' id='word_1_155' title='bbox 471 1400 559 1466; x_wconf 89' lang='lat' dir='ltr'>clara</span> <span class='ocrx_word' id='word_1_156' title='bbox 580 1422 675 1466; x_wconf 90' lang='lat' dir='ltr'>suam</span> <span class='ocrx_word' id='word_1_157' title='bbox 697 1400 876 1482; x_wconf 89' lang='lat' dir='ltr'>potentiam</span> <span class='ocrx_word' id='word_1_158' title='bbox 898 1411 931 1464; x_wconf 90' lang='lat' dir='ltr'>et</span> <span class='ocrx_word' id='word_1_159' title='bbox 952 1398 1134 1463; x_wconf 90' lang='lat' dir='ltr'>bonitatem</span> <span class='ocrx_word' id='word_1_160' title='bbox 1185 1398 1316 1481; x_wconf 85' lang='lat' dir='ltr'>referet,</span> <span class='ocrx_word' id='word_1_161' title='bbox 1339 1400 1425 1464; x_wconf 91' lang='lat' dir='ltr'>inter</span> <span class='ocrx_word' id='word_1_162' title='bbox 1446 1399 1656 1466; x_wconf 88' lang='lat' dir='ltr'>saevissimas</span> <span class='ocrx_word' id='word_1_163' title='bbox 1678 1421 1822 1485; x_wconf 87' lang='lat' dir='ltr'>quasque</span> <span class='ocrx_word' id='word_1_164' title='bbox 1840 1403 2030 1468; x_wconf 86' lang='lat' dir='ltr'>iactationee</span> <span class='ocrx_word' id='word_1_165' title='bbox 2051 1415 2161 1469; x_wconf 89' lang='lat' dir='ltr'>rectus</span> 
     </span>
     <span class='ocr_line' id='line_1_13' title="bbox 162 1483 2161 1569; baseline -0.002 -13"><span class='ocrx_word' id='word_1_166' title='bbox 162 1488 263 1556; x_wconf 86' lang='lat' dir='ltr'>semel</span> <span class='ocrx_word' id='word_1_167' title='bbox 285 1499 382 1569; x_wconf 88' lang='lat' dir='ltr'>atque</span> <span class='ocrx_word' id='word_1_168' title='bbox 403 1487 523 1552; x_wconf 88' lang='lat' dir='ltr'>iterum</span> <span class='ocrx_word' id='word_1_169' title='bbox 543 1487 732 1559; x_wconf 85' lang='lat' dir='ltr'>asseruisse,</span> <span class='ocrx_word' id='word_1_170' title='bbox 755 1498 792 1551; x_wconf 88' lang='lat' dir='ltr'>ut</span> <span class='ocrx_word' id='word_1_171' title='bbox 814 1486 878 1548; x_wconf 90' lang='lat' dir='ltr'>iam</span> <span class='ocrx_word' id='word_1_172' title='bbox 901 1483 1065 1565; x_wconf 76' lang='lat' dir='ltr'>ambigere</span> <span class='ocrx_word' id='word_1_173' title='bbox 1086 1484 1134 1547; x_wconf 92' lang='grc' dir='ltr'>ιιι</span> <span class='ocrx_word' id='word_1_174' title='bbox 1186 1494 1221 1549; x_wconf 92' lang='grc' dir='ltr'>ιι</span> <span class='ocrx_word' id='word_1_175' title='bbox 1243 1484 1373 1565; x_wconf 89' lang='lat' dir='ltr'>quietus</span> <span class='ocrx_word' id='word_1_176' title='bbox 1403 1485 1512 1551; x_wconf 87' lang='lat' dir='ltr'>stabit.</span> <span class='ocrx_word' id='word_1_177' title='bbox 1556 1485 1622 1552; x_wconf 88' lang='lat' dir='ltr'>Ubi</span> <span class='ocrx_word' id='word_1_178' title='bbox 1651 1498 1759 1552; x_wconf 86' lang='lat' dir='ltr'>autem</span> <span class='ocrx_word' id='word_1_179' title='bbox 1782 1487 1891 1552; x_wconf 91' lang='lat' dir='ltr'>Deum</span> <span class='ocrx_word' id='word_1_180' title='bbox 1918 1488 2072 1553; x_wconf 82' lang='lat' dir='ltr'>exuimus</span> <span class='ocrx_word' id='word_1_181' title='bbox 2099 1509 2161 1554; x_wconf 91' lang='lat' dir='ltr'>sna</span> 
     </span>
     <span class='ocr_line' id='line_1_14' title="bbox 163 1568 2159 1654; baseline -0.001 -15"><span class='ocrx_word' id='word_1_182' title='bbox 163 1572 302 1641; x_wconf 87' lang='lat' dir='ltr'>nonsit</span> <span class='ocrx_word' id='word_1_183' title='bbox 347 1570 729 1651; x_wconf 78' lang='lat' dir='ltr'>Etlocuslob.33,14</span> <span class='ocrx_word' id='word_1_184' title='bbox 753 1590 819 1635; x_wconf 94' lang='lat' dir='ltr'>non</span> <span class='ocrx_word' id='word_1_185' title='bbox 842 1569 983 1635; x_wconf 91' lang='lat' dir='ltr'>multum</span> <span class='ocrx_word' id='word_1_186' title='bbox 1007 1568 1135 1634; x_wconf 90' lang='lat' dir='ltr'>videtur</span> <span class='ocrx_word' id='word_1_187' title='bbox 1187 1571 1320 1649; x_wconf 87' lang='lat' dir='ltr'>virtute,</span> <span class='ocrx_word' id='word_1_188' title='bbox 1342 1581 1380 1634; x_wconf 91' lang='lat' dir='ltr'>ut</span> <span class='ocrx_word' id='word_1_189' title='bbox 1402 1570 1501 1654; x_wconf 89' lang='lat' dir='ltr'>vulgo</span> <span class='ocrx_word' id='word_1_190' title='bbox 1517 1571 1589 1636; x_wconf 89' lang='lat' dir='ltr'>fieri</span> <span class='ocrx_word' id='word_1_191' title='bbox 1605 1570 1697 1647; x_wconf 88' lang='lat' dir='ltr'>solet,</span> <span class='ocrx_word' id='word_1_192' title='bbox 1720 1592 1859 1654; x_wconf 88' lang='lat' dir='ltr'>aequum</span> <span class='ocrx_word' id='word_1_193' title='bbox 1876 1584 1926 1638; x_wconf 89' lang='grc' dir='ltr'>ιιι</span> <span class='ocrx_word' id='word_1_194' title='bbox 1941 1595 2000 1639; x_wconf 90' lang='grc' dir='ltr'>ιιι</span> <span class='ocrx_word' id='word_1_195' title='bbox 2014 1574 2159 1639; x_wconf 89' lang='lat' dir='ltr'>vicissim</span> 
     </span>
     <span class='ocr_line' id='line_1_15' title="bbox 162 1654 2162 1741; baseline -0.002 -16"><span class='ocrx_word' id='word_1_196' title='bbox 162 1658 337 1734; x_wconf 90' lang='lat' dir='ltr'>absimilis,</span> <span class='ocrx_word' id='word_1_197' title='bbox 360 1656 445 1740; x_wconf 90' lang='lat' dir='ltr'>quod</span> <span class='ocrx_word' id='word_1_198' title='bbox 467 1655 560 1724; x_wconf 89' lang='lat' dir='ltr'>Deus</span> <span class='ocrx_word' id='word_1_199' title='bbox 577 1655 679 1724; x_wconf 88' lang='lat' dir='ltr'>semel</span> <span class='ocrx_word' id='word_1_200' title='bbox 700 1666 733 1723; x_wconf 90' lang='lat' dir='ltr'>ct</span> <span class='ocrx_word' id='word_1_201' title='bbox 754 1656 858 1722; x_wconf 90' lang='lat' dir='ltr'>altera</span> <span class='ocrx_word' id='word_1_202' title='bbox 881 1657 951 1722; x_wconf 89' lang='lat' dir='ltr'>vice</span> <span class='ocrx_word' id='word_1_203' title='bbox 972 1654 1135 1737; x_wconf 89' lang='lat' dir='ltr'>loquatur,</span> <span class='ocrx_word' id='word_1_204' title='bbox 1187 1655 1347 1739; x_wconf 86' lang='lat' dir='ltr'>praesidio</span> <span class='ocrx_word' id='word_1_205' title='bbox 1382 1658 1443 1720; x_wconf 90' lang='lat' dir='ltr'>isto</span> <span class='ocrx_word' id='word_1_206' title='bbox 1473 1656 1592 1722; x_wconf 90' lang='lat' dir='ltr'>nudari</span> <span class='ocrx_word' id='word_1_207' title='bbox 1624 1656 1708 1740; x_wconf 90' lang='lat' dir='ltr'>quod</span> <span class='ocrx_word' id='word_1_208' title='bbox 1740 1656 1782 1722; x_wconf 91' lang='lat' dir='ltr'>ad</span> <span class='ocrx_word' id='word_1_209' title='bbox 1810 1657 2017 1741; x_wconf 88' lang='lat' dir='ltr'>repellendas</span> <span class='ocrx_word' id='word_1_210' title='bbox 2045 1679 2162 1723; x_wconf 91' lang='lat' dir='ltr'>omnes</span> 
     </span>
     <span class='ocr_line' id='line_1_16' title="bbox 165 1741 2161 1824; baseline -0.003 -11"><span class='ocrx_word' id='word_1_211' title='bbox 165 1745 278 1813; x_wconf 87' lang='lat' dir='ltr'>eadem</span> <span class='ocrx_word' id='word_1_212' title='bbox 302 1743 389 1807; x_wconf 92' lang='lat' dir='ltr'>enim</span> <span class='ocrx_word' id='word_1_213' title='bbox 412 1750 492 1807; x_wconf 89' lang='lat' dir='ltr'>sunt</span> <span class='ocrx_word' id='word_1_214' title='bbox 513 1744 615 1809; x_wconf 86' lang='lat' dir='ltr'>verba</span> <span class='ocrx_word' id='word_1_215' title='bbox 636 1743 698 1808; x_wconf 92' lang='lat' dir='ltr'>nisi</span> <span class='ocrx_word' id='word_1_216' title='bbox 721 1743 804 1824; x_wconf 92' lang='lat' dir='ltr'>quod</span> <span class='ocrx_word' id='word_1_217' title='bbox 823 1742 938 1824; x_wconf 90' lang='lat' dir='ltr'>copula</span> <span class='ocrx_word' id='word_1_218' title='bbox 955 1741 1134 1823; x_wconf 89' lang='lat' dir='ltr'>interponi·</span> <span class='ocrx_word' id='word_1_219' title='bbox 1187 1742 1387 1807; x_wconf 86' lang='lat' dir='ltr'>tentationes</span> <span class='ocrx_word' id='word_1_220' title='bbox 1409 1742 1581 1808; x_wconf 85' lang='lat' dir='ltr'>sufficeret.</span> <span class='ocrx_word' id='word_1_221' title='bbox 1616 1743 1702 1822; x_wconf 81' lang='lat' dir='ltr'>Quia</span> <span class='ocrx_word' id='word_1_222' title='bbox 1724 1743 1868 1808; x_wconf 88' lang='lat' dir='ltr'>mundus</span> <span class='ocrx_word' id='word_1_223' title='bbox 1890 1745 2028 1810; x_wconf 92' lang='lat' dir='ltr'>otiosum</span> <span class='ocrx_word' id='word_1_224' title='bbox 2051 1743 2161 1809; x_wconf 90' lang='lat' dir='ltr'>Deum</span> 
     </span>
     <span class='ocr_line' id='line_1_17' title="bbox 163 1824 2163 1912; baseline -0.002 -15"><span class='ocrx_word' id='word_1_225' title='bbox 163 1842 226 1898; x_wconf 90' lang='lat' dir='ltr'>tur.</span> <span class='ocrx_word' id='word_1_226' title='bbox 261 1828 299 1895; x_wconf 83' lang='lat' dir='ltr'>si</span> <span class='ocrx_word' id='word_1_227' title='bbox 314 1828 368 1893; x_wconf 91' lang='lat' dir='ltr'>cui</span> <span class='ocrx_word' id='word_1_228' title='bbox 381 1847 415 1892; x_wconf 92' lang='lat' dir='ltr'>m</span> <span class='ocrx_word' id='word_1_229' title='bbox 462 1829 487 1893; x_wconf 88' lang='lat' dir='ltr'>&#39;s</span> <span class='ocrx_word' id='word_1_230' title='bbox 505 1828 695 1896; x_wconf 90' lang='lat' dir='ltr'>adlubesoat</span> <span class='ocrx_word' id='word_1_231' title='bbox 711 1827 814 1893; x_wconf 88' lang='lat' dir='ltr'>altera</span> <span class='ocrx_word' id='word_1_232' title='bbox 832 1827 1007 1901; x_wconf 87' lang='lat' dir='ltr'>distinctio,</span> <span class='ocrx_word' id='word_1_233' title='bbox 1024 1824 1134 1891; x_wconf 82' lang='lat' dir='ltr'>Semel</span> <span class='ocrx_word' id='word_1_234' title='bbox 1187 1828 1395 1910; x_wconf 81' lang='lat' dir='ltr'>imaginatur,</span> <span class='ocrx_word' id='word_1_235' title='bbox 1417 1826 1578 1909; x_wconf 89' lang='lat' dir='ltr'>quomodo</span> <span class='ocrx_word' id='word_1_236' title='bbox 1601 1850 1667 1893; x_wconf 93' lang='lat' dir='ltr'>non</span> <span class='ocrx_word' id='word_1_237' title='bbox 1689 1827 1730 1893; x_wconf 89' lang='lat' dir='ltr'>ad</span> <span class='ocrx_word' id='word_1_238' title='bbox 1751 1829 1904 1895; x_wconf 90' lang='lat' dir='ltr'>minimos</span> <span class='ocrx_word' id='word_1_239' title='bbox 1927 1849 2073 1912; x_wconf 87' lang='lat' dir='ltr'>quosque</span> <span class='ocrx_word' id='word_1_240' title='bbox 2095 1851 2163 1894; x_wconf 93' lang='lat' dir='ltr'>mo-</span> 
     </span>
     <span class='ocr_line' id='line_1_18' title="bbox 164 1911 2162 1999; baseline -0.002 -17"><span class='ocrx_word' id='word_1_241' title='bbox 164 1918 320 1999; x_wconf 89' lang='lat' dir='ltr'>loquutus</span> <span class='ocrx_word' id='word_1_242' title='bbox 354 1925 405 1979; x_wconf 88' lang='lat' dir='ltr'>est</span> <span class='ocrx_word' id='word_1_243' title='bbox 471 1935 547 1992; x_wconf 89' lang='lat' dir='ltr'>eus,</span> <span class='ocrx_word' id='word_1_244' title='bbox 579 1915 642 1979; x_wconf 91' lang='lat' dir='ltr'>hoc</span> <span class='ocrx_word' id='word_1_245' title='bbox 673 1914 723 1979; x_wconf 91' lang='lat' dir='ltr'>bis</span> <span class='ocrx_word' id='word_1_246' title='bbox 756 1913 885 1979; x_wconf 89' lang='lat' dir='ltr'>audivi:</span> <span class='ocrx_word' id='word_1_247' title='bbox 918 1914 1049 1981; x_wconf 84' lang='lat' dir='ltr'>fruatur,</span> <span class='ocrx_word' id='word_1_248' title='bbox 1075 1929 1134 1976; x_wconf 89' lang='lat' dir='ltr'>suo</span> <span class='ocrx_word' id='word_1_249' title='bbox 1187 1921 1243 1977; x_wconf 88' lang='lat' dir='ltr'>tus</span> <span class='ocrx_word' id='word_1_250' title='bbox 1264 1911 1457 1994; x_wconf 88' lang='lat' dir='ltr'>trepidaret,</span> <span class='ocrx_word' id='word_1_251' title='bbox 1487 1914 1541 1994; x_wconf 90' lang='lat' dir='ltr'>qui</span> <span class='ocrx_word' id='word_1_252' title='bbox 1564 1912 1604 1977; x_wconf 91' lang='lat' dir='ltr'>ad</span> <span class='ocrx_word' id='word_1_253' title='bbox 1634 1933 1746 1980; x_wconf 89' lang='lat' dir='ltr'>caecos</span> <span class='ocrx_word' id='word_1_254' title='bbox 1774 1915 1923 1980; x_wconf 85' lang='lat' dir='ltr'>fortunae</span> <span class='ocrx_word' id='word_1_255' title='bbox 1953 1917 2097 1997; x_wconf 89' lang='lat' dir='ltr'>impetus</span> <span class='ocrx_word' id='word_1_256' title='bbox 2127 1935 2162 1980; x_wconf 90' lang='lat' dir='ltr'>se</span> 
     </span>
     <span class='ocr_line' id='line_1_19' title="bbox 163 1997 2160 2083; baseline -0.003 -14"><span class='ocrx_word' id='word_1_257' title='bbox 163 2023 272 2069; x_wconf 90' lang='grc' dir='ltr'>ιιιιι.</span> <span class='ocrx_word' id='word_1_258' title='bbox 316 1998 405 2064; x_wconf 87' lang='grc' dir='ltr'>Νιιι</span> <span class='ocrx_word' id='word_1_259' title='bbox 426 2009 460 2064; x_wconf 87' lang='grc' dir='ltr'>ιι</span> <span class='ocrx_word' id='word_1_260' title='bbox 478 2000 741 2066; x_wconf 88' lang='lat' dir='ltr'>circumstantiae</span> <span class='ocrx_word' id='word_1_261' title='bbox 769 1999 831 2065; x_wconf 91' lang='lat' dir='ltr'>loci</span> <span class='ocrx_word' id='word_1_262' title='bbox 862 1997 943 2064; x_wconf 91' lang='lat' dir='ltr'>bene</span> <span class='ocrx_word' id='word_1_263' title='bbox 972 1997 1135 2073; x_wconf 90' lang='lat' dir='ltr'>convenit,</span> <span class='ocrx_word' id='word_1_264' title='bbox 1188 2000 1371 2080; x_wconf 83' lang='lat' dir='ltr'>expositum</span> <span class='ocrx_word' id='word_1_265' title='bbox 1394 2018 1465 2062; x_wconf 87' lang='lat' dir='ltr'>esse</span> <span class='ocrx_word' id='word_1_266' title='bbox 1486 1997 1604 2080; x_wconf 83' lang='lat' dir='ltr'>putat?</span> <span class='ocrx_word' id='word_1_267' title='bbox 1650 1998 1738 2064; x_wconf 90' lang='lat' dir='ltr'>Hinc</span> <span class='ocrx_word' id='word_1_268' title='bbox 1760 2020 1837 2082; x_wconf 89' lang='lat' dir='ltr'>ergo</span> <span class='ocrx_word' id='word_1_269' title='bbox 1866 1999 2042 2083; x_wconf 89' lang='lat' dir='ltr'>tranquilla</span> <span class='ocrx_word' id='word_1_270' title='bbox 2071 2021 2160 2066; x_wconf 91' lang='lat' dir='ltr'>secu·</span> 
     </span>
     <span class='ocr_line' id='line_1_20' title="bbox 164 2082 2161 2170; baseline -0.002 -17"><span class='ocrx_word' id='word_1_271' title='bbox 164 2099 198 2153; x_wconf 92' lang='lat' dir='ltr'>et</span> <span class='ocrx_word' id='word_1_272' title='bbox 215 2086 292 2152; x_wconf 92' lang='lat' dir='ltr'>iude</span> <span class='ocrx_word' id='word_1_273' title='bbox 310 2085 438 2151; x_wconf 87' lang='lat' dir='ltr'>elicitur</span> <span class='ocrx_word' id='word_1_274' title='bbox 456 2085 546 2151; x_wconf 85' lang='lat' dir='ltr'>utilis</span> <span class='ocrx_word' id='word_1_275' title='bbox 564 2085 726 2152; x_wconf 87' lang='lat' dir='ltr'>doctrina:</span> <span class='ocrx_word' id='word_1_276' title='bbox 747 2083 836 2167; x_wconf 78' lang='lat' dir='ltr'>Quia</span> <span class='ocrx_word' id='word_1_277' title='bbox 853 2084 944 2150; x_wconf 86' lang='lat' dir='ltr'>Deua</span> <span class='ocrx_word' id='word_1_278' title='bbox 961 2085 1017 2149; x_wconf 92' lang='lat' dir='ltr'>ubi</span> <span class='ocrx_word' id='word_1_279' title='bbox 1036 2082 1137 2148; x_wconf 85' lang='lat' dir='ltr'>semel</span> <span class='ocrx_word' id='word_1_280' title='bbox 1188 2085 1279 2160; x_wconf 89' lang='lat' dir='ltr'>ritas,</span> <span class='ocrx_word' id='word_1_281' title='bbox 1302 2083 1330 2148; x_wconf 92' lang='lat' dir='ltr'>si</span> <span class='ocrx_word' id='word_1_282' title='bbox 1353 2082 1512 2147; x_wconf 89' lang='lat' dir='ltr'>mundum</span> <span class='ocrx_word' id='word_1_283' title='bbox 1535 2082 1743 2150; x_wconf 89' lang='lat' dir='ltr'>subiicientes</span> <span class='ocrx_word' id='word_1_284' title='bbox 1766 2086 1830 2150; x_wconf 93' lang='lat' dir='ltr'>Dei</span> <span class='ocrx_word' id='word_1_285' title='bbox 1852 2087 2004 2170; x_wconf 88' lang='lat' dir='ltr'>imperio,</span> <span class='ocrx_word' id='word_1_286' title='bbox 2028 2106 2088 2151; x_wconf 92' lang='lat' dir='ltr'>nos</span> <span class='ocrx_word' id='word_1_287' title='bbox 2111 2086 2161 2149; x_wconf 91' lang='lat' dir='ltr'>illi</span> 
     </span>
     <span class='ocr_line' id='line_1_21' title="bbox 164 2169 2159 2256; baseline -0.002 -18"><span class='ocrx_word' id='word_1_288' title='bbox 164 2174 317 2256; x_wconf 86' lang='lat' dir='ltr'>loquutus</span> <span class='ocrx_word' id='word_1_289' title='bbox 351 2182 402 2235; x_wconf 88' lang='lat' dir='ltr'>est</span> <span class='ocrx_word' id='word_1_290' title='bbox 434 2190 637 2254; x_wconf 87' lang='lat' dir='ltr'>sermonem,</span> <span class='ocrx_word' id='word_1_291' title='bbox 675 2192 741 2237; x_wconf 90' lang='lat' dir='ltr'>non</span> <span class='ocrx_word' id='word_1_292' title='bbox 773 2177 946 2236; x_wconf 87' lang='lat' dir='ltr'>retractat:</span> <span class='ocrx_word' id='word_1_293' title='bbox 987 2178 1135 2234; x_wconf 88' lang='lat' dir='ltr'>nostrum</span> <span class='ocrx_word' id='word_1_294' title='bbox 1188 2191 1226 2235; x_wconf 91' lang='lat' dir='ltr'>ac</span> <span class='ocrx_word' id='word_1_295' title='bbox 1248 2169 1351 2234; x_wconf 91' lang='lat' dir='ltr'>vitam</span> <span class='ocrx_word' id='word_1_296' title='bbox 1375 2179 1522 2233; x_wconf 89' lang='lat' dir='ltr'>nostram</span> <span class='ocrx_word' id='word_1_297' title='bbox 1545 2170 1773 2251; x_wconf 86' lang='lat' dir='ltr'>permittimus.</span> <span class='ocrx_word' id='word_1_298' title='bbox 1817 2171 2017 2254; x_wconf 88' lang='lat' dir='ltr'>Apotentia</span> <span class='ocrx_word' id='word_1_299' title='bbox 2049 2179 2159 2236; x_wconf 88' lang='lat' dir='ltr'>autem</span> 
     </span>
     <span class='ocr_line' id='line_1_22' title="bbox 165 2253 2158 2340; baseline -0.003 -16"><span class='ocrx_word' id='word_1_300' title='bbox 165 2279 248 2337; x_wconf 89' lang='lat' dir='ltr'>esse,</span> <span class='ocrx_word' id='word_1_301' title='bbox 270 2256 326 2320; x_wconf 91' lang='lat' dir='ltr'>diu</span> <span class='ocrx_word' id='word_1_302' title='bbox 348 2263 381 2321; x_wconf 88' lang='lat' dir='ltr'>et</span> <span class='ocrx_word' id='word_1_303' title='bbox 402 2256 527 2338; x_wconf 85' lang='lat' dir='ltr'>prolixe</span> <span class='ocrx_word' id='word_1_304' title='bbox 550 2256 701 2322; x_wconf 90' lang='lat' dir='ltr'>meditari</span> <span class='ocrx_word' id='word_1_305' title='bbox 722 2253 879 2339; x_wconf 89' lang='lat' dir='ltr'>quidquid</span> <span class='ocrx_word' id='word_1_306' title='bbox 901 2276 943 2321; x_wconf 82' lang='lat' dir='ltr'>ex</span> <span class='ocrx_word' id='word_1_307' title='bbox 960 2275 1052 2320; x_wconf 89' lang='lat' dir='ltr'>sacro</span> <span class='ocrx_word' id='word_1_308' title='bbox 1067 2253 1137 2318; x_wconf 90' lang='lat' dir='ltr'>eius</span> <span class='ocrx_word' id='word_1_309' title='bbox 1188 2256 1330 2337; x_wconf 91' lang='lat' dir='ltr'>incipere</span> <span class='ocrx_word' id='word_1_310' title='bbox 1341 2255 1504 2331; x_wconf 88' lang='lat' dir='ltr'>convenit,</span> <span class='ocrx_word' id='word_1_311' title='bbox 1525 2254 1847 2322; x_wconf 89' lang='lat' dir='ltr'>nedubitcmnstuto</span> <span class='ocrx_word' id='word_1_312' title='bbox 1863 2259 2066 2322; x_wconf 92' lang='lat' dir='ltr'>munimento</span> <span class='ocrx_word' id='word_1_313' title='bbox 2084 2276 2158 2340; x_wconf 92' lang='lat' dir='ltr'>pro·</span> 
     </span>
     <span class='ocr_line' id='line_1_23' title="bbox 163 2339 2159 2426; baseline -0.002 -16"><span class='ocrx_word' id='word_1_314' title='bbox 163 2365 219 2410; x_wconf 87' lang='lat' dir='ltr'>ore</span> <span class='ocrx_word' id='word_1_315' title='bbox 241 2342 421 2426; x_wconf 86' lang='lat' dir='ltr'>profectum</span> <span class='ocrx_word' id='word_1_316' title='bbox 443 2350 502 2420; x_wconf 91' lang='lat' dir='ltr'>est,</span> <span class='ocrx_word' id='word_1_317' title='bbox 547 2344 615 2408; x_wconf 87' lang='lat' dir='ltr'>uasi</span> <span class='ocrx_word' id='word_1_318' title='bbox 634 2342 770 2408; x_wconf 87' lang='lat' dir='ltr'>dixisset</span> <span class='ocrx_word' id='word_1_319' title='bbox 783 2341 904 2417; x_wconf 84' lang='lat' dir='ltr'>David,</span> <span class='ocrx_word' id='word_1_320' title='bbox 925 2342 1018 2407; x_wconf 90' lang='lat' dir='ltr'>Deus</span> <span class='ocrx_word' id='word_1_321' title='bbox 1036 2339 1137 2406; x_wconf 88' lang='lat' dir='ltr'>verbo</span> <span class='ocrx_word' id='word_1_322' title='bbox 1188 2340 1256 2425; x_wconf 84' lang='lat' dir='ltr'>tegi</span> <span class='ocrx_word' id='word_1_323' title='bbox 1279 2341 1464 2423; x_wconf 90' lang='lat' dir='ltr'>quicunque</span> <span class='ocrx_word' id='word_1_324' title='bbox 1487 2339 1548 2405; x_wconf 89' lang='lat' dir='ltr'>suh</span> <span class='ocrx_word' id='word_1_325' title='bbox 1570 2341 1639 2406; x_wconf 89' lang='lat' dir='ltr'>eius</span> <span class='ocrx_word' id='word_1_326' title='bbox 1662 2361 1762 2406; x_wconf 93' lang='lat' dir='ltr'>manu</span> <span class='ocrx_word' id='word_1_327' title='bbox 1784 2340 1923 2426; x_wconf 87' lang='lat' dir='ltr'>degunt:</span> <span class='ocrx_word' id='word_1_328' title='bbox 1958 2343 2015 2407; x_wconf 89' lang='lat' dir='ltr'>sed</span> <span class='ocrx_word' id='word_1_329' title='bbox 2048 2342 2159 2407; x_wconf 89' lang='lat' dir='ltr'>statim</span> 
     </span>
     <span class='ocr_line' id='line_1_24' title="bbox 165 2364 2160 2512; baseline -0.003 -15"><span class='ocrx_word' id='word_1_330' title='bbox 165 2451 225 2497; x_wconf 88' lang='lat' dir='ltr'>auo</span> <span class='ocrx_word' id='word_1_331' title='bbox 248 2449 309 2493; x_wconf 90' lang='lat' dir='ltr'>nos</span> <span class='ocrx_word' id='word_1_332' title='bbox 331 2427 441 2493; x_wconf 87' lang='lat' dir='ltr'>docet:</span> <span class='ocrx_word' id='word_1_333' title='bbox 464 2364 550 2511; x_wconf 70' lang='lat' dir='ltr'>quod</span> <span class='ocrx_word' id='word_1_334' title='bbox 571 2430 675 2494; x_wconf 89' lang='lat' dir='ltr'>instar</span> <span class='ocrx_word' id='word_1_335' title='bbox 696 2428 845 2510; x_wconf 86' lang='lat' dir='ltr'>perpetui</span> <span class='ocrx_word' id='word_1_336' title='bbox 868 2439 900 2492; x_wconf 91' lang='lat' dir='ltr'>ot</span> <span class='ocrx_word' id='word_1_337' title='bbox 922 2424 1144 2501; x_wconf 61' lang='lat' dir='ltr'>immutabilis,</span> <span class='ocrx_word' id='word_1_338' title='bbox 1189 2426 1394 2493; x_wconf 88' lang='lat' dir='ltr'>elementiam</span> <span class='ocrx_word' id='word_1_339' title='bbox 1416 2425 1551 2512; x_wconf 87' lang='lat' dir='ltr'>adiungi</span> <span class='ocrx_word' id='word_1_340' title='bbox 1574 2426 1749 2505; x_wconf 89' lang='lat' dir='ltr'>convenit,</span> <span class='ocrx_word' id='word_1_341' title='bbox 1780 2447 1820 2491; x_wconf 91' lang='grc' dir='ltr'>ιι</span> <span class='ocrx_word' id='word_1_342' title='bbox 1842 2448 1906 2510; x_wconf 90' lang='grc' dir='ltr'>ιιι</span> <span class='ocrx_word' id='word_1_343' title='bbox 1928 2449 1988 2494; x_wconf 90' lang='grc' dir='ltr'>ιιι</span> <span class='ocrx_word' id='word_1_344' title='bbox 2010 2427 2160 2492; x_wconf 76' lang='lat' dir='ltr'>anxietas</span> 
     </span>
     <span class='ocr_line' id='line_1_25' title="bbox 165 2511 2158 2598; baseline -0.002 -18"><span class='ocrx_word' id='word_1_345' title='bbox 165 2514 288 2581; x_wconf 88' lang='lat' dir='ltr'>decreti</span> <span class='ocrx_word' id='word_1_346' title='bbox 311 2511 497 2577; x_wconf 91' lang='lat' dir='ltr'>habendum</span> <span class='ocrx_word' id='word_1_347' title='bbox 519 2522 585 2580; x_wconf 89' lang='lat' dir='ltr'>est:</span> <span class='ocrx_word' id='word_1_348' title='bbox 627 2534 686 2598; x_wconf 86' lang='lat' dir='ltr'>ego</span> <span class='ocrx_word' id='word_1_349' title='bbox 710 2534 787 2579; x_wconf 91' lang='lat' dir='ltr'>vero</span> <span class='ocrx_word' id='word_1_350' title='bbox 808 2514 844 2577; x_wconf 93' lang='lat' dir='ltr'>in</span> <span class='ocrx_word' id='word_1_351' title='bbox 867 2512 968 2578; x_wconf 87' lang='lat' dir='ltr'>verbo</span> <span class='ocrx_word' id='word_1_352' title='bbox 991 2512 1062 2577; x_wconf 89' lang='lat' dir='ltr'>eius</span> <span class='ocrx_word' id='word_1_353' title='bbox 1083 2531 1136 2574; x_wconf 89' lang='lat' dir='ltr'>me</span> <span class='ocrx_word' id='word_1_354' title='bbox 1190 2521 1348 2594; x_wconf 88' lang='lat' dir='ltr'>torqueat.</span> <span class='ocrx_word' id='word_1_355' title='bbox 1393 2511 1524 2594; x_wconf 85' lang='lat' dir='ltr'>Alioqui</span> <span class='ocrx_word' id='word_1_356' title='bbox 1547 2511 1582 2576; x_wconf 93' lang='lat' dir='ltr'>in</span> <span class='ocrx_word' id='word_1_357' title='bbox 1604 2512 1750 2577; x_wconf 90' lang='lat' dir='ltr'>animum</span> <span class='ocrx_word' id='word_1_358' title='bbox 1772 2513 1894 2578; x_wconf 88' lang='lat' dir='ltr'>subibit</span> <span class='ocrx_word' id='word_1_359' title='bbox 1924 2514 2004 2579; x_wconf 88' lang='lat' dir='ltr'>haec</span> <span class='ocrx_word' id='word_1_360' title='bbox 2035 2514 2158 2594; x_wconf 88' lang='lat' dir='ltr'>discep-</span> 
     </span>
     <span class='ocr_line' id='line_1_26' title="bbox 165 2595 2159 2684; baseline -0.002 -18"><span class='ocrx_word' id='word_1_361' title='bbox 165 2602 295 2684; x_wconf 85' lang='lat' dir='ltr'>saepius</span> <span class='ocrx_word' id='word_1_362' title='bbox 327 2599 474 2675; x_wconf 84' lang='lat' dir='ltr'>exercui,</span> <span class='ocrx_word' id='word_1_363' title='bbox 515 2621 557 2664; x_wconf 90' lang='lat' dir='ltr'>ne</span> <span class='ocrx_word' id='word_1_364' title='bbox 594 2599 749 2682; x_wconf 88' lang='lat' dir='ltr'>temporis</span> <span class='ocrx_word' id='word_1_365' title='bbox 781 2619 933 2664; x_wconf 90' lang='lat' dir='ltr'>successu</span> <span class='ocrx_word' id='word_1_366' title='bbox 966 2598 1136 2679; x_wconf 88' lang='lat' dir='ltr'>obreperet</span> <span class='ocrx_word' id='word_1_367' title='bbox 1190 2597 1279 2678; x_wconf 91' lang='lat' dir='ltr'>tatio,</span> <span class='ocrx_word' id='word_1_368' title='bbox 1302 2595 1390 2679; x_wconf 79' lang='lat' dir='ltr'>Quid</span> <span class='ocrx_word' id='word_1_369' title='bbox 1414 2599 1506 2662; x_wconf 84' lang='lat' dir='ltr'>nobis</span> <span class='ocrx_word' id='word_1_370' title='bbox 1523 2598 1657 2681; x_wconf 90' lang='lat' dir='ltr'>prodest</span> <span class='ocrx_word' id='word_1_371' title='bbox 1677 2599 1741 2663; x_wconf 89' lang='lat' dir='ltr'>Dei</span> <span class='ocrx_word' id='word_1_372' title='bbox 1762 2600 1900 2681; x_wconf 90' lang='lat' dir='ltr'>imperio</span> <span class='ocrx_word' id='word_1_373' title='bbox 1914 2600 2047 2665; x_wconf 86' lang='lat' dir='ltr'>subesse</span> <span class='ocrx_word' id='word_1_374' title='bbox 2065 2619 2159 2662; x_wconf 91' lang='lat' dir='ltr'>mun·</span> 
     </span>
     <span class='ocr_line' id='line_1_27' title="bbox 164 2682 2158 2767; baseline -0.002 -17"><span class='ocrx_word' id='word_1_375' title='bbox 164 2687 266 2751; x_wconf 89' lang='lat' dir='ltr'>huius</span> <span class='ocrx_word' id='word_1_376' title='bbox 289 2683 456 2750; x_wconf 89' lang='lat' dir='ltr'>doctrinae</span> <span class='ocrx_word' id='word_1_377' title='bbox 487 2684 618 2749; x_wconf 89' lang='lat' dir='ltr'>oblivio.</span> <span class='ocrx_word' id='word_1_378' title='bbox 663 2684 731 2749; x_wconf 81' lang='lat' dir='ltr'>Sed</span> <span class='ocrx_word' id='word_1_379' title='bbox 753 2685 829 2766; x_wconf 90' lang='lat' dir='ltr'>quia</span> <span class='ocrx_word' id='word_1_380' title='bbox 858 2683 1037 2767; x_wconf 89' lang='lat' dir='ltr'>simplicior</span> <span class='ocrx_word' id='word_1_381' title='bbox 1066 2701 1136 2745; x_wconf 90' lang='lat' dir='ltr'>esse</span> <span class='ocrx_word' id='word_1_382' title='bbox 1190 2682 1290 2747; x_wconf 81' lang='lat' dir='ltr'>dum?</span> <span class='ocrx_word' id='word_1_383' title='bbox 1324 2703 1367 2746; x_wconf 92' lang='lat' dir='ltr'>au</span> <span class='ocrx_word' id='word_1_384' title='bbox 1390 2692 1563 2767; x_wconf 81' lang='lat' dir='ltr'>propterea</span> <span class='ocrx_word' id='word_1_385' title='bbox 1584 2684 1678 2748; x_wconf 89' lang='lat' dir='ltr'>nobis</span> <span class='ocrx_word' id='word_1_386' title='bbox 1707 2683 1920 2750; x_wconf 82' lang='lat' dir='ltr'>auxiliabitur</span> <span class='ocrx_word' id='word_1_387' title='bbox 1948 2685 2003 2767; x_wconf 90' lang='lat' dir='ltr'>qui</span> <span class='ocrx_word' id='word_1_388' title='bbox 2031 2685 2158 2766; x_wconf 91' lang='lat' dir='ltr'>indigni</span> 
     </span>
     <span class='ocr_line' id='line_1_28' title="bbox 166 2767 2159 2854; baseline -0.002 -19"><span class='ocrx_word' id='word_1_389' title='bbox 166 2771 297 2836; x_wconf 90' lang='lat' dir='ltr'>videtur</span> <span class='ocrx_word' id='word_1_390' title='bbox 318 2768 422 2834; x_wconf 88' lang='lat' dir='ltr'>altera</span> <span class='ocrx_word' id='word_1_391' title='bbox 443 2769 598 2851; x_wconf 89' lang='lat' dir='ltr'>loquutio,</span> <span class='ocrx_word' id='word_1_392' title='bbox 622 2768 732 2835; x_wconf 83' lang='lat' dir='ltr'>Semel</span> <span class='ocrx_word' id='word_1_393' title='bbox 753 2778 786 2834; x_wconf 90' lang='grc' dir='ltr'>ιι</span> <span class='ocrx_word' id='word_1_394' title='bbox 806 2769 857 2834; x_wconf 88' lang='lat' dir='ltr'>bis</span> <span class='ocrx_word' id='word_1_395' title='bbox 879 2768 1047 2851; x_wconf 90' lang='lat' dir='ltr'>loquutum</span> <span class='ocrx_word' id='word_1_396' title='bbox 1066 2787 1137 2832; x_wconf 87' lang='lat' dir='ltr'>esse</span> <span class='ocrx_word' id='word_1_397' title='bbox 1190 2788 1304 2833; x_wconf 89' lang='lat' dir='ltr'>sumus</span> <span class='ocrx_word' id='word_1_398' title='bbox 1326 2768 1394 2833; x_wconf 88' lang='lat' dir='ltr'>eius</span> <span class='ocrx_word' id='word_1_399' title='bbox 1417 2768 1518 2833; x_wconf 79' lang='lat' dir='ltr'>cura?</span> <span class='ocrx_word' id='word_1_400' title='bbox 1563 2768 1636 2834; x_wconf 90' lang='lat' dir='ltr'>Non</span> <span class='ocrx_word' id='word_1_401' title='bbox 1657 2778 1781 2834; x_wconf 91' lang='lat' dir='ltr'>temere</span> <span class='ocrx_word' id='word_1_402' title='bbox 1801 2771 1903 2854; x_wconf 88' lang='lat' dir='ltr'>igitur</span> <span class='ocrx_word' id='word_1_403' title='bbox 1927 2771 2037 2834; x_wconf 90' lang='lat' dir='ltr'>David</span> <span class='ocrx_word' id='word_1_404' title='bbox 2062 2767 2159 2833; x_wconf 90' lang='lat' dir='ltr'>robur</span> 
     </span>
     <span class='ocr_line' id='line_1_29' title="bbox 166 2853 2159 2937; baseline -0.003 -14"><span class='ocrx_word' id='word_1_405' title='bbox 166 2859 291 2932; x_wconf 89' lang='lat' dir='ltr'>Deum,</span> <span class='ocrx_word' id='word_1_406' title='bbox 321 2855 356 2917; x_wconf 92' lang='lat' dir='ltr'>in</span> <span class='ocrx_word' id='word_1_407' title='bbox 379 2853 470 2918; x_wconf 86' lang='lat' dir='ltr'>illam</span> <span class='ocrx_word' id='word_1_408' title='bbox 491 2854 587 2920; x_wconf 86' lang='lat' dir='ltr'>facile</span> <span class='ocrx_word' id='word_1_409' title='bbox 610 2855 740 2921; x_wconf 90' lang='lat' dir='ltr'>inclino.</span> <span class='ocrx_word' id='word_1_410' title='bbox 783 2855 917 2920; x_wconf 86' lang='lat' dir='ltr'>Interea</span> <span class='ocrx_word' id='word_1_411' title='bbox 946 2865 1057 2919; x_wconf 90' lang='lat' dir='ltr'>tamen</span> <span class='ocrx_word' id='word_1_412' title='bbox 1086 2873 1138 2916; x_wconf 91' lang='lat' dir='ltr'>re·</span> <span class='ocrx_word' id='word_1_413' title='bbox 1191 2863 1224 2919; x_wconf 92' lang='lat' dir='ltr'>ot</span> <span class='ocrx_word' id='word_1_414' title='bbox 1244 2854 1452 2919; x_wconf 87' lang='lat' dir='ltr'>clementiam</span> <span class='ocrx_word' id='word_1_415' title='bbox 1475 2853 1573 2918; x_wconf 91' lang='lat' dir='ltr'>simul</span> <span class='ocrx_word' id='word_1_416' title='bbox 1595 2854 1742 2937; x_wconf 89' lang='lat' dir='ltr'>copulat:</span> <span class='ocrx_word' id='word_1_417' title='bbox 1764 2856 1840 2937; x_wconf 89' lang='lat' dir='ltr'>quia</span> <span class='ocrx_word' id='word_1_418' title='bbox 1861 2855 1988 2921; x_wconf 89' lang='lat' dir='ltr'>duabus</span> <span class='ocrx_word' id='word_1_419' title='bbox 2009 2855 2083 2921; x_wconf 91' lang='lat' dir='ltr'>istis</span> <span class='ocrx_word' id='word_1_420' title='bbox 2101 2855 2159 2919; x_wconf 92' lang='lat' dir='ltr'>alis</span> 
     </span>
    </p>
   </div>
   <div class='ocr_carea' id='block_1_3' title="bbox 166 2937 2159 3111">
    <p class='ocr_par' dir='ltr' id='par_1_3' title="bbox 166 2937 2159 3111">
     <span class='ocr_line' id='line_1_30' title="bbox 191 2937 2159 3025; baseline -0.002 -18"><span class='ocrx_word' id='word_1_421' title='bbox 191 2940 334 3007; x_wconf 89' lang='lat' dir='ltr'>udianda</span> <span class='ocrx_word' id='word_1_422' title='bbox 367 2950 417 3005; x_wconf 90' lang='grc' dir='ltr'>ιιι</span> <span class='ocrx_word' id='word_1_423' title='bbox 449 2961 563 3005; x_wconf 87' lang='lat' dir='ltr'>eorum</span> <span class='ocrx_word' id='word_1_424' title='bbox 595 2941 742 3025; x_wconf 88' lang='lat' dir='ltr'>argutia,</span> <span class='ocrx_word' id='word_1_425' title='bbox 783 2941 840 3023; x_wconf 90' lang='lat' dir='ltr'>qni</span> <span class='ocrx_word' id='word_1_426' title='bbox 880 2939 993 3004; x_wconf 90' lang='lat' dir='ltr'>dicunt</span> <span class='ocrx_word' id='word_1_427' title='bbox 1027 2937 1138 3005; x_wconf 82' lang='lat' dir='ltr'>Semel</span> <span class='ocrx_word' id='word_1_428' title='bbox 1191 2938 1232 3003; x_wconf 89' lang='lat' dir='ltr'>ad</span> <span class='ocrx_word' id='word_1_429' title='bbox 1253 2939 1362 3004; x_wconf 91' lang='lat' dir='ltr'>Deum</span> <span class='ocrx_word' id='word_1_430' title='bbox 1385 2939 1571 3019; x_wconf 85' lang='lat' dir='ltr'>evehimur,</span> <span class='ocrx_word' id='word_1_431' title='bbox 1605 2950 1638 3003; x_wconf 91' lang='lat' dir='ltr'>et</span> <span class='ocrx_word' id='word_1_432' title='bbox 1660 2941 1731 3005; x_wconf 90' lang='lat' dir='ltr'>istis</span> <span class='ocrx_word' id='word_1_433' title='bbox 1753 2941 1880 3007; x_wconf 90' lang='lat' dir='ltr'>duabus</span> <span class='ocrx_word' id='word_1_434' title='bbox 1902 2943 2035 3007; x_wconf 82' lang='lat' dir='ltr'>fulturis</span> <span class='ocrx_word' id='word_1_435' title='bbox 2058 2938 2159 3005; x_wconf 84' lang='lat' dir='ltr'>solide</span> 
     </span>
     <span class='ocr_line' id='line_1_31' title="bbox 166 2965 2159 3111; baseline -0.003 -18"><span class='ocrx_word' id='word_1_436' title='bbox 166 2965 338 3110; x_wconf 83' lang='lat' dir='ltr'>lbquutum</span> <span class='ocrx_word' id='word_1_437' title='bbox 360 3046 430 3090; x_wconf 90' lang='lat' dir='ltr'>esse</span> <span class='ocrx_word' id='word_1_438' title='bbox 451 3027 488 3089; x_wconf 93' lang='lat' dir='ltr'>in</span> <span class='ocrx_word' id='word_1_439' title='bbox 509 3025 598 3110; x_wconf 85' lang='lat' dir='ltr'>lege,</span> <span class='ocrx_word' id='word_1_440' title='bbox 620 3026 740 3092; x_wconf 90' lang='lat' dir='ltr'>iterum</span> <span class='ocrx_word' id='word_1_441' title='bbox 764 3024 880 3091; x_wconf 89' lang='lat' dir='ltr'>deinde</span> <span class='ocrx_word' id='word_1_442' title='bbox 902 3026 938 3090; x_wconf 94' lang='lat' dir='ltr'>in</span> <span class='ocrx_word' id='word_1_443' title='bbox 960 3024 1139 3109; x_wconf 87' lang='lat' dir='ltr'>prophetia,</span> <span class='ocrx_word' id='word_1_444' title='bbox 1191 3025 1381 3105; x_wconf 91' lang='lat' dir='ltr'>innitimur,</span> <span class='ocrx_word' id='word_1_445' title='bbox 1412 3046 1454 3089; x_wconf 92' lang='lat' dir='ltr'>ne</span> <span class='ocrx_word' id='word_1_446' title='bbox 1476 3024 1544 3090; x_wconf 91' lang='lat' dir='ltr'>ulla</span> <span class='ocrx_word' id='word_1_447' title='bbox 1566 3027 1786 3091; x_wconf 87' lang='lat' dir='ltr'>tentationum</span> <span class='ocrx_word' id='word_1_448' title='bbox 1814 3028 1988 3111; x_wconf 81' lang='lat' dir='ltr'>naufragia</span> <span class='ocrx_word' id='word_1_449' title='bbox 2015 3047 2077 3091; x_wconf 92' lang='lat' dir='ltr'>nos</span> <span class='ocrx_word' id='word_1_450' title='bbox 2106 3025 2159 3088; x_wconf 90' lang='lat' dir='ltr'>de·</span> 
     </span>
    </p>
   </div>
   <div class='ocr_carea' id='block_1_4' title="bbox 86 3110 2168 5333">
    <p class='ocr_par' dir='ltr' id='par_1_4' title="bbox 86 3110 2168 5333">
     <span class='ocr_line' id='line_1_32' title="bbox 167 3110 2160 3197; baseline -0.002 -20"><span class='ocrx_word' id='word_1_451' title='bbox 167 3114 243 3197; x_wconf 93' lang='lat' dir='ltr'>quia</span> <span class='ocrx_word' id='word_1_452' title='bbox 265 3110 349 3176; x_wconf 94' lang='lat' dir='ltr'>nihil</span> <span class='ocrx_word' id='word_1_453' title='bbox 372 3110 460 3175; x_wconf 92' lang='lat' dir='ltr'>alind</span> <span class='ocrx_word' id='word_1_454' title='bbox 483 3111 589 3176; x_wconf 89' lang='lat' dir='ltr'>voluit</span> <span class='ocrx_word' id='word_1_455' title='bbox 606 3110 716 3178; x_wconf 90' lang='lat' dir='ltr'>David</span> <span class='ocrx_word' id='word_1_456' title='bbox 739 3132 840 3194; x_wconf 87' lang='lat' dir='ltr'>quam</span> <span class='ocrx_word' id='word_1_457' title='bbox 859 3111 955 3176; x_wconf 90' lang='lat' dir='ltr'>huius</span> <span class='ocrx_word' id='word_1_458' title='bbox 972 3110 1139 3177; x_wconf 87' lang='lat' dir='ltr'>doctrinae</span> <span class='ocrx_word' id='word_1_459' title='bbox 1191 3122 1350 3195; x_wconf 88' lang='lat' dir='ltr'>mergant.</span> <span class='ocrx_word' id='word_1_460' title='bbox 1393 3110 1485 3177; x_wconf 87' lang='lat' dir='ltr'>Haec</span> <span class='ocrx_word' id='word_1_461' title='bbox 1507 3131 1635 3175; x_wconf 87' lang='lat' dir='ltr'>summa</span> <span class='ocrx_word' id='word_1_462' title='bbox 1657 3120 1723 3193; x_wconf 89' lang='lat' dir='ltr'>est,</span> <span class='ocrx_word' id='word_1_463' title='bbox 1752 3113 1877 3192; x_wconf 89' lang='lat' dir='ltr'>quoties</span> <span class='ocrx_word' id='word_1_464' title='bbox 1906 3121 2014 3178; x_wconf 89' lang='lat' dir='ltr'>terror</span> <span class='ocrx_word' id='word_1_465' title='bbox 2043 3111 2160 3193; x_wconf 89' lang='lat' dir='ltr'>aliquis</span> 
     </span>
     <span class='ocr_line' id='line_1_33' title="bbox 166 3196 2159 3281; baseline -0.001 -18"><span class='ocrx_word' id='word_1_466' title='bbox 166 3198 378 3264; x_wconf 88' lang='lat' dir='ltr'>autoritatem</span> <span class='ocrx_word' id='word_1_467' title='bbox 401 3196 500 3279; x_wconf 81' lang='lat' dir='ltr'>pr&#39;obe</span> <span class='ocrx_word' id='word_1_468' title='bbox 523 3199 681 3263; x_wconf 86' lang='lat' dir='ltr'>sancitam</span> <span class='ocrx_word' id='word_1_469' title='bbox 705 3218 792 3262; x_wconf 87' lang='lat' dir='ltr'>esse:</span> <span class='ocrx_word' id='word_1_470' title='bbox 833 3197 930 3263; x_wconf 92' lang='lat' dir='ltr'>sicuti</span> <span class='ocrx_word' id='word_1_471' title='bbox 952 3196 1079 3262; x_wconf 88' lang='lat' dir='ltr'>firmius</span> <span class='ocrx_word' id='word_1_472' title='bbox 1101 3215 1138 3262; x_wconf 91' lang='lat' dir='ltr'>ac</span> <span class='ocrx_word' id='word_1_473' title='bbox 1192 3197 1354 3274; x_wconf 88' lang='lat' dir='ltr'>obiicitur,</span> <span class='ocrx_word' id='word_1_474' title='bbox 1378 3197 1489 3262; x_wconf 91' lang='lat' dir='ltr'>veniat</span> <span class='ocrx_word' id='word_1_475' title='bbox 1510 3197 1603 3262; x_wconf 90' lang='lat' dir='ltr'>nobis</span> <span class='ocrx_word' id='word_1_476' title='bbox 1623 3197 1657 3260; x_wconf 91' lang='lat' dir='ltr'>in</span> <span class='ocrx_word' id='word_1_477' title='bbox 1679 3209 1822 3263; x_wconf 88' lang='lat' dir='ltr'>mentem</span> <span class='ocrx_word' id='word_1_478' title='bbox 1845 3198 1910 3262; x_wconf 88' lang='lat' dir='ltr'>Dei</span> <span class='ocrx_word' id='word_1_479' title='bbox 1930 3199 2087 3281; x_wconf 89' lang='lat' dir='ltr'>potentia,</span> <span class='ocrx_word' id='word_1_480' title='bbox 2109 3198 2159 3261; x_wconf 90' lang='lat' dir='ltr'>cui</span> 
     </span>
     <span class='ocr_line' id='line_1_34' title="bbox 86 3281 2160 3368; baseline -0.002 -19"><span class='ocrx_word' id='word_1_481' title='bbox 86 3294 92 3305; x_wconf 91' lang='grc'><strong>’</strong></span> <span class='ocrx_word' id='word_1_482' title='bbox 166 3285 271 3368; x_wconf 85' lang='lat' dir='ltr'>magis</span> <span class='ocrx_word' id='word_1_483' title='bbox 293 3296 404 3347; x_wconf 90' lang='lat' dir='ltr'>ratum</span> <span class='ocrx_word' id='word_1_484' title='bbox 426 3283 519 3348; x_wconf 90' lang='lat' dir='ltr'>nobis</span> <span class='ocrx_word' id='word_1_485' title='bbox 541 3304 613 3348; x_wconf 91' lang='lat' dir='ltr'>esse</span> <span class='ocrx_word' id='word_1_486' title='bbox 630 3283 713 3349; x_wconf 89' lang='lat' dir='ltr'>solet</span> <span class='ocrx_word' id='word_1_487' title='bbox 734 3282 821 3366; x_wconf 91' lang='lat' dir='ltr'>quod</span> <span class='ocrx_word' id='word_1_488' title='bbox 844 3283 973 3365; x_wconf 89' lang='lat' dir='ltr'>saepius</span> <span class='ocrx_word' id='word_1_489' title='bbox 995 3281 1139 3364; x_wconf 90' lang='lat' dir='ltr'>promul·</span> <span class='ocrx_word' id='word_1_490' title='bbox 1191 3281 1284 3349; x_wconf 82' lang='lat' dir='ltr'>facile</span> <span class='ocrx_word' id='word_1_491' title='bbox 1321 3303 1358 3346; x_wconf 90' lang='lat' dir='ltr'>ac</span> <span class='ocrx_word' id='word_1_492' title='bbox 1394 3293 1580 3364; x_wconf 88' lang='lat' dir='ltr'>promptum</span> <span class='ocrx_word' id='word_1_493' title='bbox 1619 3292 1670 3347; x_wconf 90' lang='grc' dir='ltr'>ιιι</span> <span class='ocrx_word' id='word_1_494' title='bbox 1704 3282 1864 3348; x_wconf 88' lang='lat' dir='ltr'>discutere</span> <span class='ocrx_word' id='word_1_495' title='bbox 1902 3303 2015 3349; x_wconf 89' lang='lat' dir='ltr'>omnes</span> <span class='ocrx_word' id='word_1_496' title='bbox 2056 3303 2160 3347; x_wconf 79' lang='lat' dir='ltr'>noxas</span> 
     </span>
     <span class='ocr_line' id='line_1_35' title="bbox 166 3367 2160 3452; baseline -0.002 -18"><span class='ocrx_word' id='word_1_497' title='bbox 166 3383 274 3452; x_wconf 86' lang='lat' dir='ltr'>gatar.</span> <span class='ocrx_word' id='word_1_498' title='bbox 318 3368 452 3432; x_wconf 87' lang='lat' dir='ltr'>Interea</span> <span class='ocrx_word' id='word_1_499' title='bbox 473 3371 729 3449; x_wconf 90' lang='lat' dir='ltr'>meminerimus,</span> <span class='ocrx_word' id='word_1_500' title='bbox 751 3368 886 3434; x_wconf 89' lang='lat' dir='ltr'>simulac</span> <span class='ocrx_word' id='word_1_501' title='bbox 909 3369 1044 3433; x_wconf 89' lang='lat' dir='ltr'>verbum</span> <span class='ocrx_word' id='word_1_502' title='bbox 1088 3389 1138 3432; x_wconf 91' lang='lat' dir='ltr'>ro·</span> <span class='ocrx_word' id='word_1_503' title='bbox 1164 3440 1166 3451; x_wconf 37' lang='grc' dir='ltr'>Ι</span> <span class='ocrx_word' id='word_1_504' title='bbox 1191 3368 1400 3450; x_wconf 85' lang='grc' dir='ltr'>ιιιιιιιινιι</span> <span class='ocrx_word' id='word_1_505' title='bbox 1431 3370 1498 3432; x_wconf 90' lang='grc' dir='ltr'>ιιιι</span> <span class='ocrx_word' id='word_1_506' title='bbox 1528 3367 1766 3443; x_wconf 87' lang='lat' dir='ltr'>formidabiles,</span> <span class='ocrx_word' id='word_1_507' title='bbox 1807 3370 1862 3434; x_wconf 92' lang='lat' dir='ltr'>ubi</span> <span class='ocrx_word' id='word_1_508' title='bbox 1895 3371 1942 3434; x_wconf 89' lang='lat' dir='ltr'>ita</span> <span class='ocrx_word' id='word_1_509' title='bbox 1974 3370 2009 3432; x_wconf 92' lang='lat' dir='ltr'>in</span> <span class='ocrx_word' id='word_1_510' title='bbox 2043 3367 2160 3434; x_wconf 89' lang='lat' dir='ltr'>animis</span> 
     </span>
     <span class='ocr_line' id='line_1_36' title="bbox 167 3389 2161 3565; baseline -0.001 -46"><span class='ocrx_word' id='word_1_511' title='bbox 167 3457 244 3521; x_wconf 90' lang='lat' dir='ltr'>tulit</span> <span class='ocrx_word' id='word_1_512' title='bbox 266 3456 367 3533; x_wconf 88' lang='lat' dir='ltr'>Deus,</span> <span class='ocrx_word' id='word_1_513' title='bbox 390 3474 467 3516; x_wconf 82' lang='lat' dir='ltr'>mox</span> <span class='ocrx_word' id='word_1_514' title='bbox 489 3456 611 3537; x_wconf 89' lang='lat' dir='ltr'>absque</span> <span class='ocrx_word' id='word_1_515' title='bbox 630 3455 851 3520; x_wconf 89' lang='lat' dir='ltr'>controversia</span> <span class='ocrx_word' id='word_1_516' title='bbox 869 3389 1139 3536; x_wconf 82' lang='lat' dir='ltr'>acquiescendum</span> <span class='ocrx_word' id='word_1_517' title='bbox 1163 3458 1168 3565; x_wconf 57' lang='grc' dir='ltr'>ι</span> <span class='ocrx_word' id='word_1_518' title='bbox 1191 3456 1311 3519; x_wconf 88' lang='lat' dir='ltr'>nostris</span> <span class='ocrx_word' id='word_1_519' title='bbox 1330 3454 1540 3537; x_wconf 89' lang='lat' dir='ltr'>praevalebit,</span> <span class='ocrx_word' id='word_1_520' title='bbox 1561 3453 1654 3519; x_wconf 86' lang='lat' dir='ltr'>facile</span> <span class='ocrx_word' id='word_1_521' title='bbox 1673 3453 1829 3536; x_wconf 88' lang='lat' dir='ltr'>quidquid</span> <span class='ocrx_word' id='word_1_522' title='bbox 1848 3466 1896 3520; x_wconf 91' lang='lat' dir='ltr'>est</span> <span class='ocrx_word' id='word_1_523' title='bbox 1913 3455 2009 3519; x_wconf 90' lang='lat' dir='ltr'>saluti</span> <span class='ocrx_word' id='word_1_524' title='bbox 2029 3466 2161 3519; x_wconf 76' lang='lat' dir='ltr'>noemae</span> 
     </span>
     <span class='ocr_line' id='line_1_37' title="bbox 168 3537 2160 3623; baseline -0.001 -17"><span class='ocrx_word' id='word_1_525' title='bbox 168 3561 257 3606; x_wconf 88' lang='lat' dir='ltr'>esse:</span> <span class='ocrx_word' id='word_1_526' title='bbox 276 3539 372 3605; x_wconf 88' lang='lat' dir='ltr'>sicuti</span> <span class='ocrx_word' id='word_1_527' title='bbox 391 3540 512 3620; x_wconf 91' lang='lat' dir='ltr'>impuri</span> <span class='ocrx_word' id='word_1_528' title='bbox 529 3539 662 3621; x_wconf 90' lang='lat' dir='ltr'>quidam</span> <span class='ocrx_word' id='word_1_529' title='bbox 679 3560 776 3605; x_wconf 88' lang='lat' dir='ltr'>canes</span> <span class='ocrx_word' id='word_1_530' title='bbox 794 3540 974 3605; x_wconf 91' lang='lat' dir='ltr'>doctrinam</span> <span class='ocrx_word' id='word_1_531' title='bbox 988 3537 1140 3620; x_wconf 80' lang='lat' dir='ltr'>amplecti</span> <span class='ocrx_word' id='word_1_532' title='bbox 1165 3576 1169 3623; x_wconf 78' lang='lat' dir='ltr'>t</span> <span class='ocrx_word' id='word_1_533' title='bbox 1192 3541 1390 3604; x_wconf 89' lang='lat' dir='ltr'>contrarium</span> <span class='ocrx_word' id='word_1_534' title='bbox 1413 3550 1606 3621; x_wconf 88' lang='lat' dir='ltr'>prosternet.</span> <span class='ocrx_word' id='word_1_535' title='bbox 1651 3538 1740 3621; x_wconf 79' lang='lat' dir='ltr'>Quid</span> <span class='ocrx_word' id='word_1_536' title='bbox 1762 3541 1849 3604; x_wconf 92' lang='lat' dir='ltr'>euim</span> <span class='ocrx_word' id='word_1_537' title='bbox 1879 3540 2077 3618; x_wconf 88' lang='lat' dir='ltr'>timendum,</span> <span class='ocrx_word' id='word_1_538' title='bbox 2108 3539 2160 3603; x_wconf 91' lang='lat' dir='ltr'>uhi</span> 
     </span>
     <span class='ocr_line' id='line_1_38' title="bbox 169 3624 2161 3707; baseline -0.002 -17"><span class='ocrx_word' id='word_1_539' title='bbox 169 3635 326 3692; x_wconf 87' lang='lat' dir='ltr'>recusant</span> <span class='ocrx_word' id='word_1_540' title='bbox 347 3643 430 3706; x_wconf 90' lang='lat' dir='ltr'>quae</span> <span class='ocrx_word' id='word_1_541' title='bbox 452 3646 518 3689; x_wconf 92' lang='lat' dir='ltr'>non</span> <span class='ocrx_word' id='word_1_542' title='bbox 548 3626 592 3689; x_wconf 92' lang='lat' dir='ltr'>sit</span> <span class='ocrx_word' id='word_1_543' title='bbox 621 3626 758 3707; x_wconf 92' lang='lat' dir='ltr'>probata</span> <span class='ocrx_word' id='word_1_544' title='bbox 788 3624 893 3690; x_wconf 91' lang='lat' dir='ltr'>tribus</span> <span class='ocrx_word' id='word_1_545' title='bbox 922 3625 974 3689; x_wconf 91' lang='lat' dir='ltr'>vel</span> <span class='ocrx_word' id='word_1_546' title='bbox 1003 3635 1141 3707; x_wconf 91' lang='lat' dir='ltr'>quatuor</span> <span class='ocrx_word' id='word_1_547' title='bbox 1191 3624 1277 3689; x_wconf 90' lang='lat' dir='ltr'>idem</span> <span class='ocrx_word' id='word_1_548' title='bbox 1308 3626 1416 3701; x_wconf 89' lang='lat' dir='ltr'>Deus,</span> <span class='ocrx_word' id='word_1_549' title='bbox 1449 3627 1504 3707; x_wconf 92' lang='grc' dir='ltr'>ιιι</span> <span class='ocrx_word' id='word_1_550' title='bbox 1536 3646 1596 3690; x_wconf 89' lang='lat' dir='ltr'>nos</span> <span class='ocrx_word' id='word_1_551' title='bbox 1624 3627 1684 3691; x_wconf 91' lang='lat' dir='ltr'>sub</span> <span class='ocrx_word' id='word_1_552' title='bbox 1716 3624 1831 3689; x_wconf 90' lang='lat' dir='ltr'>umbra</span> <span class='ocrx_word' id='word_1_553' title='bbox 1866 3627 1992 3691; x_wconf 90' lang='lat' dir='ltr'>alarum</span> <span class='ocrx_word' id='word_1_554' title='bbox 2026 3645 2161 3690; x_wconf 88' lang='lat' dir='ltr'>suarum</span> 
     </span>
     <span class='ocr_line' id='line_1_39' title="bbox 170 3709 2163 3795; baseline -0.003 -16"><span class='ocrx_word' id='word_1_555' title='bbox 170 3714 351 3795; x_wconf 81' lang='lat' dir='ltr'>scripturae</span> <span class='ocrx_word' id='word_1_556' title='bbox 373 3710 579 3775; x_wconf 88' lang='lat' dir='ltr'>testimoniis.</span> <span class='ocrx_word' id='word_1_557' title='bbox 619 3711 703 3776; x_wconf 89' lang='lat' dir='ltr'>Nam</span> <span class='ocrx_word' id='word_1_558' title='bbox 727 3722 759 3776; x_wconf 92' lang='lat' dir='ltr'>et</span> <span class='ocrx_word' id='word_1_559' title='bbox 781 3711 827 3775; x_wconf 87' lang='lat' dir='ltr'>ita</span> <span class='ocrx_word' id='word_1_560' title='bbox 848 3709 934 3794; x_wconf 89' lang='lat' dir='ltr'>apud</span> <span class='ocrx_word' id='word_1_561' title='bbox 959 3730 1017 3774; x_wconf 90' lang='lat' dir='ltr'>nos</span> <span class='ocrx_word' id='word_1_562' title='bbox 1039 3710 1140 3775; x_wconf 90' lang='lat' dir='ltr'>blate-</span> <span class='ocrx_word' id='word_1_563' title='bbox 1192 3710 1323 3793; x_wconf 85' lang='lat' dir='ltr'>colligit,</span> <span class='ocrx_word' id='word_1_564' title='bbox 1347 3712 1414 3775; x_wconf 91' lang='lat' dir='ltr'>solo</span> <span class='ocrx_word' id='word_1_565' title='bbox 1436 3721 1518 3775; x_wconf 90' lang='lat' dir='ltr'>nutu</span> <span class='ocrx_word' id='word_1_566' title='bbox 1541 3711 1701 3793; x_wconf 87' lang='lat' dir='ltr'>gubernat</span> <span class='ocrx_word' id='word_1_567' title='bbox 1722 3719 1825 3776; x_wconf 87' lang='lat' dir='ltr'>totum</span> <span class='ocrx_word' id='word_1_568' title='bbox 1848 3710 2030 3777; x_wconf 83' lang='lat' dir='ltr'>mundum?</span> <span class='ocrx_word' id='word_1_569' title='bbox 2067 3711 2163 3776; x_wconf 81' lang='lat' dir='ltr'>Sata·</span> 
     </span>
     <span class='ocr_line' id='line_1_40' title="bbox 170 3794 2163 3880; baseline -0.002 -17"><span class='ocrx_word' id='word_1_570' title='bbox 170 3819 243 3863; x_wconf 91' lang='lat' dir='ltr'>rare</span> <span class='ocrx_word' id='word_1_571' title='bbox 277 3817 376 3861; x_wconf 87' lang='lat' dir='ltr'>ausus</span> <span class='ocrx_word' id='word_1_572' title='bbox 409 3805 459 3860; x_wconf 89' lang='lat' dir='ltr'>est</span> <span class='ocrx_word' id='word_1_573' title='bbox 499 3795 619 3862; x_wconf 92' lang='lat' dir='ltr'>nebulo</span> <span class='ocrx_word' id='word_1_574' title='bbox 657 3797 728 3875; x_wconf 93' lang='lat' dir='ltr'>ille,</span> <span class='ocrx_word' id='word_1_575' title='bbox 770 3799 825 3878; x_wconf 91' lang='grc' dir='ltr'>ιιι</span> <span class='ocrx_word' id='word_1_576' title='bbox 865 3796 1043 3880; x_wconf 78' lang='lat' dir='ltr'>gratuitam</span> <span class='ocrx_word' id='word_1_577' title='bbox 1076 3794 1140 3860; x_wconf 93' lang='lat' dir='ltr'>Dei</span> <span class='ocrx_word' id='word_1_578' title='bbox 1163 3802 1169 3835; x_wconf 74' lang='lat'>³</span> <span class='ocrx_word' id='word_1_579' title='bbox 1194 3817 1271 3860; x_wconf 91' lang='lat' dir='ltr'>nam</span> <span class='ocrx_word' id='word_1_580' title='bbox 1293 3808 1326 3858; x_wconf 89' lang='lat' dir='ltr'>et</span> <span class='ocrx_word' id='word_1_581' title='bbox 1347 3816 1460 3860; x_wconf 88' lang='lat' dir='ltr'>omnes</span> <span class='ocrx_word' id='word_1_582' title='bbox 1482 3797 1601 3878; x_wconf 91' lang='lat' dir='ltr'>impios</span> <span class='ocrx_word' id='word_1_583' title='bbox 1624 3796 1792 3861; x_wconf 83' lang='lat' dir='ltr'>devinctos</span> <span class='ocrx_word' id='word_1_584' title='bbox 1815 3807 1905 3862; x_wconf 88' lang='lat' dir='ltr'>tenet</span> <span class='ocrx_word' id='word_1_585' title='bbox 1926 3798 2055 3861; x_wconf 88' lang='lat' dir='ltr'>arcanis</span> <span class='ocrx_word' id='word_1_586' title='bbox 2077 3808 2163 3861; x_wconf 85' lang='lat' dir='ltr'>cate·</span> 
     </span>
     <span class='ocr_line' id='line_1_41' title="bbox 171 3879 2164 3965; baseline -0.001 -18"><span class='ocrx_word' id='word_1_587' title='bbox 171 3883 364 3949; x_wconf 88' lang='lat' dir='ltr'>electionem</span> <span class='ocrx_word' id='word_1_588' title='bbox 386 3890 420 3946; x_wconf 89' lang='lat' dir='ltr'>et</span> <span class='ocrx_word' id='word_1_589' title='bbox 442 3902 593 3948; x_wconf 89' lang='lat' dir='ltr'>arcanam</span> <span class='ocrx_word' id='word_1_590' title='bbox 624 3881 862 3965; x_wconf 89' lang='lat' dir='ltr'>providentiam</span> <span class='ocrx_word' id='word_1_591' title='bbox 893 3889 1040 3948; x_wconf 87' lang='lat' dir='ltr'>evertere</span> <span class='ocrx_word' id='word_1_592' title='bbox 1069 3891 1142 3944; x_wconf 90' lang='lat' dir='ltr'>teu·</span> <span class='ocrx_word' id='word_1_593' title='bbox 1194 3880 1266 3948; x_wconf 82' lang='lat' dir='ltr'>nis?</span> <span class='ocrx_word' id='word_1_594' title='bbox 1290 3883 1400 3945; x_wconf 90' lang='lat' dir='ltr'>omnia</span> <span class='ocrx_word' id='word_1_595' title='bbox 1422 3879 1560 3962; x_wconf 90' lang='lat' dir='ltr'>deniqne</span> <span class='ocrx_word' id='word_1_596' title='bbox 1584 3883 1731 3946; x_wconf 91' lang='lat' dir='ltr'>omnium</span> <span class='ocrx_word' id='word_1_597' title='bbox 1749 3883 1892 3959; x_wconf 90' lang='lat' dir='ltr'>consilia,</span> <span class='ocrx_word' id='word_1_598' title='bbox 1915 3882 2033 3965; x_wconf 82' lang='lat' dir='ltr'>studia,</span> <span class='ocrx_word' id='word_1_599' title='bbox 2059 3899 2091 3946; x_wconf 87' lang='lat' dir='ltr'>et</span> <span class='ocrx_word' id='word_1_600' title='bbox 2113 3901 2164 3945; x_wconf 89' lang='lat' dir='ltr'>co·</span> 
     </span>
     <span class='ocr_line' id='line_1_42' title="bbox 172 3965 2164 4050; baseline -0.002 -18"><span class='ocrx_word' id='word_1_601' title='bbox 172 3970 270 4034; x_wconf 91' lang='lat' dir='ltr'>tabat.</span> <span class='ocrx_word' id='word_1_602' title='bbox 315 3968 429 4048; x_wconf 90' lang='lat' dir='ltr'>Neque</span> <span class='ocrx_word' id='word_1_603' title='bbox 463 3968 550 4032; x_wconf 89' lang='lat' dir='ltr'>euim</span> <span class='ocrx_word' id='word_1_604' title='bbox 585 3967 707 4033; x_wconf 89' lang='lat' dir='ltr'>Davidi</span> <span class='ocrx_word' id='word_1_605' title='bbox 739 3968 939 4050; x_wconf 90' lang='lat' dir='ltr'>propositum</span> <span class='ocrx_word' id='word_1_606' title='bbox 975 3967 1037 4032; x_wconf 86' lang='lat' dir='ltr'>fuit</span> <span class='ocrx_word' id='word_1_607' title='bbox 1056 3966 1142 4030; x_wconf 90' lang='lat' dir='ltr'>.De0</span> <span class='ocrx_word' id='word_1_608' title='bbox 1194 3978 1290 4032; x_wconf 87' lang='lat' dir='ltr'>natus</span> <span class='ocrx_word' id='word_1_609' title='bbox 1311 3965 1519 4032; x_wconf 80' lang='lat' dir='ltr'>moderatur?</span> <span class='ocrx_word' id='word_1_610' title='bbox 1555 3967 1649 4032; x_wconf 87' lang='lat' dir='ltr'>rnodo</span> <span class='ocrx_word' id='word_1_611' title='bbox 1672 3969 1769 4032; x_wconf 88' lang='lat' dir='ltr'>simui</span> <span class='ocrx_word' id='word_1_612' title='bbox 1801 3968 1863 4033; x_wconf 92' lang='lat' dir='ltr'>hoc</span> <span class='ocrx_word' id='word_1_613' title='bbox 1891 3971 1994 4033; x_wconf 80' lang='lat' dir='ltr'>fixum</span> <span class='ocrx_word' id='word_1_614' title='bbox 2022 3979 2164 4047; x_wconf 87' lang='lat' dir='ltr'>maneat,</span> 
     </span>
     <span class='ocr_line' id='line_1_43' title="bbox 172 4051 2163 4138; baseline -0.002 -20"><span class='ocrx_word' id='word_1_615' title='bbox 172 4055 278 4136; x_wconf 89' lang='lat' dir='ltr'>legem</span> <span class='ocrx_word' id='word_1_616' title='bbox 300 4052 467 4135; x_wconf 89' lang='lat' dir='ltr'>imponere</span> <span class='ocrx_word' id='word_1_617' title='bbox 489 4054 619 4136; x_wconf 88' lang='lat' dir='ltr'>saepius</span> <span class='ocrx_word' id='word_1_618' title='bbox 642 4052 805 4136; x_wconf 88' lang='lat' dir='ltr'>loquendi,</span> <span class='ocrx_word' id='word_1_619' title='bbox 824 4053 880 4118; x_wconf 89' lang='lat' dir='ltr'>sed</span> <span class='ocrx_word' id='word_1_620' title='bbox 904 4051 1142 4119; x_wconf 88' lang='lat' dir='ltr'>dubitationem</span> <span class='ocrx_word' id='word_1_621' title='bbox 1194 4053 1373 4118; x_wconf 91' lang='lat' dir='ltr'>bonitatem</span> <span class='ocrx_word' id='word_1_622' title='bbox 1397 4053 1466 4116; x_wconf 88' lang='lat' dir='ltr'>eins</span> <span class='ocrx_word' id='word_1_623' title='bbox 1489 4053 1551 4134; x_wconf 91' lang='lat' dir='ltr'>piis</span> <span class='ocrx_word' id='word_1_624' title='bbox 1573 4052 1734 4131; x_wconf 90' lang='lat' dir='ltr'>omnibus,</span> <span class='ocrx_word' id='word_1_625' title='bbox 1756 4055 1833 4136; x_wconf 91' lang='lat' dir='ltr'>quia</span> <span class='ocrx_word' id='word_1_626' title='bbox 1855 4053 1987 4136; x_wconf 91' lang='lat' dir='ltr'>abipsa</span> <span class='ocrx_word' id='word_1_627' title='bbox 2009 4053 2163 4138; x_wconf 88' lang='lat' dir='ltr'>pendent,</span> 
     </span>
     <span class='ocr_line' id='line_1_44' title="bbox 173 4136 2165 4224; baseline -0.001 -21"><span class='ocrx_word' id='word_1_628' title='bbox 173 4140 317 4203; x_wconf 86' lang='lat' dir='ltr'>eximere</span> <span class='ocrx_word' id='word_1_629' title='bbox 339 4136 408 4201; x_wconf 92' lang='lat' dir='ltr'>eius</span> <span class='ocrx_word' id='word_1_630' title='bbox 437 4136 620 4218; x_wconf 90' lang='lat' dir='ltr'>doetrinae,</span> <span class='ocrx_word' id='word_1_631' title='bbox 651 4161 735 4222; x_wconf 90' lang='lat' dir='ltr'>quae</span> <span class='ocrx_word' id='word_1_632' title='bbox 765 4138 896 4205; x_wconf 89' lang='lat' dir='ltr'>disertis</span> <span class='ocrx_word' id='word_1_633' title='bbox 927 4137 1050 4218; x_wconf 88' lang='lat' dir='ltr'>verbis,</span> <span class='ocrx_word' id='word_1_634' title='bbox 1078 4158 1141 4201; x_wconf 93' lang='lat' dir='ltr'>non</span> <span class='ocrx_word' id='word_1_635' title='bbox 1194 4160 1264 4204; x_wconf 90' lang='lat' dir='ltr'>esse</span> <span class='ocrx_word' id='word_1_636' title='bbox 1291 4138 1482 4222; x_wconf 82' lang='lat' dir='ltr'>expositam.</span> <span class='ocrx_word' id='word_1_637' title='bbox 1529 4137 1595 4223; x_wconf 81' lang='lat' dir='ltr'>(Tc</span> <span class='ocrx_word' id='word_1_638' title='bbox 1621 4139 1793 4224; x_wconf 81' lang='lat' dir='ltr'>rependes.)</span> <span class='ocrx_word' id='word_1_639' title='bbox 1837 4141 1977 4221; x_wconf 91' lang='lat' dir='ltr'>Propius</span> <span class='ocrx_word' id='word_1_640' title='bbox 2006 4140 2047 4203; x_wconf 90' lang='lat' dir='ltr'>ad</span> <span class='ocrx_word' id='word_1_641' title='bbox 2070 4159 2165 4205; x_wconf 92' lang='lat' dir='ltr'>suum</span> 
     </span>
     <span class='ocr_line' id='line_1_45' title="bbox 175 4223 2166 4308; baseline -0.001 -19"><span class='ocrx_word' id='word_1_642' title='bbox 175 4223 336 4307; x_wconf 84' lang='lat' dir='ltr'>ambiguis</span> <span class='ocrx_word' id='word_1_643' title='bbox 367 4229 482 4286; x_wconf 89' lang='lat' dir='ltr'>testata</span> <span class='ocrx_word' id='word_1_644' title='bbox 514 4234 573 4289; x_wconf 92' lang='lat' dir='ltr'>est.</span> <span class='ocrx_word' id='word_1_645' title='bbox 613 4223 724 4289; x_wconf 92' lang='lat' dir='ltr'>David</span> <span class='ocrx_word' id='word_1_646' title='bbox 757 4233 871 4307; x_wconf 91' lang='lat' dir='ltr'>postea</span> <span class='ocrx_word' id='word_1_647' title='bbox 902 4224 1052 4306; x_wconf 86' lang='lat' dir='ltr'>exemplo</span> <span class='ocrx_word' id='word_1_648' title='bbox 1085 4244 1143 4288; x_wconf 90' lang='grc' dir='ltr'>ιιι</span> <span class='ocrx_word' id='word_1_649' title='bbox 1195 4224 1383 4289; x_wconf 85' lang='grc' dir='ltr'>ιιιιιιιιιιι</span> <span class='ocrx_word' id='word_1_650' title='bbox 1406 4223 1628 4288; x_wconf 86' lang='lat' dir='ltr'>accommodat</span> <span class='ocrx_word' id='word_1_651' title='bbox 1650 4224 1735 4306; x_wconf 95' lang='lat' dir='ltr'>quod</span> <span class='ocrx_word' id='word_1_652' title='bbox 1754 4224 1853 4291; x_wconf 83' lang='lat' dir='ltr'>dixit:</span> <span class='ocrx_word' id='word_1_653' title='bbox 1876 4245 1951 4289; x_wconf 92' lang='lat' dir='ltr'>nam</span> <span class='ocrx_word' id='word_1_654' title='bbox 1974 4224 2038 4289; x_wconf 92' lang='lat' dir='ltr'>Dei</span> <span class='ocrx_word' id='word_1_655' title='bbox 2059 4226 2166 4308; x_wconf 91' lang='lat' dir='ltr'>provi-</span> 
     </span>
     <span class='ocr_line' id='line_1_46' title="bbox 174 4308 2166 4393; baseline 0.001 -19"><span class='ocrx_word' id='word_1_656' title='bbox 174 4311 282 4386; x_wconf 91' lang='lat' dir='ltr'>docet,</span> <span class='ocrx_word' id='word_1_657' title='bbox 312 4308 368 4390; x_wconf 89' lang='lat' dir='ltr'>pia</span> <span class='ocrx_word' id='word_1_658' title='bbox 389 4310 567 4374; x_wconf 85' lang='lat' dir='ltr'>attentione</span> <span class='ocrx_word' id='word_1_659' title='bbox 598 4321 788 4375; x_wconf 90' lang='lat' dir='ltr'>reverenter</span> <span class='ocrx_word' id='word_1_660' title='bbox 817 4308 1043 4393; x_wconf 80' lang='lat' dir='ltr'>excipiendum</span> <span class='ocrx_word' id='word_1_661' title='bbox 1074 4329 1144 4376; x_wconf 85' lang='lat' dir='ltr'>esse</span> <span class='ocrx_word' id='word_1_662' title='bbox 1195 4310 1324 4375; x_wconf 89' lang='lat' dir='ltr'>dentiae</span> <span class='ocrx_word' id='word_1_663' title='bbox 1346 4309 1394 4374; x_wconf 91' lang='lat' dir='ltr'>ita</span> <span class='ocrx_word' id='word_1_664' title='bbox 1414 4308 1571 4373; x_wconf 91' lang='lat' dir='ltr'>mundum</span> <span class='ocrx_word' id='word_1_665' title='bbox 1594 4309 1726 4376; x_wconf 85' lang='lat' dir='ltr'>subesse</span> <span class='ocrx_word' id='word_1_666' title='bbox 1749 4311 1952 4393; x_wconf 88' lang='lat' dir='ltr'>pronuntiat,</span> <span class='ocrx_word' id='word_1_667' title='bbox 1976 4322 2014 4375; x_wconf 90' lang='lat' dir='ltr'>ut</span> <span class='ocrx_word' id='word_1_668' title='bbox 2035 4312 2166 4376; x_wconf 82' lang='lat' dir='ltr'>iuturus</span> 
     </span>
     <span class='ocr_line' id='line_1_47' title="bbox 173 4393 2165 4480; baseline -0.001 -20"><span class='ocrx_word' id='word_1_669' title='bbox 173 4397 238 4460; x_wconf 92' lang='lat' dir='ltr'>Dei</span> <span class='ocrx_word' id='word_1_670' title='bbox 259 4413 458 4477; x_wconf 89' lang='lat' dir='ltr'>sermonem,</span> <span class='ocrx_word' id='word_1_671' title='bbox 483 4414 589 4476; x_wconf 87' lang='lat' dir='ltr'>neque</span> <span class='ocrx_word' id='word_1_672' title='bbox 612 4394 833 4478; x_wconf 90' lang='lat' dir='ltr'>respuendum</span> <span class='ocrx_word' id='word_1_673' title='bbox 856 4416 919 4477; x_wconf 92' lang='lat' dir='ltr'>quo</span> <span class='ocrx_word' id='word_1_674' title='bbox 943 4396 1047 4459; x_wconf 90' lang='lat' dir='ltr'>maior</span> <span class='ocrx_word' id='word_1_675' title='bbox 1069 4415 1144 4477; x_wconf 91' lang='lat' dir='ltr'>pars</span> <span class='ocrx_word' id='word_1_676' title='bbox 1196 4397 1238 4460; x_wconf 88' lang='lat' dir='ltr'>sit</span> <span class='ocrx_word' id='word_1_677' title='bbox 1260 4396 1364 4460; x_wconf 87' lang='lat' dir='ltr'>iustus</span> <span class='ocrx_word' id='word_1_678' title='bbox 1387 4394 1494 4459; x_wconf 88' lang='lat' dir='ltr'>iudex.</span> <span class='ocrx_word' id='word_1_679' title='bbox 1528 4393 1620 4461; x_wconf 89' lang='lat' dir='ltr'>Haec</span> <span class='ocrx_word' id='word_1_680' title='bbox 1642 4405 1751 4460; x_wconf 90' lang='lat' dir='ltr'>autem</span> <span class='ocrx_word' id='word_1_681' title='bbox 1773 4398 1970 4480; x_wconf 81' lang='lat' dir='ltr'>exspectatio</span> <span class='ocrx_word' id='word_1_682' title='bbox 1993 4397 2020 4459; x_wconf 88' lang='lat' dir='ltr'>si</span> <span class='ocrx_word' id='word_1_683' title='bbox 2044 4399 2079 4461; x_wconf 92' lang='lat' dir='ltr'>in</span> <span class='ocrx_word' id='word_1_684' title='bbox 2096 4397 2165 4460; x_wconf 92' lang='lat' dir='ltr'>ani·</span> 
     </span>
     <span class='ocr_line' id='line_1_48' title="bbox 174 4477 2167 4565; baseline 0 -20"><span class='ocrx_word' id='word_1_685' title='bbox 174 4482 259 4546; x_wconf 90' lang='lat' dir='ltr'>solet</span> <span class='ocrx_word' id='word_1_686' title='bbox 279 4477 420 4544; x_wconf 87' lang='lat' dir='ltr'>fastidio.</span> <span class='ocrx_word' id='word_1_687' title='bbox 465 4477 552 4560; x_wconf 79' lang='lat' dir='ltr'>Quia</span> <span class='ocrx_word' id='word_1_688' title='bbox 574 4501 653 4544; x_wconf 91' lang='lat' dir='ltr'>voro</span> <span class='ocrx_word' id='word_1_689' title='bbox 676 4501 741 4544; x_wconf 95' lang='lat' dir='ltr'>non</span> <span class='ocrx_word' id='word_1_690' title='bbox 772 4483 953 4563; x_wconf 89' lang='lat' dir='ltr'>promiscue</span> <span class='ocrx_word' id='word_1_691' title='bbox 982 4480 1146 4563; x_wconf 88' lang='lat' dir='ltr'>quaelibet</span> <span class='ocrx_word' id='word_1_692' title='bbox 1196 4481 1259 4545; x_wconf 91' lang='lat' dir='ltr'>mis</span> <span class='ocrx_word' id='word_1_693' title='bbox 1277 4480 1395 4546; x_wconf 88' lang='lat' dir='ltr'>uostris</span> <span class='ocrx_word' id='word_1_694' title='bbox 1413 4480 1531 4564; x_wconf 85' lang='lat' dir='ltr'>vigeat,</span> <span class='ocrx_word' id='word_1_695' title='bbox 1549 4501 1603 4544; x_wconf 89' lang='lat' dir='ltr'>eos</span> <span class='ocrx_word' id='word_1_696' title='bbox 1621 4483 1865 4547; x_wconf 89' lang='lat' dir='ltr'>afluetuatione</span> <span class='ocrx_word' id='word_1_697' title='bbox 1883 4480 2022 4565; x_wconf 86' lang='lat' dir='ltr'>colliget,</span> <span class='ocrx_word' id='word_1_698' title='bbox 2040 4481 2167 4547; x_wconf 88' lang='lat' dir='ltr'>sedabit</span> 
     </span>
     <span class='ocr_line' id='line_1_49' title="bbox 175 4565 2167 4648; baseline 0 -16"><span class='ocrx_word' id='word_1_699' title='bbox 175 4566 341 4632; x_wconf 90' lang='lat' dir='ltr'>doctrinae</span> <span class='ocrx_word' id='word_1_700' title='bbox 359 4566 465 4648; x_wconf 90' lang='lat' dir='ltr'>capita</span> <span class='ocrx_word' id='word_1_701' title='bbox 482 4565 536 4628; x_wconf 92' lang='lat' dir='ltr'>hic</span> <span class='ocrx_word' id='word_1_702' title='bbox 554 4574 653 4648; x_wconf 84' lang='lat' dir='ltr'>notat,</span> <span class='ocrx_word' id='word_1_703' title='bbox 677 4576 852 4630; x_wconf 83' lang='lat' dir='ltr'>contexero</span> <span class='ocrx_word' id='word_1_704' title='bbox 870 4586 986 4648; x_wconf 89' lang='lat' dir='ltr'>operae</span> <span class='ocrx_word' id='word_1_705' title='bbox 1005 4568 1144 4648; x_wconf 90' lang='lat' dir='ltr'>pretium</span> <span class='ocrx_word' id='word_1_706' title='bbox 1197 4587 1326 4631; x_wconf 91' lang='lat' dir='ltr'>omnem</span> <span class='ocrx_word' id='word_1_707' title='bbox 1341 4565 1594 4647; x_wconf 88' lang='lat' dir='ltr'>impatientiam:</span> <span class='ocrx_word' id='word_1_708' title='bbox 1610 4566 1772 4633; x_wconf 81' lang='lat' dir='ltr'>fraenabit</span> <span class='ocrx_word' id='word_1_709' title='bbox 1786 4568 1884 4632; x_wconf 89' lang='lat' dir='ltr'>etiam</span> <span class='ocrx_word' id='word_1_710' title='bbox 1900 4588 2031 4633; x_wconf 90' lang='lat' dir='ltr'>omnem</span> <span class='ocrx_word' id='word_1_711' title='bbox 2046 4569 2167 4632; x_wconf 90' lang='lat' dir='ltr'>intem·</span> 
     </span>
     <span class='ocr_line' id='line_1_50' title="bbox 177 4649 2167 4737; baseline -0.001 -19"><span class='ocrx_word' id='word_1_712' title='bbox 177 4649 340 4735; x_wconf 86' lang='lat' dir='ltr'>estquod</span> <span class='ocrx_word' id='word_1_713' title='bbox 369 4651 524 4716; x_wconf 89' lang='lat' dir='ltr'>contiuuo</span> <span class='ocrx_word' id='word_1_714' title='bbox 555 4661 627 4732; x_wconf 89' lang='lat' dir='ltr'>post</span> <span class='ocrx_word' id='word_1_715' title='bbox 655 4652 762 4715; x_wconf 85' lang='lat' dir='ltr'>addit:</span> <span class='ocrx_word' id='word_1_716' title='bbox 797 4652 836 4716; x_wconf 80' lang='lat' dir='ltr'>Si</span> <span class='ocrx_word' id='word_1_717' title='bbox 864 4652 1015 4736; x_wconf 91' lang='lat' dir='ltr'>cupimus</span> <span class='ocrx_word' id='word_1_718' title='bbox 1043 4652 1146 4717; x_wconf 88' lang='lat' dir='ltr'>firmis</span> <span class='ocrx_word' id='word_1_719' title='bbox 1198 4653 1328 4734; x_wconf 86' lang='lat' dir='ltr'>pariam,</span> <span class='ocrx_word' id='word_1_720' title='bbox 1352 4673 1392 4714; x_wconf 91' lang='grc' dir='ltr'>ιι</span> <span class='ocrx_word' id='word_1_721' title='bbox 1414 4650 1454 4714; x_wconf 88' lang='grc' dir='ltr'>ιι</span> <span class='ocrx_word' id='word_1_722' title='bbox 1477 4650 1677 4717; x_wconf 88' lang='lat' dir='ltr'>retaliandas</span> <span class='ocrx_word' id='word_1_723' title='bbox 1697 4653 1834 4719; x_wconf 89' lang='lat' dir='ltr'>iniurias</span> <span class='ocrx_word' id='word_1_724' title='bbox 1856 4653 2035 4737; x_wconf 88' lang='lat' dir='ltr'>prosiliant.</span> <span class='ocrx_word' id='word_1_725' title='bbox 2080 4653 2167 4718; x_wconf 90' lang='lat' dir='ltr'>Nam</span> 
     </span>
     <span class='ocr_line' id='line_1_51' title="bbox 176 4735 2168 4820; baseline 0.001 -18"><span class='ocrx_word' id='word_1_726' title='bbox 176 4740 294 4803; x_wconf 87' lang='lat' dir='ltr'>animis</span> <span class='ocrx_word' id='word_1_727' title='bbox 327 4737 476 4820; x_wconf 83' lang='lat' dir='ltr'>excipere</span> <span class='ocrx_word' id='word_1_728' title='bbox 509 4736 729 4801; x_wconf 88' lang='lat' dir='ltr'>tentationum</span> <span class='ocrx_word' id='word_1_729' title='bbox 763 4737 897 4817; x_wconf 88' lang='lat' dir='ltr'>fluctus,</span> <span class='ocrx_word' id='word_1_730' title='bbox 938 4737 1146 4804; x_wconf 89' lang='lat' dir='ltr'>tribuendum</span> <span class='ocrx_word' id='word_1_731' title='bbox 1170 4750 1173 4787; x_wconf 76' lang='lat'>²</span> <span class='ocrx_word' id='word_1_732' title='bbox 1198 4739 1258 4803; x_wconf 94' lang='lat' dir='ltr'>hoc</span> <span class='ocrx_word' id='word_1_733' title='bbox 1279 4738 1346 4801; x_wconf 92' lang='lat' dir='ltr'>fine</span> <span class='ocrx_word' id='word_1_734' title='bbox 1367 4735 1408 4799; x_wconf 90' lang='lat' dir='ltr'>ad</span> <span class='ocrx_word' id='word_1_735' title='bbox 1431 4735 1494 4800; x_wconf 90' lang='lat' dir='ltr'>Dei</span> <span class='ocrx_word' id='word_1_736' title='bbox 1517 4737 1659 4801; x_wconf 86' lang='lat' dir='ltr'>tribunal</span> <span class='ocrx_word' id='word_1_737' title='bbox 1682 4758 1717 4802; x_wconf 90' lang='lat' dir='ltr'>se</span> <span class='ocrx_word' id='word_1_738' title='bbox 1739 4750 1771 4804; x_wconf 88' lang='lat' dir='ltr'>et</span> <span class='ocrx_word' id='word_1_739' title='bbox 1792 4739 1874 4804; x_wconf 90' lang='lat' dir='ltr'>alios</span> <span class='ocrx_word' id='word_1_740' title='bbox 1894 4760 2007 4804; x_wconf 88' lang='lat' dir='ltr'>omnes</span> <span class='ocrx_word' id='word_1_741' title='bbox 2025 4740 2108 4804; x_wconf 88' lang='lat' dir='ltr'>citat</span> <span class='ocrx_word' id='word_1_742' title='bbox 2131 4761 2168 4803; x_wconf 89' lang='lat' dir='ltr'>ac</span> 
     </span>
     <span class='ocr_line' id='line_1_52' title="bbox 176 4790 2167 4905; baseline 0 -16"><span class='ocrx_word' id='word_1_743' title='bbox 176 4845 247 4889; x_wconf 88' lang='lat' dir='ltr'>esse</span> <span class='ocrx_word' id='word_1_744' title='bbox 269 4823 333 4887; x_wconf 90' lang='lat' dir='ltr'>Dei</span> <span class='ocrx_word' id='word_1_745' title='bbox 362 4823 527 4904; x_wconf 88' lang='lat' dir='ltr'>potentiae</span> <span class='ocrx_word' id='word_1_746' title='bbox 560 4834 593 4886; x_wconf 91' lang='lat' dir='ltr'>et</span> <span class='ocrx_word' id='word_1_747' title='bbox 626 4822 816 4887; x_wconf 90' lang='lat' dir='ltr'>clementiae</span> <span class='ocrx_word' id='word_1_748' title='bbox 849 4845 945 4888; x_wconf 91' lang='lat' dir='ltr'>suum</span> <span class='ocrx_word' id='word_1_749' title='bbox 977 4823 1145 4899; x_wconf 90' lang='lat' dir='ltr'>honorem,</span> <span class='ocrx_word' id='word_1_750' title='bbox 1170 4790 1173 4895; x_wconf 81' lang='lat' dir='ltr'>l</span> <span class='ocrx_word' id='word_1_751' title='bbox 1198 4823 1284 4888; x_wconf 87' lang='lat' dir='ltr'>sistit</span> <span class='ocrx_word' id='word_1_752' title='bbox 1306 4820 1429 4898; x_wconf 89' lang='lat' dir='ltr'>David,</span> <span class='ocrx_word' id='word_1_753' title='bbox 1459 4831 1497 4886; x_wconf 90' lang='lat' dir='ltr'>ut</span> <span class='ocrx_word' id='word_1_754' title='bbox 1517 4823 1552 4885; x_wconf 91' lang='lat' dir='ltr'>in</span> <span class='ocrx_word' id='word_1_755' title='bbox 1575 4843 1632 4905; x_wconf 88' lang='lat' dir='ltr'>spe</span> <span class='ocrx_word' id='word_1_756' title='bbox 1653 4822 1784 4888; x_wconf 82' lang='lat' dir='ltr'>futurae</span> <span class='ocrx_word' id='word_1_757' title='bbox 1806 4824 2008 4890; x_wconf 88' lang='lat' dir='ltr'>liberationis</span> <span class='ocrx_word' id='word_1_758' title='bbox 2031 4846 2067 4889; x_wconf 86' lang='grc' dir='ltr'>ιι</span> <span class='ocrx_word' id='word_1_759' title='bbox 2088 4845 2167 4889; x_wconf 91' lang='lat' dir='ltr'>con-</span> 
     </span>
     <span class='ocr_line' id='line_1_53' title="bbox 179 4899 2167 4993; baseline 0.001 -20"><span class='ocrx_word' id='word_1_760' title='bbox 179 4912 254 4992; x_wconf 91' lang='lat' dir='ltr'>quia</span> <span class='ocrx_word' id='word_1_761' title='bbox 276 4928 443 4990; x_wconf 91' lang='lat' dir='ltr'>nunquam</span> <span class='ocrx_word' id='word_1_762' title='bbox 466 4929 486 4973; x_wconf 92' lang='lat' dir='ltr'>a</span> <span class='ocrx_word' id='word_1_763' title='bbox 508 4917 597 4974; x_wconf 90' lang='lat' dir='ltr'>recta</span> <span class='ocrx_word' id='word_1_764' title='bbox 619 4907 706 4973; x_wconf 87' lang='lat' dir='ltr'>linea</span> <span class='ocrx_word' id='word_1_765' title='bbox 724 4908 873 4972; x_wconf 86' lang='lat' dir='ltr'>deflectet</span> <span class='ocrx_word' id='word_1_766' title='bbox 894 4909 1040 4990; x_wconf 87' lang='lat' dir='ltr'>quisquis</span> <span class='ocrx_word' id='word_1_767' title='bbox 1061 4909 1146 4973; x_wconf 87' lang='lat' dir='ltr'>serio</span> <span class='ocrx_word' id='word_1_768' title='bbox 1170 4899 1174 4993; x_wconf 72' lang='grc' dir='ltr'>ι</span> <span class='ocrx_word' id='word_1_769' title='bbox 1198 4911 1323 4985; x_wconf 87' lang='lat' dir='ltr'>firmet,</span> <span class='ocrx_word' id='word_1_770' title='bbox 1343 4905 1483 4988; x_wconf 86' lang='lat' dir='ltr'>fortique</span> <span class='ocrx_word' id='word_1_771' title='bbox 1505 4909 1614 4971; x_wconf 91' lang='lat' dir='ltr'>animo</span> <span class='ocrx_word' id='word_1_772' title='bbox 1637 4907 1793 4991; x_wconf 89' lang='lat' dir='ltr'>despiciat</span> <span class='ocrx_word' id='word_1_773' title='bbox 1815 4911 2028 4975; x_wconf 86' lang='lat' dir='ltr'>temulentam</span> <span class='ocrx_word' id='word_1_774' title='bbox 2052 4931 2167 4977; x_wconf 90' lang='lat' dir='ltr'>eorum</span> 
     </span>
     <span class='ocr_line' id='line_1_54' title="bbox 177 4992 2168 5078; baseline 0.001 -20"><span class='ocrx_word' id='word_1_775' title='bbox 177 5014 352 5078; x_wconf 88' lang='lat' dir='ltr'>persuasus</span> <span class='ocrx_word' id='word_1_776' title='bbox 385 4996 464 5075; x_wconf 89' lang='lat' dir='ltr'>erit,</span> <span class='ocrx_word' id='word_1_777' title='bbox 494 4992 576 5058; x_wconf 93' lang='lat' dir='ltr'>nihil</span> <span class='ocrx_word' id='word_1_778' title='bbox 606 4995 794 5078; x_wconf 88' lang='lat' dir='ltr'>contingere</span> <span class='ocrx_word' id='word_1_779' title='bbox 825 4993 888 5057; x_wconf 89' lang='lat' dir='ltr'>nisi</span> <span class='ocrx_word' id='word_1_780' title='bbox 911 4992 974 5058; x_wconf 92' lang='lat' dir='ltr'>Dei</span> <span class='ocrx_word' id='word_1_781' title='bbox 1002 4992 1147 5072; x_wconf 88' lang='lat' dir='ltr'>arbitrio,</span> <span class='ocrx_word' id='word_1_782' title='bbox 1199 4993 1383 5058; x_wconf 89' lang='lat' dir='ltr'>audaciam:</span> <span class='ocrx_word' id='word_1_783' title='bbox 1421 4993 1496 5073; x_wconf 90' lang='lat' dir='ltr'>quia</span> <span class='ocrx_word' id='word_1_784' title='bbox 1526 4992 1599 5057; x_wconf 92' lang='lat' dir='ltr'>fieri</span> <span class='ocrx_word' id='word_1_785' title='bbox 1631 5014 1695 5057; x_wconf 93' lang='lat' dir='ltr'>non</span> <span class='ocrx_word' id='word_1_786' title='bbox 1725 5004 1831 5076; x_wconf 89' lang='lat' dir='ltr'>potest</span> <span class='ocrx_word' id='word_1_787' title='bbox 1859 4995 1938 5078; x_wconf 89' lang='lat' dir='ltr'>quin</span> <span class='ocrx_word' id='word_1_788' title='bbox 1969 4997 2105 5060; x_wconf 90' lang='lat' dir='ltr'>veniant</span> <span class='ocrx_word' id='word_1_789' title='bbox 2134 4998 2168 5060; x_wconf 91' lang='lat' dir='ltr'>iu</span> 
     </span>
     <span class='ocr_line' id='line_1_55' title="bbox 177 5078 2168 5165; baseline 0.002 -22"><span class='ocrx_word' id='word_1_790' title='bbox 177 5101 315 5162; x_wconf 89' lang='lat' dir='ltr'>eumque</span> <span class='ocrx_word' id='word_1_791' title='bbox 338 5102 402 5146; x_wconf 91' lang='lat' dir='ltr'>non</span> <span class='ocrx_word' id='word_1_792' title='bbox 425 5081 534 5145; x_wconf 89' lang='lat' dir='ltr'>minus</span> <span class='ocrx_word' id='word_1_793' title='bbox 556 5080 729 5145; x_wconf 88' lang='lat' dir='ltr'>clementia</span> <span class='ocrx_word' id='word_1_794' title='bbox 746 5099 843 5162; x_wconf 89' lang='lat' dir='ltr'>quam</span> <span class='ocrx_word' id='word_1_795' title='bbox 862 5078 997 5160; x_wconf 91' lang='lat' dir='ltr'>imperio</span> <span class='ocrx_word' id='word_1_796' title='bbox 1015 5078 1146 5161; x_wconf 89' lang='lat' dir='ltr'>pollere.</span> <span class='ocrx_word' id='word_1_797' title='bbox 1200 5080 1357 5142; x_wconf 90' lang='lat' dir='ltr'>rationem</span> <span class='ocrx_word' id='word_1_798' title='bbox 1381 5079 1525 5141; x_wconf 91' lang='lat' dir='ltr'>omnium</span> <span class='ocrx_word' id='word_1_799' title='bbox 1548 5100 1645 5159; x_wconf 90' lang='lat' dir='ltr'>opera</span> <span class='ocrx_word' id='word_1_800' title='bbox 1667 5100 1777 5145; x_wconf 90' lang='lat' dir='ltr'>coram</span> <span class='ocrx_word' id='word_1_801' title='bbox 1799 5082 1879 5160; x_wconf 89' lang='lat' dir='ltr'>Deo,</span> <span class='ocrx_word' id='word_1_802' title='bbox 1902 5083 1956 5164; x_wconf 93' lang='lat' dir='ltr'>qui</span> <span class='ocrx_word' id='word_1_803' title='bbox 1976 5102 2041 5145; x_wconf 92' lang='lat' dir='ltr'>non</span> <span class='ocrx_word' id='word_1_804' title='bbox 2061 5085 2168 5165; x_wconf 84' lang='lat' dir='ltr'>magis</span> 
     </span>
     <span class='ocr_line' id='line_1_56' title="bbox 177 5162 2168 5251; baseline 0.002 -22"><span class='ocrx_word' id='word_1_805' title='bbox 177 5166 358 5247; x_wconf 89' lang='lat' dir='ltr'>Postquam</span> <span class='ocrx_word' id='word_1_806' title='bbox 380 5186 457 5250; x_wconf 90' lang='lat' dir='ltr'>ergo</span> <span class='ocrx_word' id='word_1_807' title='bbox 477 5165 654 5230; x_wconf 88' lang='lat' dir='ltr'>honorifice</span> <span class='ocrx_word' id='word_1_808' title='bbox 677 5164 786 5231; x_wconf 86' lang='lat' dir='ltr'>David</span> <span class='ocrx_word' id='word_1_809' title='bbox 814 5164 854 5228; x_wconf 91' lang='lat' dir='ltr'>de</span> <span class='ocrx_word' id='word_1_810' title='bbox 876 5164 969 5229; x_wconf 91' lang='lat' dir='ltr'>verbi</span> <span class='ocrx_word' id='word_1_811' title='bbox 991 5164 1053 5228; x_wconf 94' lang='lat' dir='ltr'>Dei</span> <span class='ocrx_word' id='word_1_812' title='bbox 1082 5164 1148 5228; x_wconf 90' lang='lat' dir='ltr'>fide</span> <span class='ocrx_word' id='word_1_813' title='bbox 1200 5162 1339 5229; x_wconf 89' lang='lat' dir='ltr'>cessabit</span> <span class='ocrx_word' id='word_1_814' title='bbox 1354 5162 1394 5226; x_wconf 91' lang='lat' dir='ltr'>ab</span> <span class='ocrx_word' id='word_1_815' title='bbox 1410 5164 1515 5229; x_wconf 83' lang='lat' dir='ltr'>officio</span> <span class='ocrx_word' id='word_1_816' title='bbox 1536 5163 1661 5241; x_wconf 83' lang='lat' dir='ltr'>iudicis,</span> <span class='ocrx_word' id='word_1_817' title='bbox 1685 5185 1783 5247; x_wconf 90' lang='lat' dir='ltr'>quam</span> <span class='ocrx_word' id='word_1_818' title='bbox 1805 5165 1979 5251; x_wconf 90' lang='lat' dir='ltr'>abnegabit</span> <span class='ocrx_word' id='word_1_819' title='bbox 1999 5189 2034 5232; x_wconf 90' lang='grc' dir='ltr'>ιι</span> <span class='ocrx_word' id='word_1_820' title='bbox 2048 5168 2168 5251; x_wconf 86' lang='lat' dir='ltr'>ipsum.</span> 
     </span>
     <span class='ocr_line' id='line_1_57' title="bbox 177 5248 2168 5333; baseline 0.003 -19"><span class='ocrx_word' id='word_1_821' title='bbox 177 5250 345 5333; x_wconf 85' lang='lat' dir='ltr'>praefatus</span> <span class='ocrx_word' id='word_1_822' title='bbox 367 5261 432 5332; x_wconf 89' lang='lat' dir='ltr'>est,</span> <span class='ocrx_word' id='word_1_823' title='bbox 462 5271 549 5316; x_wconf 91' lang='lat' dir='ltr'>nunc</span> <span class='ocrx_word' id='word_1_824' title='bbox 571 5249 649 5318; x_wconf 89' lang='lat' dir='ltr'>dicit</span> <span class='ocrx_word' id='word_1_825' title='bbox 671 5273 706 5315; x_wconf 91' lang='lat' dir='ltr'>se</span> <span class='ocrx_word' id='word_1_826' title='bbox 735 5249 885 5316; x_wconf 90' lang='lat' dir='ltr'>edoctum</span> <span class='ocrx_word' id='word_1_827' title='bbox 915 5270 985 5315; x_wconf 88' lang='lat' dir='ltr'>esse</span> <span class='ocrx_word' id='word_1_828' title='bbox 1016 5249 1056 5314; x_wconf 92' lang='lat' dir='ltr'>de</span> <span class='ocrx_word' id='word_1_829' title='bbox 1078 5250 1148 5315; x_wconf 87' lang='lat' dir='ltr'>eius</span> <span class='ocrx_word' id='word_1_830' title='bbox 1200 5248 1297 5315; x_wconf 85' lang='lat' dir='ltr'>Unde</span> <span class='ocrx_word' id='word_1_831' title='bbox 1319 5249 1481 5331; x_wconf 88' lang='lat' dir='ltr'>sequitur,</span> <span class='ocrx_word' id='word_1_832' title='bbox 1504 5250 1682 5333; x_wconf 91' lang='lat' dir='ltr'>quamlibet</span> <span class='ocrx_word' id='word_1_833' title='bbox 1700 5251 1813 5317; x_wconf 89' lang='lat' dir='ltr'>multis</span> <span class='ocrx_word' id='word_1_834' title='bbox 1835 5253 1964 5318; x_wconf 91' lang='lat' dir='ltr'>iniuriis</span> <span class='ocrx_word' id='word_1_835' title='bbox 1986 5254 2089 5320; x_wconf 90' lang='lat' dir='ltr'>simus</span> <span class='ocrx_word' id='word_1_836' title='bbox 2111 5254 2168 5319; x_wconf 93' lang='lat' dir='ltr'>ob·</span> 
     </span>
    </p>
   </div>
   <div class='ocr_carea' id='block_1_5' title="bbox 0 0 2353 5856">
    <p class='ocr_par' dir='ltr' id='par_1_5' title="bbox 0 0 2353 5856">
     <span class='ocr_line' id='line_1_58' title="bbox 0 0 2353 5856; baseline 0 0"><span class='ocrx_word' id='word_1_837' title='bbox 0 0 2353 5856; x_wconf 95' lang='lat' dir='ltr'> </span> 
     </span>
    </p>
   </div>
  </div>
 </body>
</html>
