4658 5856
138 332 201 397 273
933 332 1147 402 PSALMUS
1169 332 1320 402 XXVII.
2064 341 2131 408 274

136 517 203 603 pidi
225 527 361 586 starum.
400 520 562 606 Intelligit
583 542 661 607 ergo
682 521 801 600 David,
825 523 903 605 quia
924 521 988 588 Dei
1009 543 1104 607 praa·
1157 524 1325 606 exemplar
1353 525 1440 608 quod
1462 525 1522 591 tibi
1545 527 1579 590 in
1601 534 1713 592 monte
1734 531 1902 594 ostensum
1924 528 1995 594 suit.
2040 529 2130 610 Quia

136 604 218 671 sidio
246 605 408 684 innititur,
442 606 500 672 ubi
529 606 569 673 ad
597 627 668 673 rem
702 615 838 674 ventum
871 608 979 686 fuerit,
1013 629 1103 691 spem
1156 608 1258 692 igitur
1290 631 1355 675 non
1388 609 1430 675 ad
1470 610 1612 677 hominis
1644 612 1814 678 arbitrium
1853 614 2033 697 composita
2065 615 2128 681 fuit

137 712 229 757 suam
250 691 405 759 invictam
427 693 506 759 iore.
1157 694 1270 777 templi
1298 696 1412 778 forma,
1445 694 1503 763 sed
1531 718 1643 762 rerum
1670 697 1888 780 spiritualium
1916 699 2023 786 imago
2053 701 2128 783 fuit,

1157 779 1197 844 ad
1220 780 1309 848 hunc
1326 783 1425 846 finem
1443 782 1552 848 oculos
1570 803 1648 849 suos
1669 804 1845 866 omnesque
1868 805 1984 851 sensus
2006 785 2128 852 direxit

220 863 250 927 4.
281 863 385 929 Unum
403 865 481 947 petii
501 886 523 930 a
544 864 669 943 Iehooa,
690 864 747 931 boc
756 885 941 947 persequor,
961 869 996 929 ut
1012 862 1105 929 inho·
1156 866 1324 949 propheta.
1369 866 1444 948 Quo
1472 868 1579 952 magis
1601 868 1802 934 detestabilis
1824 876 1874 935 est
1896 890 2008 937 eorum
2031 892 2125 939 vesa-

60 990 67 1003 ·
136 948 229 1013 bitem
253 949 287 1013 in
309 951 400 1016 domo
423 949 692 1016 Iehooaacuuctu's
713 949 926 1017 diebusvitae
947 969 1041 1028 meae,
1062 950 1106 1016 od
1156 951 1212 1016 nia
1234 952 1290 1034 qui
1310 951 1419 1019 locum
1437 952 1525 1020 huno
1543 953 1584 1020 ad
1601 955 1745 1039 picturas
1763 963 1796 1018 et
1812 954 1899 1020 idola
1920 953 2126 1040 detorquent,

135 1035 382 1117 wrispiciendom
403 1037 653 1118 pulcritudinem
676 1035 814 1113 Iebooae,
857 1041 886 1101 et
912 1034 1106 1102 abbandum
1156 1057 1240 1120 quae
1268 1036 1348 1104 adeo
1377 1040 1464 1104 inter
1492 1040 1688 1122 templorum
1718 1038 1834 1106 decora
1862 1044 2031 1108 numerari
2059 1064 2125 1109 noii

134 1119 279 1200 templum
301 1121 380 1186 eiua.
424 1122 454 1186 5.
482 1122 563 1203 Quia
590 1121 752 1189 abscondet
781 1143 829 1187 me
850 1123 885 1187 iu
916 1122 1042 1205 tupurio
1071 1122 1106 1186 iu
1156 1131 1333 1205 merentur,
1354 1134 1391 1190 ut
1412 1125 1520 1208 potius
1542 1134 1686 1192 stercora
1706 1126 1772 1191 sint
1794 1134 1827 1192 et
1844 1128 2021 1210 spurcitiae
2064 1148 2127 1195 uae

135 1205 185 1270 die
205 1204 334 1291 marist)
363 1207 523 1274 occultabit
550 1227 598 1273 mc
626 1209 663 1273 iu
691 1212 803 1274 screto
830 1209 954 1274 tentorii
981 1207 1043 1288 sui,
1070 1207 1106 1271 iu
1156 1217 1260 1273 totam
1290 1231 1458 1277 sacrorum
1491 1210 1668 1293 puritatem
1702 1212 1885 1294 inquinant.
1935 1149 2127 1278 Videndum

134 1311 212 1372 rupe
247 1290 395 1358 waltobd
436 1313 492 1357 me.
553 1293 582 1357 6.
628 1293 673 1358 Et
711 1312 793 1358 nunc
835 1293 983 1359 arabobu’t
1014 1297 1106 1376 caput
1157 1315 1245 1360 nunc
1273 1314 1315 1360 an
1344 1296 1497 1362 similiter
1525 1296 1633 1363 affecti
1662 1316 1732 1362 esse
1761 1297 1900 1363 debeant
1928 1296 2042 1365 fideles
2065 1297 2127 1364 sub

134 1396 237 1442 rreum
257 1396 352 1458 super
372 1378 517 1443 inimicos
536 1398 621 1444 meos
641 1379 696 1461 qui
716 1398 765 1443 me
787 1377 933 1455 costum
962 1378 1105 1444 deacri-
1156 1379 1299 1445 (lhristo.
1343 1382 1417 1448 Etsi
1447 1388 1557 1447 autem
1586 1382 1693 1447 fateor
1721 1381 1818 1466 longe
1848 1404 1907 1449 nos
1937 1385 2127 1467 apatribus

133 1461 231 1542 fioobo
262 1463 297 1527 iu
329 1464 459 1529 usuro
486 1464 557 1530 eiua
587 1464 744 1546 sacrificia
776 1464 879 1543 iubili,
918 1465 1047 1531 cantabo
1078 1468 1106 1528 et
1157 1463 1299 1544 differre,
1351 1477 1489 1534 uatenus
1520 1478 1631 1533 tamen
1660 1488 1736 1535 suos
1764 1466 1871 1533 adhuc
1900 1469 1961 1534 sub
1989 1478 2127 1537 externo

130 1547 272 1630 psallam
294 1548 434 1615 Ielrouae.
1157 1551 1266 1634 aliquo
1290 1488 1404 1618 ordine
1424 1554 1517 1619 Deus
1539 1555 1694 1632 continet,
1725 1553 1928 1636 terrenisque
1958 1554 2126 1621 rudimen·

1157 1637 1201 1702 tis
1234 1636 1276 1702 ad
1314 1659 1348 1704 se
1382 1637 1520 1719 deducit,
1563 1660 1696 1705 manere
1728 1637 1834 1704 adhuc
1865 1638 1996 1722 templis
2028 1662 2125 1706 suum

220 1719 252 1783 4.
281 1715 405 1803 (Uuum
429 1720 533 1806 potii.)
583 1720 724 1802 Quidam
754 1721 815 1788 hoo
842 1722 883 1788 ad
913 1723 1105 1789 vaticinium
1157 1721 1315 1803 decorem,
1344 1725 1400 1808 qui
1429 1724 1566 1790 affectus
1593 1732 1732 1807 votaque
1761 1724 1907 1790 fidelium
1935 1724 2053 1790 merito
2083 1724 2125 1790 ad

135 1806 283 1870 referunt
312 1805 352 1870 de
380 1815 536 1890 perpetuo
558 1808 651 1891 regni
674 1815 771 1885 statu,
798 1809 833 1871 in
861 1828 926 1891 quo
953 1830 1018 1874 non
1041 1808 1106 1892 pri·
1157 1830 1193 1875 se
1215 1829 1328 1891 rapere
1357 1808 1482 1876 debeat.
1527 1810 1613 1876 Nam
1635 1811 1781 1890 verbum,
1810 1819 2022 1888 sacramenta,
2051 1832 2129 1894 prc-

135 1902 213 1957 vata
240 1888 336 1956 modo
363 1890 501 1957 Davidis
528 1893 641 1975 ipsius,
670 1892 727 1958 sed
751 1893 851 1958 totius
872 1893 985 1978 populi
1007 1895 1106 1959 felici·
1157 1915 1210 1960 ces
1248 1894 1407 1978 publicae,
1450 1896 1578 1980 aliaque
1618 1897 1718 1962 buius
1760 1894 1890 1978 generis
1928 1895 2130 1962 adminicula

137 1988 186 2043 tas
208 1975 271 2042 sita
294 1986 381 2040 erat:
403 1997 441 2042 ao
462 1978 490 2043 si
513 1975 644 2061 diceret,
667 1999 702 2044 se
720 1986 787 2044 tam
804 1979 965 2064 singulari
983 1981 1106 2063 gratiae
1157 1979 1250 2046 reiici
1278 1991 1446 2064 nequeunt
1472 1981 1593 2064 absque
1622 1981 1722 2066 impio
1744 1980 1808 2046 Dei
1838 1987 2036 2064 contemptu,
2070 1983 2126 2064 qui

136 2062 323 2129 testimonio
356 2071 553 2140 contentum,
595 2062 678 2130 nibil
710 2062 799 2129 aliud
832 2064 901 2131 dies
929 2075 962 2131 et
994 2078 1106 2131 noctes
1157 2064 1224 2132 illic
1258 2067 1348 2132 velut
1380 2069 1415 2132 in
1449 2068 1580 2151 speculo
1613 2067 1666 2135 vel
1698 2067 1843 2151 imagine
1883 2087 1918 2133 se
1950 2067 2044 2133 nobis
2075 2088 2128 2133 re·

136 2149 302 2233 cogitasse.
332 2147 418 2213 Mihi
441 2163 549 2214 tamen
562 2149 740 2234 simplicior
750 2149 962 2217 videturesse
973 2171 1105 2217 sensus:
1157 2161 1355 2234 praesentat

136 2233 246 2315 Quum
286 2235 393 2316 patria
430 2235 579 2314 extorris,
619 2257 723 2302 uxore
762 2235 927 2318 spoliatus,
959 2237 1107 2319 cognatis
1242 2236 1274 2303 5.
1296 2236 1397 2323 (Quia
1417 2238 1580 2304 abacoudrt
1600 2236 1672 2323 ma)
1705 2236 1771 2302 Hic
1793 2236 1853 2302 sibi
1876 2236 2039 2320 promittit
2060 2256 2127 2303 noii

135 2319 276 2398 orbatus,
297 2319 422 2385 cunctis
451 2319 591 2404 denique
618 2320 733 2404 opibus
762 2322 910 2404 privatus
938 2323 1038 2387 foret:
1071 2343 1106 2387 sa
1157 2322 1226 2388 iore
1247 2323 1375 2388 irritam
1403 2343 1496 2388 suam
1519 2323 1748 2405 precationem.
1793 2321 1954 2403 Quamvis
1976 2323 2065 2388 enim
2087 2322 2129 2390 ad

135 2416 245 2470 tamen
256 2404 373 2470 horum
396 2404 556 2471 desiderio
578 2428 644 2472 non
656 2409 703 2472 ita
714 2407 812 2472 fuisso
822 2409 968 2484 anxium,
989 2418 1107 2492 praeut
1157 2418 1286 2493 tempus
1309 2408 1428 2473 visibili
1450 2408 1636 2474 sanctuario
1658 2415 1776 2488 careat,
1804 2427 1870 2473 nori
1901 2414 2012 2473 tamen
2035 2407 2129 2473 dubi·

135 2490 243 2573 ipsum
276 2489 392 2556 urebat
424 2512 462 2557 ac
501 2492 665 2558 cruciabat
704 2493 784 2557 haec
822 2494 979 2572 molestia,
1020 2494 1105 2577 quod
1158 2503 1215 2571 tat,
1250 2494 1434 2577 ubicunque
1466 2496 1519 2572 sit,
1559 2493 1623 2559 Dei
1655 2513 1755 2558 manu
1794 2514 1829 2558 se
1861 2502 2042 2575 protectum
2075 2493 2128 2560 iri.

137 2575 304 2642 exsularet
324 2597 344 2640 a
365 2576 551 2643 sanctuario
574 2578 648 2656 Dei,
677 2592 711 2645 et
738 2599 904 2644 sacrorum
934 2601 994 2645 usu
1016 2600 1105 2645 care·
1160 2577 1289 2644 Alludit
1316 2596 1426 2644 autem
1455 2578 1496 2645 ad
1525 2579 1682 2661 templum
1711 2576 1795 2661 quod
1822 2578 1972 2643 fidelibus
1994 2577 2126 2661 symbo-

136 2672 194 2728 rat.
240 2659 361 2728 Subest
382 2663 484 2744 igitur
504 2663 540 2727 in
562 2683 642 2730 voce
664 2663 774 2729 Urium
796 2665 895 2731 tacita
923 2665 1106 2746 antithesis,
1158 2664 1226 2731 lum
1256 2674 1325 2729 erat
1346 2664 1550 2748 praesentiae
1578 2663 1659 2730 Dei:
1691 2683 1728 2729 ao
1756 2664 1784 2729 si
1814 2663 1945 2743 diceret,
1989 2662 2029 2726 Iii
2052 2684 2129 2729 cori·

138 2746 213 2831 quia
245 2746 422 2814 commodis
455 2748 604 2816 omnibus
629 2749 833 2832 posthabitis,
866 2750 1012 2817 intentus
1045 2752 1107 2816 init
1158 2750 1308 2834 cipiendo
1326 2762 1403 2817 voto
1413 2750 1498 2833 quod
1509 2750 1631 2831 retulit,
1649 2771 1684 2815 se
1698 2748 1833 2814 mininie
1847 2748 1962 2814 lusisse
1977 2769 2126 2831 operam:

137 2831 248 2899 David
280 2832 321 2898 ad
350 2834 473 2899 cultum
504 2834 577 2914 Dei,
621 2843 660 2901 ut
690 2836 801 2901 minus
834 2836 986 2901 acerbum
1020 2846 1106 2902 esset
1159 2837 1235 2919 quia
1257 2837 1404 2920 quisquis
1425 2836 1533 2901 Deum
1557 2857 1634 2904 vere
1656 2845 1688 2900 et
1705 2836 1833 2900 sincero
1856 2834 1965 2900 animo
1984 2847 2127 2917 quaeret,

138 2918 253 2984 domus
289 2939 369 2984 suae
405 2940 546 3001 accessu,
583 2942 681 3006 quam
716 2921 894 2989 sanctuarii
930 2922 1104 3004 prohiberi.
1158 2932 1249 2987 tutus
1281 2921 1396 2987 latebit
1429 2923 1490 2988 sub
1519 2922 1636 2988 umbra
1664 2920 1819 3004 praesidii
1852 2921 1932 2986 eius.
1975 2918 2029 2985 Ita
2063 2941 2127 2986 nori

137 3003 211 3071 Uno
249 3004 351 3087 igitur
390 3015 545 3071 contextu
586 3009 667 3073 haec
707 3006 845 3091 leganda
883 3016 971 3083 sunt,
1010 3009 1105 3074 unice
1157 3008 1288 3072 inanem
1311 3007 1424 3090 templi
1443 3009 1580 3090 figuram
1601 3028 1672 3072 esse
1695 3015 1848 3072 testatur:
1873 3007 1949 3088 quia
1969 3005 2037 3071 illio
2059 3005 2128 3071 alas

137 3087 302 3155 Davidem
331 3100 460 3173 optasse
489 3101 526 3157 ut
555 3093 720 3159 habitaret
750 3094 784 3157 in
814 3093 937 3175 templo
959 3093 1104 3159 Domini.
1157 3114 1234 3160 suas
1266 3092 1501 3175 quodammodo
1531 3091 1690 3176 expandit
1718 3090 1819 3168 Deus,
1853 3102 1891 3154 iit
1922 3089 2034 3157 fideles
2066 3090 2128 3157 sub

137 3176 252 3258 Neque
275 3174 363 3240 euim
381 3176 548 3259 probabile
565 3189 623 3256 est,
646 3179 818 3244 obscurum
841 3177 971 3261 aliquod
990 3185 1104 3244 votum
1157 3179 1294 3243 tutelam
1316 3198 1409 3242 suam
1432 3177 1572 3259 colligat.
1616 3175 1712 3242 Unde
1741 3176 1914 3254 concludit,
1944 3176 2020 3257 quia
2042 3175 2128 3240 nihil

138 3261 245 3326 notari
274 3261 360 3344 quod
389 3263 583 3346 supprimat,
617 3285 717 3347 quum
751 3273 861 3345 aperte
894 3262 1013 3329 clamet
1041 3285 1105 3346 qua
1157 3264 1262 3347 magis
1290 3263 1326 3325 in
1348 3263 1433 3328 votis
1456 3263 1561 3339 habet,
1592 3283 1690 3344 quam
1720 3261 1781 3326 sub
1811 3263 1890 3326 istas
1921 3259 1991 3325 alas
2012 3261 2092 3325 conf
2112 3295 2125 3308 ·

137 3346 283 3412 maxime
311 3367 389 3412 cura
410 3359 595 3430 angeretur.
640 3348 868 3415 Constantiam
891 3349 1008 3413 deinde
1029 3369 1104 3432 pro·
1156 3370 1242 3432 gere,
1265 3348 1464 3429 temporibus
1487 3348 1632 3413 advorsis
1654 3355 1803 3430 paratum
1826 3345 1887 3410 sibi
1910 3345 1979 3409 iore
2000 3345 2127 3429 asylum

138 3433 235 3514 positi
253 3432 411 3516 adiungit,
429 3434 516 3515 quod
535 3455 600 3500 non
619 3434 745 3500 desinet
763 3435 823 3499 lias
840 3455 952 3516 preces
969 3434 1103 3499 iterare:
1155 3434 1190 3498 in
1220 3434 1420 3516 protectione
1443 3434 1515 3513 Dei,
1545 3432 1630 3516 quod
1661 3432 1767 3514 Rupis
1795 3431 2009 3497 similitudine
2037 3432 2129 3496 inex-

138 3517 259 3583 multos
291 3518 379 3583 enim
413 3519 562 3585 videmus
598 3542 716 3604 magno
744 3520 867 3602 impetu
897 3520 1035 3599 incitari,
1068 3519 1103 3583 in
1154 3518 1330 3604 pugnabils
1369 3540 1439 3585 csse
1480 3519 1569 3595 dicit,
1613 3518 1762 3584 solebant
1794 3519 1883 3583 enim
1923 3536 2014 3582 arces
2047 3516 2127 3581 olim

138 3603 253 3686 quibus
293 3625 361 3668 non
400 3605 497 3671 modo
537 3626 689 3672 successu
727 3606 883 3687 temporis
921 3604 1104 3688 languescit
1154 3605 1350 3670 munitionis
1378 3626 1477 3671 causa
1505 3606 1541 3669 iii
1570 3605 1649 3670 locis
1672 3603 1809 3670 excelsis
1831 3602 1969 3668 exstrui.
2013 3601 2127 3682 Quari-

136 3687 242 3768 ardor,
265 3688 322 3755 sed
344 3690 509 3756 momento
531 3693 598 3758 fere
620 3691 851 3774 exstinguitur.
873 3692 963 3775 Ergo
984 3693 1019 3756 in
1042 3691 1102 3758 hoo
1155 3710 1252 3773 quam
1286 3700 1396 3756 autem
1429 3712 1517 3756 nunc
1550 3688 1692 3772 undique
1721 3690 1872 3773 cingatur
1900 3687 1940 3753 ab
1968 3687 2125 3765 hostibus,

135 3782 211 3840 voto
243 3796 279 3840 se
310 3781 380 3840 tota
413 3777 482 3842 vita
512 3788 796 3860 perseveraturum
830 3776 1008 3857 affirmans,
1041 3775 1102 3843 hac
1155 3798 1190 3841 se
1212 3788 1321 3842 tamen
1345 3776 1547 3860 superiorem
1569 3777 1638 3841 fore
1660 3775 1827 3859 gloriatur.
1868 3771 2031 3855 Loquutio
2054 3772 2124 3871 qui3

134 3868 213 3925 nota
234 3860 275 3926 ab
305 3859 484 3944 hypocritis
514 3883 549 3927 se
572 3862 738 3930 discernit.
781 3861 972 3927 Videndum
994 3873 1102 3927 tamen
1154 3861 1229 3927 dem
1258 3864 1336 3926 trita
1365 3871 1415 3926 est
1440 3862 1473 3925 in
1506 3861 1688 3943 scripturis,
1719 3861 1773 3942 qui
1803 3878 1953 3923 moerore
1975 3877 2124 3939 oppressi

134 3954 182 4011 est
204 3965 365 4029 quaenam
387 3948 472 4013 ratio
495 3958 663 4033 tantopere
679 3947 843 4016 Davidem
863 3947 1101 4014 stimulaverit:
1153 3957 1241 4026 sunt,
1281 3968 1400 4013 curvos
1433 3945 1583 4012 incedere
1617 3967 1653 4011 ac
1687 3945 1826 4010 demisso
1859 3942 1971 4010 vultu:
2011 3951 2126 4008 eontra

133 4038 260 4113 poterat
281 4039 369 4098 certe
390 4045 484 4098 extra
506 4036 664 4115 templum
686 4034 795 4099 Deum
824 4034 992 4099 invocare:
1023 4054 1101 4116 quo·
1152 4041 1273 4113 autem,
1324 4030 1453 4097 reddita
1494 4029 1631 4112 laetitia,
1685 4038 1785 4113 caput
1829 4028 1988 4094 attollere.
2058 4026 2123 4108 Sic,

134 4137 261 4200 cunque
297 4118 395 4182 etiam
433 4119 591 4202 profugus
626 4121 793 4203 migraret,
831 4141 942 4185 secum
979 4118 1102 4183 larebat
1153 4118 1284 4184 Psalmo
1306 4117 1335 4197 3,
1358 4118 1380 4182 4
1402 4118 1555 4200 loquutus
1577 4127 1627 4182 est
1649 4113 1777 4181 David:
1799 4115 1849 4180 Tu
1873 4114 2014 4181 Domine
2036 4113 2125 4179 exal·

135 4204 287 4267 eximiam
321 4203 385 4268 Dei
425 4206 683 4286 promissionem,
724 4213 761 4270 ut
792 4205 922 4270 externi
962 4203 1101 4270 aedificii
1152 4215 1202 4269 tas
1232 4213 1330 4288 caput
1362 4224 1483 4268 mcum.
1529 4202 1595 4269 Sed
1626 4203 1702 4285 quia
1731 4201 1785 4265 hio
1806 4198 1933 4265 obsidio
1957 4200 1998 4266 ab
2020 4200 2125 4267 altera

133 4298 342 4371 conspectum
370 4290 491 4354 morari
523 4310 588 4353 nori
627 4290 783 4357 debuerit.
824 4290 964 4354 Videtur
1002 4290 1101 4355 etiam
1151 4297 1243 4373 parte
1276 4290 1421 4373 ponitur,
1461 4289 1646 4371 exprimere
1685 4286 1791 4353 voluit
1823 4307 1858 4351 sc
1898 4286 1934 4349 in
1968 4286 2025 4350 illo
2058 4284 2124 4349 Dei

133 4375 244 4440 nescio
271 4372 350 4457 quid
372 4393 520 4441 crassum
549 4375 724 4459 imaginari
748 4375 787 4441 de
810 4376 880 4459 ipso
901 4374 983 4455 Deo,
1014 4395 1051 4439 ac
1073 4376 1101 4440 si
1152 4383 1286 4458 receptu
1318 4376 1492 4441 sublimem
1525 4374 1603 4454 iore,
1642 4383 1680 4438 ut
1720 4392 1832 4438 secure
1872 4371 1939 4436 tela
1979 4371 2124 4438 hostium

134 4479 209 4523 eum
229 4458 320 4544 ligno
342 4469 375 4524 et
402 4458 566 4545 lapidibus
596 4461 717 4544 alliget.
761 4462 886 4527 Verum
909 4461 938 4525 si
959 4459 1101 4545 pruden·
1153 4460 1315 4543 despiciat,
1350 4460 1467 4545 quibus
1501 4459 1622 4543 alioqui
1647 4459 1761 4524 fuisset
1795 4457 1973 4523 confossus.
2027 4452 2123 4537 Quod

133 4552 184 4609 ter
220 4543 437 4629 expendimus
470 4545 581 4623 verba,
623 4547 777 4630 colligere
809 4559 995 4631 promptum
1029 4548 1100 4626 crit,
1152 4567 1230 4613 vero
1251 4545 1285 4611 iii
1308 4546 1390 4612 tales
1412 4545 1581 4629 angustias
1602 4544 1763 4622 redactus,
1795 4563 1877 4626 quae
1906 4543 2122 4626 propinquam

134 4629 199 4695 alio
229 4631 337 4714 ipsum
360 4646 530 4714 spectasse,
560 4652 658 4715 quam
690 4632 731 4697 ad
753 4632 938 4717 praeclarae
959 4639 1100 4697 structu·
1152 4640 1289 4697 mortem
1322 4632 1569 4708 minitabantur,
1610 4650 1645 4696 se
1678 4631 1833 4697 victorem
1873 4628 1942 4692 fore
1981 4624 2123 4705 confidit,

10 4790 12 4793 ¹
132 4735 189 4780 rae
231 4725 266 4782 et
308 4718 484 4800 quamlibet
527 4717 662 4800 pretiosi
704 4728 840 4784 ornatus
882 4726 1099 4801 conspectum.
1151 4719 1280 4802 insigne
1307 4718 1383 4783 fidei
1405 4736 1483 4784 suae
1510 4718 1674 4803 specimen
1697 4715 1846 4800 praebet:
1876 4734 1939 4795 quo
1969 4712 2123 4777 doeemur

131 4801 295 4884 Loquitur
327 4802 456 4885 quidem
487 4802 526 4868 de
554 4803 665 4886 templi
689 4802 919 4886 pulcritudine,
949 4802 1100 4869 sedeam
1151 4824 1217 4868 noii
1261 4804 1369 4869 metiri
1414 4803 1477 4867 Dei
1521 4803 1680 4868 auxilium
1725 4810 1862 4865 externa
1906 4798 2023 4880 specie,
2067 4796 2122 4862 vel

134 4907 201 4950 non
234 4899 302 4953 tam
335 4889 370 4951 in
403 4888 526 4954 oculari
559 4891 665 4971 specie
698 4890 790 4967 locat,
824 4911 922 4973 quam
954 4889 990 4953 in
1022 4899 1101 4972 typo
1151 4898 1286 4954 externo
1309 4888 1420 4954 modo:
1444 4886 1501 4954 sed
1523 4888 1630 4954 media
1652 4907 1780 4970 quoque
1799 4887 1835 4948 in
1858 4892 1960 4947 morte
1981 4882 2121 4948 salutem

131 4972 274 5050 coelesti,
316 4973 371 5055 qui
409 4974 495 5040 Mosi
535 4974 598 5039 fuit
637 4975 831 5058 propositus,
873 4986 910 5039 ut
945 4974 1101 5054 habetur,
1151 4995 1283 5058 sperare
1305 4996 1347 5040 ex
1369 4973 1496 5041 victrici
1519 4974 1590 5040 eius
1613 4993 1720 5038 manu.

132 5058 239 5125 Exod.
273 5058 324 5139 25,
367 5059 427 5125 40:
494 5059 579 5126 Vide
624 5070 661 5125 ut
713 5060 824 5125 omnia
863 5060 962 5126 iacias
1009 5062 1101 5127 iuxta
1236 5062 1266 5125 6.
1290 5060 1347 5146 (Et
1366 5059 1549 5141 emrifioubo
1568 5061 1603 5124 in
1625 5054 1775 5141 tentorio)
1797 5054 1924 5154 Yotuni
1940 5055 2122 5138 gratiarum

1152 5147 1288 5212 actionis
1310 5165 1512 5229 nuncupans,
1535 5156 1706 5227 postquam
1725 5164 1766 5206 ex
1783 5139 1969 5205 discrimine
1991 5146 2122 5223 ereptus

219 5245 248 5316 t)
265 5265 299 5302 su
315 5249 377 5303 ionr
393 5249 430 5304 du
447 5251 509 5316 mit,
532 5265 566 5304 ss
583 5265 690 5320 morus.-
708 5266 750 5317 ou,
769 5248 938 5304 d’adveisite'.
1153 5233 1260 5314 fuerit,
1298 5253 1333 5298 se
1372 5233 1492 5298 iterum
1530 5232 1565 5296 in
1598 5251 1656 5316 spe
1696 5226 1898 5292 liberationis
1937 5227 2123 5294 confirmat.

237 5332 346 5389 Caluini
358 5349 449 5404 opera.
474 5335 536 5392 Vol.
547 5334 666 5394 XXXI.
1886 5329 1921 5384 18
