4658 5856
216 339 278 408 399
997 334 1212 403 Psanuus
1233 334 1403 401 XXXIX.
2126 336 2191 404 400

298 526 327 590 5.
353 525 468 590 Nolam
498 525 559 604 fae.
615 525 703 590 Hinc
741 532 891 607 apparet,
936 544 1104 608 perperam
1143 532 1177 588 ιι
1227 522 1370 588 stulandi
1399 543 1472 589 cum
1504 524 1577 588 Deo
1609 524 1685 589 inde
1716 525 1841 608 arripit.
1896 525 1952 592 Sic
1986 544 2063 609 ergo
2096 524 2190 590 nobis

216 612 330 677 vitioso
363 630 498 676 excessu
530 611 628 676 luisse
660 609 847 691 abreptum,
890 609 967 694 quia
999 630 1072 676 cum
1105 607 1177 674 Deo
1227 609 1345 674 misera
1374 619 1486 674 nostm
1514 609 1655 674 conditio
1686 609 1871 694 displiceat,
1904 622 1941 676 ut
1971 612 2128 695 prostrati
2158 620 2191 674 et

217 696 410 782 expostulat,
433 696 529 762 sicuti
552 717 592 761 ex
614 702 767 762 contextu
789 696 906 761 elarius
928 694 1061 778 patebit.
1095 694 1177 760 Mis·
1226 693 1386 777 supplices
1417 694 1457 758 ad
1492 691 1554 759 Dei
1593 694 1847 761 misericordiam
1880 696 2030 762 tollamus
2064 694 2189 761 oculos:

215 781 452 865 oebitquidem
475 781 667 865 paulopost
694 789 823 847 sanctas
845 789 878 846 et
899 781 961 845 rite
985 779 1177 862 compositas
1226 778 1311 861 quod
1344 781 1441 844 etiam
1464 799 1541 845 mox
1573 779 1652 846 iacit
1671 779 1781 846 David
1809 802 1844 847 ιι
1873 782 1977 867 ipsum
2010 782 2189 864 corrigens.

214 888 342 952 preces:
372 865 504 932 sedhic
531 865 664 950 indigne
691 867 767 941 lert,
798 887 897 950 quum
926 865 1046 931 fluidus
1074 863 1118 929 sit
1145 873 1178 929 ιι
1227 863 1341 947 Neque
1363 866 1450 929 enim
1473 864 1622 931 subsistit
1650 865 1683 930 in
1707 865 1763 930 illa
1784 867 1918 933 confusa
1946 866 2190 945 lamentatione,

213 953 355 1019 caducus
378 953 491 1029 homo,
525 971 559 1016 ιι
592 972 656 1016 non
682 950 794 1016 mitius
816 952 963 1018 tract-ari:
996 949 1177 1018 cuiusmodi
1227 950 1283 1015 sed
1306 950 1382 1014 fidei
1405 971 1501 1015 sensu
1525 950 1742 1016 transscendit
1762 951 1804 1017 ad
1828 952 1964 1018 coeleste
1985 951 2147 1017 solatium.

214 1039 356 1122 querelis
377 1057 541 1102 sermones
562 1035 619 1102 Iob
649 1037 716 1101 iere
740 1037 852 1101 referti
874 1047 960 1103 snnt.
1003 1035 1076 1102 Non
1100 1057 1177 1119 ergo
1312 1035 1340 1100 7.
1365 1034 1466 1119 (Certe
1486 1036 1522 1099 ιἰι
1542 1035 1677 1121 embra.)
1720 1037 1935 1120 Prosequitur
1955 1036 2092 1103 eandem
2116 1058 2190 1103 sen-

212 1125 285 1190 sine
317 1121 483 1188 stomacho
516 1131 551 1186 et
583 1119 805 1204 indignatione
838 1122 930 1189 dicit:
970 1120 1109 1202 Quando
1141 1131 1176 1185 tu
1227 1121 1371 1186 tentiam.
1405 1120 1549 1187 Umbrae
1570 1122 1657 1186 onim
1680 1123 1812 1187 nominc
1833 1122 1997 1206 significat
2015 1121 2099 1186 nibil
2121 1142 2192 1188 esse

212 1209 304 1274 Deus
326 1227 451 1273 mecum
474 1215 540 1272 tem
564 1227 676 1271 severe
698 1207 784 1290 agis,
806 1207 858 1274 fac
880 1207 993 1274 saltem
1017 1219 1056 1271 ut
1077 1205 1176 1272 sciam
1227 1206 1262 1270 in
1296 1206 1426 1271 bomine
1458 1206 1614 1284 solidum,
1645 1207 1701 1272 sed
1736 1208 1890 1272 insanam
1921 1206 1972 1293 (ut
1998 1207 2192 1293 loquuntur)

211 1303 369 1376 quantum
392 1293 473 1357 mibi
495 1293 650 1375 temporis
668 1293 915 1377 praescripseris
932 1292 972 1357 ad
989 1291 1176 1358 vivendum.
1227 1292 1460 1376 apparentiam.
1505 1293 1672 1357 Tenebras
1693 1293 1827 1375 quidam
1846 1302 1992 1374 vertum,
2015 1303 2054 1357 ιιι
2075 1313 2191 1359 sonam

211 1379 314 1462 Atqui
327 1387 525 1443 momentum
549 1387 598 1442 est
617 1378 685 1442 vita
702 1398 784 1443 mea.
819 1378 908 1459 Quid
931 1398 1006 1462 ergo
1028 1378 1088 1444 sibi
1107 1377 1178 1443 vult
1227 1378 1279 1453 sit,
1301 1378 1401 1441 vitam
1425 1377 1566 1443 hominis
1586 1397 1778 1443 evanescere
1795 1386 1970 1461 antequam
1991 1378 2093 1460 possit
2114 1399 2191 1462 cog·

213 1474 322 1529 tantus
345 1462 455 1548 rigor?
478 1471 511 1527 et
532 1484 591 1529 eur
607 1464 798 1529 immensam
811 1464 969 1529 malorum
992 1463 1176 1546 congeriem
1227 1463 1334 1528 nosci:
1365 1462 1421 1527 sed
1449 1463 1641 1548 simpliciter
1670 1463 1835 1546 praedicet
1856 1462 1966 1531 David
1987 1464 2027 1530 de
2048 1463 2190 1548 singulis

210 1550 243 1615 in
265 1556 364 1632 caput
387 1569 494 1614 meum
509 1547 704 1630 accumulas,
727 1570 763 1615 ιι
785 1549 813 1614 si
835 1549 947 1615 multis
969 1548 1106 1615 saeculis
1120 1547 1175 1613 ad·
1225 1545 1412 1613 hominibus
1434 1549 1520 1630 quod
1542 1547 1664 1613 Paulus
1688 1549 1715 1613 l.
1734 1548 1846 1614 Corin.
1874 1549 1893 1612 7
1902 1599 1911 1630 ,
1939 1549 1992 1614 31.
2014 1548 2055 1613 ad
2083 1557 2188 1614 totum

212 1635 276 1701 huc
295 1635 440 1700 victurus
463 1632 590 1699 essem?
620 1632 695 1716 quid
717 1635 808 1699 iuvat
828 1654 882 1699 me
903 1645 1016 1700 natum
1038 1654 1118 1709 esse,
1140 1641 1177 1697 ut
1227 1630 1387 1697 mundum
1416 1634 1581 1712 extendit,
1615 1654 1731 1717 nempe
1764 1632 1903 1700 transire
1934 1635 2006 1701 eius
2038 1636 2187 1720 figuram

210 1739 269 1804 per
291 1720 480 1786 continuam
501 1718 660 1784 malornm
683 1719 800 1784 seriem
828 1719 1056 1785 brevissimum
1089 1719 1176 1783 vitae
1226 1718 1673 1803 Atqueitanegstlirmum
1697 1718 1819 1801 inillis
1847 1741 1917 1785 esse
1942 1728 2082 1801 statum,
2112 1720 2191 1804 quia

209 1819 338 1889 tempus
370 1805 488 1870 misere
520 1803 709 1870 traducam?
763 1803 842 1870 Ideo
881 1805 1078 1871 coniunctim
1110 1804 1176 1888 legi
1226 1804 1348 1886 speeies
1371 1805 1501 1869 virtutis
1522 1825 1604 1888 quae
1621 1801 1662 1868 ud
1680 1805 1777 1871 breve
1794 1814 1922 1888 tempus
1944 1813 2090 1890 apparet,
2111 1824 2190 1872 mox

210 1889 304 1956 debet
336 1889 506 1973 proximus
538 1910 660 1966 semus,
715 1888 794 1955 Ecce
819 1890 958 1973 posside?
995 1891 1063 1955 dies
1093 1909 1176 1955 meos
1227 1888 1369 1973 effugiat.
1403 1888 1498 1969 Quod
1521 1889 1619 1969 addit,
1642 1889 1765 1955 frustra
1786 1909 1841 1954 eos
1854 1891 2055 1971 tumultuari,
2075 1911 2190 1956 cumu-

208 1977 313 2042 iastur
340 1975 527 2057 palmorum.
577 1975 641 2041 Ειι
681 1983 787 2040 autem
830 1984 970 2058 quatuor
1001 1974 1175 2060 digitorum
1227 1973 1277 2039 lus
1299 1983 1351 2039 ιιι
1367 1975 1535 2059 vanitatis,
1557 1996 1594 2042 ac
1616 1975 1643 2042 si
1662 1973 1806 2054 dixisset,
1829 1974 1933 2040 videri
1953 1976 1989 2041 in
2010 1975 2073 2041 hoo
2094 1984 2189 2042 ustos

208 2082 370 2137 mensura,
402 2080 485 2144 quae
518 2060 571 2125 bic
601 2078 661 2143 pro
696 2060 814 2144 exigua
843 2081 995 2126 mensura
1026 2061 1176 2141 sumitur,
1227 2058 1385 2136 homines,
1407 2068 1444 2124 ut
1464 2061 1515 2127 bis
1536 2061 1662 2128 ridiculi
1684 2061 1758 2139 sint,
1779 2060 1856 2144 quia
1872 2081 1989 2144 parum
2011 2082 2032 2127 a
2051 2062 2190 2145 spectris

208 2166 246 2213 ac
278 2147 306 2211 si
339 2145 474 2224 diceret,
515 2146 614 2210 vitam
654 2144 795 2211 hominis
827 2144 932 2212 subito
964 2146 1176 2226 transvolare,
1227 2141 1397 2209 differant:
1419 2153 1454 2210 et
1476 2155 1585 2211 temen
1603 2145 1722 2222 stultis,
1744 2147 1809 2211 imo
1827 2147 1949 2212 insanis
1963 2146 2051 2213 cuns
2067 2148 2191 2213 mustra

209 2240 243 2297 et
271 2232 369 2297 finem
406 2232 476 2296 eius
512 2229 606 2296 initio
634 2231 702 2295 lere
734 2251 805 2296 ιιιι
836 2230 1036 2315 coauguum.
1078 2230 1175 2298 Unde
1225 2250 1261 2295 se
1282 2229 1431 2314 fatigent.
1476 2229 1606 2298 (ilarius
1633 2240 1741 2296 autem
1771 2232 1926 2314 exprimit
1951 2252 2007 2298 eos
2034 2231 2189 2314 desipere,

208 2316 374 2384 concludit
417 2324 549 2382 cunctos
592 2314 745 2381 mortales
788 2336 895 2381 coram
936 2316 1008 2381 Deo
1051 2336 1174 2383 meram
1248 2315 1312 2380 uod
1325 2315 1402 2380 dum
1424 2337 1460 2382 se
1482 2318 1578 2382 anxie
1599 2317 1802 2399 occupantia
1815 2316 2082 2383 coacervandiso
2103 2317 2188 2394 ibus,

210 2423 281 2468 esse
303 2403 492 2467 vanitatem.
536 2401 707 2482 Quantum
737 2399 778 2466 ιιι
807 2401 909 2467 verbe
938 2410 1077 2485 spectat,
1107 2421 1173 2467 non
1225 2401 1236 2465 i
1264 2400 1292 2466 is
1313 2401 1348 2464 in
1368 2410 1510 2466 mentem
1531 2423 1595 2468 non
1618 2402 1711 2467 venit
1739 2403 1847 2469 subita
1875 2404 2037 2487 migratio.
2078 2338 2188 2483 Quor·

209 2488 351 2572 postulat
373 2485 481 2552 David
509 2486 573 2552 sibi
600 2486 726 2552 ostendi
751 2487 836 2553 vitae
863 2485 1057 2553 brevitatem
1080 2488 1173 2570 quasi
1226 2506 1298 2551 sum
1321 2486 1408 2551 enim
1430 2508 1464 2552 se
1487 2486 1566 2552 adeo
1588 2496 1804 2564 macerarent,
1826 2487 1890 2553 nisi
1910 2488 1987 2571 quia
2006 2487 2188 2573 imaginan-

209 2574 488 2657 essetineognita:
510 2571 836 2654 sedironieeepeeies
854 2584 912 2649 est,
935 2593 973 2638 at
995 2571 1173 2651 sidixissit,
1225 2580 1282 2635 tur
1301 2571 1386 2635 nibil
1411 2572 1472 2638 sibi
1500 2572 1669 2639 sufficere?
1725 2571 1866 2639 Perinde
1895 2573 1983 2638 enim
2012 2594 2072 2639 sua
2100 2572 2190 2638 inex·

209 2656 434 2741 supputemus
469 2676 629 2722 annorum
664 2677 838 2722 numerum
874 2657 930 2740 qui
957 2656 1039 2722 mihi
1068 2657 1174 2724 adhuc
1225 2655 1336 2737 plebili
1358 2657 1534 2739 eupiditate
1554 2679 1668 2724 omues
1695 2657 1809 2724 mundi
1835 2658 1945 2741 copias
1974 2657 2189 2743 ingurgitant,

209 2742 330 2810 residui
352 2749 440 2826 sunt,
462 2763 505 2807 an
528 2740 569 2807 ad
625 2740 751 2807 alorum
794 2762 856 2807 uae
876 2741 1003 2825 perlem
1024 2763 1175 2826 compen-
1225 2759 1263 2806 ιι
1296 2742 1323 2806 si
1356 2750 1486 2808 centum
1519 2743 1656 2809 saeculis
1684 2752 1794 2810 ιιιιιιι
1815 2744 1944 2810 victuri.
1987 2743 2090 2810 Porro
2122 2764 2191 2809 non

211 2829 369 2895 sationem
402 2828 571 2894 sufficient.
640 2839 697 2911 'm
719 2762 850 2911 quidam
872 2826 1078 2893 Mundanum
1101 2849 1174 2892 ver·
1225 2825 1336 2890 ιιιιιιιι
1370 2827 1501 2892 omnino
1540 2849 1638 2894 sensu
1670 2829 1780 2895 David
1814 2829 1983 2895 hominum
2015 2829 2187 2895 avaritiam

211 2927 294 2992 tunt,
317 2913 373 2978 alii
394 2913 630 2997 Temporalem.
665 2912 831 2979 Posterior
852 2913 1075 2996 interpretatio
1096 2933 1174 2995 qua·
1225 2908 1361 2991 deridet,
1382 2911 1733 2995 quoSolomoEceles.
1756 2914 1849 2998 5,9,:
1872 2915 2032 2997 quianon
2054 2922 2187 2979 tantum

211 3001 305 3065 drare
327 3020 393 3064 non
405 3006 520 3083 potest,
540 3000 616 3081 quia
627 2995 772 3062 nondum
791 2998 899 3081 palam
922 2997 1075 3081 exprimit
1086 2998 1175 3064 vitae
1225 2995 1266 3060 ιιι
1295 2995 1487 3063 haeredibus
1514 2999 1673 3083 loquitur,
1706 2998 1762 3066 sed
1792 3000 1989 3085 generaliter
2019 2998 2099 3065 dicit
2131 3020 2188 3064 eos

210 3105 287 3152 suae
310 3085 519 3161 brevitatem,
549 3083 606 3149 sed
635 3083 786 3167 ambigue
813 3082 919 3150 adbuc
940 3084 1092 3166 loquitur.
1135 3083 1174 3150 Si
1225 3089 1382 3166 satagere,
1405 3103 1503 3166 quum
1526 3086 1793 3151 tamennescient
1814 3085 1960 3168 adquam
1971 3094 2188 3168 perventurus

211 3191 330 3236 nomen
353 3169 513 3235 Mundani
543 3169 683 3252 placeat,
717 3189 832 3235 sensus
860 3170 938 3247 erit,
970 3166 1103 3234 ostende
1131 3190 1173 3234 an
1226 3166 1270 3231 sit
1290 3170 1425 3234 fruetus.
1448 3168 1583 3234 Vellent
1593 3168 1723 3251 quidem
1744 3171 1805 3236 sibi
1816 3168 2004 3237 consulere:
2025 3168 2083 3235 sed
2104 3188 2188 3252 quae

211 3255 293 3321 mihi
315 3255 419 3320 vitam
443 3275 546 3338 usque
567 3253 608 3319 ad
630 3253 744 3319 mundi
767 3256 862 3319 linem
885 3274 1060 3339 prorogare
1082 3254 1173 3320 velis.
1226 3251 1389 3318 dementia
1410 3262 1461 3320 est
1481 3254 1655 3321 infeliciter
1686 3276 1722 3322 ιι
1748 3264 1899 3340 torquere
1927 3255 2079 3321 inanibus
2099 3256 2189 3322 curis

210 3340 278 3408 Sed
301 3341 437 3418 rectius,
467 3358 539 3404 meo
566 3340 700 3418 iudicio,
728 3339 883 3421 estquod
913 3350 1068 3422 sequutus
1090 3361 1173 3420 sum,
1225 3358 1306 3420 quae
1327 3338 1453 3404 nullum
1473 3341 1571 3406 finem
1594 3361 1655 3406 nec
1675 3340 1809 3408 modum
1831 3340 1995 3407 habeant?
2026 3339 2189 3407 Persidas

210 3426 295 3490 etin
314 3446 391 3491 voce
409 3433 602 3507 potestesse
621 3425 852 3506 mustuosis-r
872 3436 904 3490 ιι
916 3404 951 3509 ¹>
980 3425 1173 3508 Quanquam
1224 3423 1311 3502 enim
1334 3434 1368 3488 et
1396 3426 1586 3508 praecipites
1613 3447 1708 3492 curas
1736 3426 1885 3506 damnat,
1914 3426 2033 3509 quibus
2060 3424 2187 3508 abrepti

210 3517 315 3594 potest
336 3510 434 3575 etiam
458 3509 585 3592 proprie
603 3529 662 3593 pro
680 3517 795 3584 aetate,
818 3520 875 3574 aut
892 3511 980 3575 vitae
999 3511 1104 3593 spatio
1121 3531 1173 3577 ac·
1224 3508 1353 3590 profani
1386 3509 1550 3589 homines,
1579 3510 1704 3576 coelum
1732 3524 1839 3576 terrae
1868 3512 2021 3590 miscent,
2049 3509 2129 3576 dum
2150 3530 2188 3577 se

211 3595 288 3679 cipi,
310 3594 365 3660 ubi
387 3613 612 3659 serumserum
633 3596 726 3676 quasi
745 3595 880 3660 nibilum
901 3614 1006 3660 eoram
1018 3596 1087 3660 Deo
1104 3615 1174 3661 esse
1224 3594 1379 3658 mortales
1400 3615 1470 3661 esse
1499 3617 1565 3660 non
1593 3605 1763 3680 reputant:
1791 3605 1917 3661 tautum
1947 3595 2039 3663 abest
2064 3603 2104 3661 ιιι
2129 3614 2188 3682 ag·

211 3681 291 3748 dicit
303 3701 367 3762 quo
386 3680 489 3763 magis
501 3679 541 3742 ad
553 3678 805 3746 misericordiam
818 3701 892 3745 eum
903 3692 1098 3762 permoveat,
1116 3700 1175 3745 sua
1225 3689 1360 3743 noscant
1388 3680 1491 3745 vitam
1518 3701 1609 3745 suam
1638 3683 1677 3745 ad
1706 3694 1845 3764 quatuor
1872 3681 1991 3766 digitos
2022 3681 2188 3766 restringi

209 3766 395 3852 fragilitatis
420 3775 534 3831 testem
558 3764 666 3847 ipsum
691 3766 779 3841 citat,
808 3765 995 3850 significans
1018 3786 1091 3831 eum
1112 3765 1174 3830 mi·
1224 3760 1419 3846 Quanquam
1442 3774 1549 3830 antem
1572 3764 1682 3831 David
1704 3787 1745 3832 ex
1767 3768 1978 3850 incomposito
2002 3775 2037 3832 et
2057 3767 2189 3833 turbato

210 3853 298 3917 nime
326 3852 426 3916 latere
456 3872 554 3934 quam
583 3851 722 3916 evanida
749 3850 956 3916 sithominis
978 3851 1056 3916 rita.
1099 3850 1176 3921 Toto
1225 3848 1325 3912 enimi
1352 3850 1470 3916 affectu
1499 3850 1560 3915 boc
1591 3851 1744 3935 protulit,
1776 3872 1834 3935 per
1866 3873 1901 3919 se
1929 3862 2039 3917 ιιιιιιιι
2073 3852 2189 3918 utilem

211 3938 338 4002 ιιιιιαι
355 3938 406 4002 ιιι
429 3937 540 4019 omnis,
563 3936 753 4001 tantundem
767 3935 854 4002 valet
876 3958 913 4002 ιι
934 3938 961 4001 si
974 3934 1118 4015 dixisset,
1141 3936 1175 3999 in
1225 3932 1406 3999 doctrinam
1427 3935 1586 4015 continet,
1611 3936 1738 4001 nullum
1761 3935 1803 4002 ad
1825 3936 2048 4021 temperandas
2075 3958 2188 4022 super·

212 4031 281 4086 toto
294 4022 437 4086 humano
455 4042 572 4105 genere
594 4021 676 4086 nibil
699 4042 770 4088 esse
790 4031 920 4105 praeter
941 4042 1064 4086 meram
1084 4022 1174 4086 vani·
1225 4038 1343 4084 vacuas
1372 4039 1467 4086 curas
1497 4020 1613 4086 melius
1635 4021 1813 4087 remedium
1840 4043 1926 4102 esse,
1958 4042 2057 4106 quam
2087 4033 2126 4088 nt
2153 4024 2190 4088 in

212 4116 329 4170 tatem:
354 4107 416 4172 boo
437 4116 546 4172 eutem
569 4106 733 4191 praedicat
755 4106 794 4172 de
816 4107 1001 4172 hominibus
1022 4107 1079 4172 ubi
1099 4126 1174 4172 eon·
1224 4111 1365 4169 mentem
1386 4105 1481 4170 nobis
1494 4106 1614 4185 veniat,
1638 4109 1724 4173 vitae
1736 4120 1865 4174 nostrae
1882 4108 2081 4176 curriculum
2097 4109 2190 4193 qnasi

212 4191 343 4270 sistunt,
365 4190 427 4256 boc
448 4201 499 4257 est
520 4190 597 4256 dum
619 4193 653 4256 in
671 4195 841 4274 praecipuo
863 4192 1176 4276 suevigorevolunt
1224 4190 1368 4272 palmare
1389 4211 1469 4256 esse.

212 4275 333 4359 aliquid
357 4277 492 4342 censeri.
527 4277 600 4342 Etsi
623 4288 732 4342 autem
754 4277 1043 4360 hasquerimonias
1054 4275 1175 4343 Devidi

214 4361 375 4445 expressit
397 4382 531 4439 moeror,
553 4360 732 4426 notandum
744 4369 851 4427 tamen
875 4374 933 4440 est,
957 4371 1035 4427 tune
1045 4361 1174 4427 demum
1312 4359 1342 4424 8.
1365 4356 1410 4424 Ει
1429 4380 1511 4426 nanc
1531 4362 1608 4442 qaid
1628 4366 1765 4444 respuo
1787 4362 1947 4430 Domine?
1966 4384 2037 4447 spes
2057 4384 2128 4430 men
2145 4365 2188 4430 od

212 4448 334 4514 sentire
356 4446 504 4510 homiues
525 4466 623 4527 quam
653 4446 734 4512 nihil
763 4447 844 4524 sint,
874 4448 950 4512 dum
980 4457 1175 4531 premuntur
1225 4450 1326 4511 ἰιιιι.
1370 4445 1399 4509 9.
1423 4445 1477 4510 Es
1502 4446 1644 4512 omnibus
1663 4449 1798 4529 poetutt's
1821 4450 1899 4515 mia
1927 4450 2013 4533 eripe
2040 4470 2104 4530 me,
2134 4469 2185 4531 op·

212 4532 310 4598 rebus
332 4531 485 4597 adversis.
529 4531 597 4596 Res
624 4533 709 4606 enim
732 4533 891 4598 secundae
922 4554 974 4599 eos
1003 4533 1174 4614 inebriant,
1220 4531 1384 4613 probrium
1404 4530 1492 4596 satta
1504 4530 1534 4616 *)
1555 4553 1593 4597 ne
1613 4537 1736 4600 ιιιιιιι
1756 4555 1813 4599 mc.
1858 4534 2098 4615 racematus,
2126 4554 2185 4602 ιιι

213 4626 250 4683 ιιι
271 4638 348 4683 suae
370 4617 464 4682 sortis
487 4615 578 4680 obliti
600 4625 632 4681 ιι
644 4626 770 4699 torpore
792 4619 911 4702 stupidi
934 4619 1097 4684 somnient
1117 4619 1175 4681 im·
1224 4616 1368 4698 operiam
1385 4635 1419 4681 οι
1439 4635 1550 4696 meurs,
1571 4619 1647 4700 qaia
1669 4625 1704 4685 ιι
1723 4619 1833 4701 {mista

212 4703 381 4769 mortalem
404 4710 523 4767 statum
555 4702 588 4764 in
612 4713 708 4766 terra.
753 4702 949 4787 Quanquam
980 4712 1087 4768 autem
1117 4723 1173 4785 ep-

212 4790 317 4872 prime
338 4788 429 4853 utilis
451 4793 500 4853 est
522 4786 708 4870 fragilitatis
737 4797 867 4853 nostrae
895 4789 1026 4868 notitia,
1056 4808 1173 4853 caven·
1311 4786 1340 4851 8.
1362 4783 1420 4868 (Ei
1440 4806 1521 4851 aaut
1541 4789 1619 4870 qaid
1638 4792 1797 4876 aspecto.)
1828 4792 2007 4874 Postquam
2018 4789 2184 4858 confessus

213 4873 291 4938 dum
318 4882 427 4939 tamen
457 4882 507 4938 est
534 4893 575 4938 ne
604 4893 705 4956 pravo
733 4873 837 4938 taedio
868 4895 927 4941 nos
955 4871 996 4938 ad
1023 4874 1173 4959 indigna·
1225 4879 1276 4936 ιιι
1297 4869 1405 4934 David
1430 4892 1465 4936 ss
1487 4873 1588 4937 animi
1616 4875 1742 4940 fervore
1770 4876 1870 4942 luisse
1891 4878 1988 4941 nimis
2010 4877 2183 4950 turbatum,

213 4959 335 5024 donem
357 4957 511 5025 stimulet.
555 4958 642 5023 Vere
663 4955 772 5024 David
793 4971 826 5023 et
847 4960 1009 5043 sapienter
1030 4980 1173 5043 pronun·
1224 4956 1289 5021 iam
1312 4954 1353 5019 ad
1375 4975 1488 5022 sanam
1512 4968 1543 5023 ιι
1559 4960 1699 5041 quietam
1721 4971 1863 5026 mentem
1885 4982 1922 5029 se
1943 4961 2076 5044 recipit:
2099 4960 2183 5028 unde

214 5044 291 5123 tiat,
324 5046 420 5109 etiam
454 5044 531 5109 dum
560 5045 702 5108 maxime
724 5044 882 5110 excellere
911 5045 1007 5110 homo
1036 5045 1172 5120 videtur,
1224 5093 1430 5103 ..-.--

215 5137 321 5193 totum
355 5129 436 5193 nibil
471 5129 557 5195 aliud
588 5150 658 5195 esse
687 5151 783 5213 quam
815 5130 933 5195 bullam
962 5151 1002 5194 ex
1031 5130 1174 5196 vanitate
1293 5160 1321 5228 ι)
1338 5160 1395 5227 Ful,
1421 5175 1456 5215 ,η
1479 5177 1585 5232 ΜΨ,
1612 5182 1646 5220 ou
1672 5172 1806 5220 „mut
1832 5173 1860 5220 οἳ
1885 5166 2035 5222 dubauohe'
2070 5184 2106 5224 ou
2130 5182 2182 5221 mg

214 5215 405 5279 conflatam:
427 5215 461 5279 in
483 5235 521 5279 ιο
543 5214 648 5279 solum
670 5223 797 5299 peccat,
825 5216 909 5299 quod
937 5236 1049 5281 ansam
1076 5234 1174 5297 expo·
1227 5229 1329 5286 seham
2036 5206 2044 5232 '
