4658 5856
171 266 212 330 27

162 452 326 518 Dominus
350 449 440 516 urbis
462 449 560 516 huius
590 449 743 515 misertus
765 445 929 514 exititales
961 443 1035 511 illas

159 566 271 630 turbas
295 563 449 640 sedasset,
480 582 517 627 ac
539 560 683 626 mirabili
711 581 770 626 sua
797 559 919 623 virtute
942 555 1035 622 dissi-

159 683 266 759 passet
295 681 362 738 tam
390 673 547 740 scelerata
576 672 710 739 consilia
739 680 837 755 quam
859 669 1035 754 sanguina-

161 788 225 852 rios
236 795 384 864 conatus,
407 785 489 849 mihi
506 784 663 866 pristinae
675 782 823 847 stationis
841 781 1037 865 repetendae

159 909 288 981 praeter
320 898 421 961 animi
445 904 556 961 votum
579 894 733 977 imposita
762 894 824 958 fuit
851 893 1034 960 necessitas.

161 1008 234 1074 Etsi
265 1009 354 1073 enim
383 1009 496 1073 maiori
526 1027 623 1073 curae
653 1013 724 1070 6661
754 1005 852 1070 huius
882 1003 1036 1070 eeclesiae

160 1118 258 1196 salus,
278 1141 375 1202 quam
394 1127 432 1183 ut
449 1119 518 1185 eius
536 1140 635 1184 causa
653 1125 791 1181 mortem
810 1124 963 1200 oppetere
985 1136 1037 1178 re·

160 1250 325 1296 66666666
358 1230 438 1294 mihi
462 1239 573 1295 temen
596 1229 719 1294 multos
741 1227 960 1294 excusationis
983 1249 1035 1292 co·

160 1341 245 1406 16666
269 1342 464 1425 suggerebat
486 1362 559 1405 mea
581 1339 749 1419 timiditas,
772 1361 831 1405 eur
845 1361 910 1404 non
933 1338 1036 1404 liben-

161 1464 211 1518 ter
234 1454 387 1518 humeros
409 1451 449 1516 de
480 1453 611 1535 integro
641 1453 833 1517 subiicerem
856 1452 947 1516 oneri
970 1463 1035 1515 tam

161 1566 271 1630 arduo.
302 1564 391 1631 Vicit
415 1564 549 1629 tandem
572 1563 670 1628 efficii
692 1564 805 1645 religio
828 1584 865 1629 ac
886 1563 977 1642 fides,
1000 1570 1037 1627 ut

160 1678 253 1760 gregi
276 1697 295 1739 6
317 1699 380 1759 (666
403 1676 539 1741 avulsus
569 1675 693 1739 fueram
724 1696 777 1738 me
814 1676 1035 1740 restituerem:

161 1797 284 1871 quanto
312 1797 425 1853 tamen
453 1808 526 1851 cum
553 1806 698 1851 moerore
725 1787 855 1868 quantis
883 1787 1038 1866 lacrymis

161 1907 195 1963 et
225 1911 348 1982 quanta
377 1900 559 1976 anxietate,
590 1899 753 1964 Dominus
782 1899 864 1963 mihi
893 1898 1037 1982 optimus

161 2011 256 2077 166116
278 2020 337 2087 661,
373 2023 406 2075 61
426 2009 523 2074 multi
553 2011 598 2092 pii
620 2011 779 2088 hemines,
809 2011 862 2092 qui
888 2010 949 2076 hae
971 2031 1038 2074 mo-

162 2122 257 2188 lestia
279 2121 454 2186 liberatum
476 2142 529 2186 mo
559 2130 737 2204 optassent,
768 2122 832 2187 nisi
862 2120 948 2187 idem
971 2143 1039 2187 me·

164 2245 217 2298 tus
257 2253 322 2316 quo
362 2233 503 2317 urgebar
543 2233 734 2299 constrictos
774 2233 872 2298 simul
911 2255 1039 2299 meeum

164 2343 333 2410 tenuisset.

248 2473 301 2538 Ab
324 2493 361 2537 eo
384 2489 530 2557 tempore
558 2494 656 2557 quam
679 2475 777 2537 variis
806 2473 1038 2537 certaminibus

164 2607 215 2650 me
236 2585 429 2661 exercuerit,
458 2596 491 2649 61
519 2585 636 2664 quibus
666 2585 901 2665 experimentis
922 2583 1039 2662 preba-

163 2697 260 2773 verit,
284 2696 311 2759 si
335 2714 469 2758 narrare
482 2693 590 2769 velim,
613 2693 785 2775 longaerit
804 2694 948 2757 historia.
973 2691 1039 2757 Sed

165 2827 208 2869 ne
231 2803 309 2886 quid
333 2803 443 2866 inutili
465 2822 615 2868 sermone
638 2804 813 2871 lectoribus
832 2803 953 2869 fastidii
965 2804 1041 2867 affe·

165 2935 254 2990 ram,
286 2915 372 2996 qued
402 2914 498 2996 paulo
528 2923 605 2978 6616
636 2915 744 2997 attigi,
782 2916 924 2979 breviter
953 2934 1041 2978 nunc

167 3032 294 3107 repeto:
326 3046 426 3107 quum
455 3024 537 3088 mihi
567 3024 635 3089 suis
664 3025 811 3109 vestigiis
834 3027 920 3090 viam
949 3046 1041 3089 mon·

167 3143 287 3200 straret
320 3136 445 3212 David,
486 3156 551 3198 non
585 3156 700 3217 parum
740 3136 816 3201 inde
849 3137 958 3202 solatii
989 3158 1042 3201 me

167 3247 268 3311 fuisse
298 3256 482 3329 expertum.
527 3246 613 3310 Nam
646 3247 742 3311 sicuti
770 3259 920 3314 sanetum
949 3247 1042 3313 illum

166 3378 280 3439 regem
303 3357 467 3420 continuis
493 3355 586 3419 bellis
616 3355 797 3438 fatigarunt
818 3358 988 3423 Philistini
1010 3369 1042 3424 61

169 3468 224 3532 6111
246 3466 350 3531 exteri
373 3466 493 3542 hostes,
522 3464 579 3530 sed
609 3465 745 3530 interior
767 3465 963 3549 perfidorum
984 3467 1042 3532 ho·

168 3578 297 3643 minum
322 3576 446 3641 malitia
468 3585 500 3639 61
522 3575 715 3657 improbitas
738 3577 871 3660 gravius
894 3577 1043 3642 vulnera-

170 3692 232 3755 vit:
257 3691 304 3755 sie
327 3708 388 3771 ego
412 3687 556 3769 undique
580 3686 746 3752 lacessitus
766 3687 821 3752 vix
840 3696 1043 3753 momentum

171 3822 272 3866 unum
290 3800 342 3864 vel
366 3796 408 3862 ab
430 3797 586 3874 externis,
611 3796 662 3861 vel
681 3799 722 3861 ab
739 3798 905 3863 intestinis
922 3800 1045 3882 pugnis

170 3915 318 3996 quietum
342 3909 450 3973 habui.
496 3908 609 3988 Quum
631 3908 734 3972 multa
762 3911 890 3992 saepius
913 3909 1045 3976 molitus

170 4026 215 4091 sit
227 4022 332 4089 Satan
351 4020 392 4086 ad
410 4017 606 4084 diruendum
625 4019 723 4083 huius
740 4019 894 4084 ecclesiae
913 4031 1044 4098 statum,

172 4157 209 4201 eo
232 4154 336 4217 usque
353 4140 492 4198 ventum
510 4139 569 4210 est,
590 4137 630 4194 ut
646 4149 716 4212 ego,
739 4129 795 4211 qui
811 4129 953 4194 imbellis
971 4154 1045 4197 sum

173 4269 210 4314 ac
237 4243 459 4320 meticulosus,
489 4239 674 4305 mortiferos
703 4239 871 4304 conflictus
898 4243 1045 4322 opposito

173 4380 245 4425 meo
275 4376 409 4441 6666666
442 4354 596 4436 frangere
624 4356 754 4415 coaetus
782 4349 910 4415 fuerim.
955 4352 1045 4420 Totis

174 4471 316 4555 quinque
338 4466 443 4549 annis,
473 4484 574 4546 quum
601 4460 703 4526 nimia
729 4460 874 4540 potentia
893 4460 1045 4528 instructi

174 4593 286 4650 666661
307 4578 453 4664 perversi
475 4575 633 4652 homines,
662 4577 696 4635 et
723 4591 801 4652 pars
823 4570 921 4634 etiam
944 4569 1045 4651 plebis

176 4715 291 4761 eorum
322 4689 485 4756 illecebris
506 4690 662 4766 corrupta
683 4680 859 4745 effraenem
880 4679 1046 4747 licentiam

176 4815 355 4889 appeteret,
384 4821 444 4884 pro
472 4795 644 4879 disciplina
665 4790 789 4856 tuenda
811 4789 903 4854 nobis
925 4788 1046 4872 absque

177 4916 417 4982 intermissione
440 4906 654 4995 pugnandum
677 4901 748 4966 fuit.
792 4898 943 4965 Profanis
958 4901 1046 4965 euim

178 5024 365 5094 hominibus
387 5022 597 5104 coelestisque
615 5013 781 5083 doetrinae
791 5009 1046 5078 contemtoribus

178 5158 298 5224 susque
321 5136 424 5220 deque
445 5143 517 5200 erat
533 5127 687 5199 ecclesiae
703 5123 808 5201 ruina,
831 5119 927 5186 modo
949 5141 1044 5202 quam

2129 246 2173 311 28

1194 452 1291 508 usant
1315 442 1411 507 d’une
1434 442 1613 508 semblable
1635 448 1879 506 remonstrenoe
1897 448 1930 503 et
1954 436 2172 520 protestation

1193 529 1337 612 qu’avoit
1359 529 1418 593 fait
1440 528 1539 594 Farel
1562 549 1603 592 au
1628 536 1798 610 pararant,
1830 547 1882 588 me
1905 524 2039 607 reppela
2062 531 2084 588 a
2106 541 2171 587 une

1193 630 1286 680 autre
1298 614 1398 697 place.
1422 615 1542 679 Estant
1553 614 1718 696 doneques
1730 620 1907 693 espovante
1919 631 1978 692 par
1995 607 2173 691 l’exemple

1193 701 1232 765 de
1244 701 1351 776 Ionas,
1375 700 1481 783 lequel
1500 701 1524 763 il
1544 721 1595 764 me
1615 698 1788 781 proposcit,
1810 698 1841 760 16
1859 697 2038 778 poursuyvi
2050 713 2172 758 encore

1192 808 1233 851 66
1257 785 1288 849 16
1310 785 1429 868 charge
1452 785 1665 867 d’enseigner.
1711 785 1756 848 Et
1784 804 1906 848 mesme
1933 781 2082 846 combien
2106 800 2171 861 que

1193 872 1339 937 touionrs
1369 872 1399 934 ie
1429 873 1636 936 continuasse
1666 877 1685 934 a
1715 880 1801 934 estre
1830 866 2007 932 semblable
2037 875 2059 932 a
2089 865 2172 930 moi·

1192 980 1323 1033 mesme,
1355 960 1478 1022 c’estt
1506 960 1633 1022 scavoir
1664 955 1703 1019 (16
1726 976 1767 1019 66
1790 954 1919 1019 veuloir
1948 955 2041 1036 point
2070 971 2172 1034 appa·

1191 1044 1309 1109 roistre
1331 1065 1371 1106 ou
1390 1064 1512 1126 suyvre
1535 1042 1582 1107 166
1600 1040 1741 1124 grandes
1759 1040 1963 1117 assemblees,
1985 1039 2016 1103 ie
2035 1059 2078 1102 66
2092 1056 2173 1121 scay

1192 1143 1358 1194 comment
1389 1128 1558 1193 touteslois
1588 1148 1629 1190 en
1654 1148 1706 1190 me
1728 1146 1826 1190 mena
1847 1146 1972 1190 commo
2001 1125 2172 1206 perferte

1191 1236 1257 1280 aux
1279 1216 1429 1279 ionrnees
1451 1213 1654 1297 Imperiales,
1677 1232 1720 1276 ou
1743 1211 1880 1293 ben-gre
1903 1210 2045 1291 mal-gre
2068 1208 2094 1272 il
2116 1229 2170 1274 me

1192 1301 1274 1365 16161
1298 1311 1428 1365 trouver
1451 1322 1491 1364 en
1514 1300 1547 1364 la
1569 1298 1761 1382 compagnie
1780 1297 1820 1361 de
1839 1298 2003 1379 beaucoup
2022 1296 2170 1379 degens.

1192 1387 1329 1468 Depuis,
1352 1384 1462 1467 quand
1482 1384 1686 1467 leSeigneur
1704 1396 1806 1467 ayant
1828 1383 1907 1464 61116
1929 1383 1968 1446 de
1980 1392 2070 1447 ceste
2082 1380 2172 1459 ville,

1192 1488 1250 1537 eut
1281 1473 1414 1555 6666166
1448 1472 1496 1536 166
1525 1469 1703 1535 esmotions
1733 1480 1766 1533 et
1796 1468 1941 1534 troubles
1977 1467 2173 1550 pernicieux

1193 1558 1248 1640 qui
1271 1580 1291 1637 y
1314 1569 1474 1641 estoyent,
1505 1571 1537 1621 61
1568 1577 1627 1638 666
1657 1576 1694 1618 66
1716 1564 1813 1619 vertu
1844 1553 2022 1618 admirable
2047 1553 2172 1634 dissipe

1195 1656 1265 1708 tant
1283 1642 1329 1708 166
1349 1643 1580 1708 mal-heureux
1592 1641 1741 1719 conseils,
1763 1662 1824 1723 que
1847 1641 1894 1704 les
1911 1641 2023 1704 efforts
2034 1639 2172 1723 sangui·

1192 1730 1302 1793 661666
1325 1728 1381 1792 (166
1411 1728 1657 1810 6661661616666
1686 1726 1726 1790 (16
1756 1727 1786 1790 16
1809 1725 2024 1808 Republique,
2055 1734 2172 1791 contre

1193 1835 1270 1879 mon
1294 1814 1379 1878 desir
1402 1829 1434 1876 et
1456 1814 1607 1878 affection
1635 1813 1668 1876 16
1691 1811 1847 1877 necessita
1870 1833 1922 1875 me
1950 1814 2001 1875 tut
2022 1812 2173 1894 imposee

1194 1900 1234 1964 de
1256 1912 1427 1964 retourner
1450 1906 1470 1964 a
1493 1919 1546 1963 ma
1574 1899 1734 1983 premiere
1757 1898 1886 1980 charge.
1932 1897 1997 1962 066
2020 1898 2172 1962 combien

1194 2008 1255 2068 quo
1277 1985 1307 2050 16
1330 1985 1417 2050 66161
1439 1984 1478 2049 (16
1502 1997 1588 2050 66616
1601 1983 1714 2067 Eglise
1726 2004 1778 2047 me
1801 1985 1867 2047 fust
1888 2006 1929 2049 en
1948 1983 2025 2047 16116
2044 2004 2171 2048 recom-

1194 2070 1394 2148 mendation,
1424 2092 1488 2153 que
1510 2092 1593 2152 pour
1615 2069 1706 2133 icelle
1729 2070 1758 2132 ie
1782 2071 1909 2135 n'eusse
1932 2069 2024 2151 point
2046 2069 2108 2133 fait
2130 2067 2172 2133 (16

1195 2156 1351 2222 (1111166116
1374 2156 1619 2222 d’abandenner
1642 2176 1695 2218 ma
1718 2155 1780 2232 vie,
1804 2175 1857 2218 ma
1880 2155 2022 2219 timiditc
2045 2165 2172 2219 toutes·

1194 2243 1255 2308 fois
1271 2264 1322 2307 me
1340 2243 1519 2325 presentoit
1537 2240 1705 2323 beaucoup
1718 2241 1757 2305 de
1774 2241 1899 2305 raisons
1912 2242 1951 2305 de
1973 2240 2172 2320 m'excuser,

1194 2349 1277 2412 pour
1299 2349 1340 2391 ne
1364 2329 1455 2410 point
1477 2327 1655 2410 reprendre
1678 2326 1833 2393 derechef
1852 2349 1908 2391 sur
1928 2347 1998 2390 mes
2021 2325 2175 2409 espaules

1195 2434 1242 2476 un
1264 2412 1397 2475 fardeau
1422 2414 1449 2476 si
1473 2424 1597 2494 666661.
1643 2412 1773 2476 1116166
1801 2412 1833 2475 16
1861 2415 1967 2494 666116
1998 2413 2028 2476 16
2051 2409 2174 2496 regard

1197 2497 1236 2561 do
1259 2518 1336 2561 mon
1360 2497 1481 2574 devoir,
1513 2518 1575 2578 que
1597 2499 1628 2560 ie
1650 2497 1863 2581 consideroye
1892 2517 1972 2563 avec
1995 2519 2174 2564 reverence

1195 2593 1228 2646 et
1258 2582 1457 2658 conscience,
1486 2603 1539 2646 me
1570 2582 1698 2665 gaigna,
1729 2596 1762 2647 et
1791 2585 1849 2647 feit
1879 2582 2123 2648 condescendre
2155 2589 2176 2648 a

1196 2676 1370 2732 retourner
1402 2689 1474 2731 vers
1504 2669 1535 2730 16
1572 2684 1731 2749 16666666
1767 2667 1879 2733 d'avec
1909 2669 2017 2750 lequel
2047 2670 2174 2751 i’avoye

1196 2763 1264 2818 6616
1286 2773 1412 2817 comme
1435 2753 1584 2818 arrache:
1617 2774 1652 2817 ce
1682 2775 1744 2835 que
1767 2754 1797 2818 ie
1827 2753 1888 2819 feis
1911 2777 1990 2820 avec
2013 2756 2174 2833 tristasse,

1196 2837 1324 2914 larmes,
1355 2838 1478 2921 grande
1508 2836 1692 2904 sollicitudo
1722 2852 1755 2903 61
1783 2839 1954 2919 (166166666,
1984 2860 2113 2906 comme
2144 2842 2174 2906 16

1198 2922 1359 3003 Seigneur
1370 2928 1455 2988 m’en
1467 2935 1517 2988 est
1529 2925 1674 2989 tres-bon
1688 2926 1836 3000 tesmoin,
1860 2937 1892 2990 61
1910 2926 2078 3007 plusieurs
2091 2926 2174 2992 bons

1196 3029 1425 3091 personnagcs,
1454 3010 1511 3091 qui
1541 3015 1720 3074 m'eussent
1751 3011 1826 3075 bien
1848 3013 1950 3076 66616
1979 3013 2070 3077 veoir
2094 3013 2173 3078 hors

1197 3094 1237 3157 de
1259 3110 1344 3158 66616
1367 3095 1471 3174 peine,
1492 3100 1601 3159 n’eust
1622 3105 1690 3159 este
1713 3118 1775 3177 que
1797 3118 1833 3160 ce
1856 3118 1917 3179 que
1936 3097 1966 3161 ie
1984 3098 2174 3182 craignoye;

1197 3192 1229 3243 61
1252 3179 1307 3262 qui
1328 3180 1463 3244 m'avoit
1492 3181 1550 3244 fait
1573 3183 1747 3258 consentir,
1778 3181 1826 3246 les
1856 3184 1997 3249 retenoit
2027 3185 2118 3248 aussi
2140 3198 2174 3249 61

1196 3263 1268 3330 1666
1289 3264 1418 3329 fermoit
1440 3265 1472 3329 le
1494 3264 1629 3330 bouche.

1283 3349 1491 3415 Maintenant
1513 3354 1540 3415 si
1563 3353 1593 3415 ie
1612 3351 1878 3431 veuleyereciter
1896 3353 1945 3417 166
1957 3353 2068 3421 divers
2087 3377 2175 3421 com·

1196 3434 1269 3500 bats
1291 3457 1350 3518 666
1371 3434 1511 3518 16666616
1532 3437 1563 3501 16
1586 3435 1750 3519 Seigneur
1773 3439 1838 3502 m’a
1855 3448 1972 3503 exerce
1995 3440 2113 3522 (166616
2136 3461 2173 3507 66

1197 3520 1364 3602 temps-la,
1394 3529 1426 3585 et
1448 3542 1507 3603 666
1529 3520 1652 3602 qnelles
1675 3544 1851 3604 espreuves
1874 3524 1897 3588 11
1920 3527 1983 3588 m’a
2006 3527 2173 3606 examine,

1198 3624 1235 3668 66
1265 3606 1362 3668 666611
1391 3626 1457 3669 666
1491 3605 1608 3688 longus
1641 3605 1784 3671 histoire.
1829 3609 1916 3674 Mais
1949 3612 2016 3675 6116
2048 3633 2112 3695 que
2143 3613 2174 3678 16

1199 3692 1365 3771 n'ennuye
1394 3691 1486 3770 point
1514 3689 1553 3753 de
1583 3691 1709 3770 paroles
1738 3693 1871 3759 inutiles
1894 3695 1942 3760 166
1964 3696 2118 3773 16616666,
2148 3698 2174 3763 11

1199 3793 1251 3836 me
1280 3774 1395 3838 suffire
1424 3773 1464 3837 de
1493 3775 1627 3839 reiterer
1655 3798 1697 3839 en
1721 3777 1804 3842 brief
1822 3802 1858 3845 66
1880 3802 1943 3862 que
1965 3782 2031 3866 i'ay
2055 3783 2173 3849 teuehe

1199 3878 1245 3920 un
1268 3878 1330 3940 peu
1353 3858 1483 3933 devant,
1513 3863 1608 3939 qu'en
1637 3860 1842 3928 considerant
1870 3874 1942 3930 tout
1970 3868 2000 3932 le
2024 3868 2175 3936 discours

1200 3941 1240 4005 (16
1262 3941 1295 4004 16
1317 3942 1368 4006 vie
1390 3941 1429 4006 de
1447 3941 1566 4019 David,
1589 3942 1613 4005 il
1635 3966 1687 4007 me
1705 3948 1854 4014 sembleit
1872 3955 1948 4033 qu’a
1967 3952 2094 4019 chacun
2113 3977 2176 4038 pas

1199 4025 1224 4088 il
1247 4046 1299 4089 me
1322 4027 1493 4097 menstroit
1514 4026 1545 4091 le
1567 4030 1707 4110 chemin,
1729 4041 1761 4096 et
1784 4055 1845 4116 que
1867 4037 1936 4101 6616
1955 4043 2020 4102 m’a
2037 4051 2109 4105 este
2128 4063 2174 4106 un

1200 4109 1417 4176 merveilleux
1439 4111 1661 4195 soulngeuent.
1685 4116 1750 4180 Car
1772 4139 1898 4187 comme
1920 4145 1957 4189 66
1979 4125 2086 4190 sainct
2096 4127 2176 4212 Roy

1200 4203 1309 4258 66616
1332 4194 1441 4259 1666166
1470 4195 1509 4260 (16
1538 4217 1672 4279 guerras
1693 4204 1908 4272 continuelles
1938 4230 1997 4290 par
2019 4210 2068 4276 166
2091 4212 2176 4277 Ρ161-

1201 4278 1333 4375 listhius
1361 4292 1394 4342 61
1422 4288 1532 4344 autres
1561 4284 1692 4364 peuples
1725 4300 1895 4374 estranges
1928 4316 1980 4360 666
2014 4299 2176 4380 66661616,

1201 4382 1284 4428 61666
1313 4382 1431 4428 666666
1461 4374 1564 4429 navre
1593 4368 1664 4447 plus
1692 4374 1895 4454 grievement
1918 4398 1958 4442 au
1988 4381 2102 4447 milieu
2133 4384 2176 4450 (16

1201 4467 1261 4512 666
1279 4447 1394 4528 666616
1412 4469 1478 4545 par·
1489 4447 1522 4546 la
1540 4452 1653 4518 malice
1672 4455 1827 4525 d’aucuns
1845 4461 2027 4548 desloyanx
2045 4469 2175 4534 616661-

1202 4533 1366 4596 heureux:
1396 4553 1481 4629 66661
1509 4554 1540 4597 te
1568 4537 1642 4617 puis
1665 4540 1733 4605 dire
1761 4559 1860 4626 quant
1883 4555 1904 4612 a
1925 4571 2011 4636 moy,
2043 4574 2107 4635 que
2132 4555 2175 4622 de

1201 4627 1275 4712 tous
1298 4625 1402 4713 costen
1424 4619 1488 4701 1’ay
1513 4628 1581 4684 este
1602 4625 1729 4703 66661111,
1760 4629 1927 4698 tellement
1955 4641 2032 4717 qu’a
2053 4641 2174 4722 grand’

1200 4719 1299 4782 66666
1317 4720 1402 4796 6666
1420 4721 1482 4797 666
1500 4715 1584 4769 66166
1602 4728 1642 4772 66
1654 4730 1748 4791 66666
1760 4733 1803 4778 66
1816 4713 1889 4782 bien
1912 4740 1974 4800 peu
1993 4721 2034 4786 de
2051 4733 2175 4810 temps,

1201 4803 1266 4865 (111⁰
1288 4792 1434 4849 t0111⁰11r⁸
1454 4806 1485 4850 10
1503 4789 1628 4857 n’eusse
1650 4800 1849 4865 asoustenir
1871 4805 2010 4887 quelque
2028 4811 2165 4877 combas

1201 4886 1245 4932 ou
1268 4865 1307 4930 de
1329 4885 1412 4930 ceux
1430 4868 1469 4966 de
1481 4869 1605 4953 dehors,
1628 4899 1670 4941 ou
1689 4879 1728 4943 de
1745 4903 1827 4948 ceux
1846 4886 1885 4952 de
1905 4889 2039 4958 dedans.
2065 4864 2175 4964 Saturi

1202 4972 1224 5015 a
1246 4953 1480 5018 souventesfors
1502 4960 1611 5024 tasche
1632 4981 1692 5043 par
1711 4986 1762 5029 ses
1785 4990 1915 5039 menees
1938 4975 1977 5040 (16
1995 5000 2176 5050 6666666666

1201 5034 1313 5132 l’estat
1336 5034 1375 5098 de
1396 5052 1481 5103 66616
1503 5041 1628 5123 Eglise:
1652 5049 1734 5112 mais
1757 5051 1788 5117 16
1805 5055 1902 5122 chose
1920 5082 1985 5126 une
2003 5063 2175 5135 foisveint

1201 5138 1335 5198 rusques
1357 5118 1399 5200 16,
1427 5144 1487 5204 que
1517 5138 1590 5192 tout
1617 5129 1714 5196 loible
1736 5141 1925 5207 6166616111
1950 5167 2013 5228 qne
2035 5150 2067 5215 16
2090 5155 2173 5234 6616,
