4658 5856
162 325 226 391 655
972 321 1188 389 PSALMUS
1211 322 1339 388 LXXI.
1653 315 1655 319 ’
2080 318 2142 383 656

160 532 260 594 opera
281 512 385 576 utitur
404 511 493 576 Dens
514 511 555 575 ad
578 532 652 577 suos
675 511 822 593 tuendos,
846 512 920 593 quia
943 521 1053 575 tamen
1075 509 1126 573 in·
1148 513 1152 566 l
1176 508 1324 575 sordibus
1343 508 1469 593 degere,
1487 529 1568 591 quae
1582 509 1764 574 semihorae
1778 509 1882 589 spatio
1900 506 2142 572 robustissimos

162 618 299 662 numera
320 596 427 660 media
449 597 602 662 servandi
624 617 723 678 penes
745 618 820 661 eum
842 608 928 674 sunt,
956 596 1126 660 indefinite
1176 616 1318 677 quosque
1341 594 1559 661 suffocarent?
1592 594 1658 661 Sed
1680 596 1726 659 ita
1748 595 1872 660 scilieet
1894 593 1986 658 nobis
2009 613 2069 657 usu
2094 592 2140 656 vi·

159 684 290 765 accipio,
314 683 423 747 Deum
446 681 601 747 mandare
623 681 663 746 de
681 702 815 749 suornm
839 683 942 747 salute
965 680 1051 765 quod
1074 679 1123 745 de·
1176 682 1303 747 lescunt
1325 680 1389 745 Dei
1415 681 1582 745 miracula.
1628 680 1772 764 Spiritus
1801 693 1909 745 antem
1940 700 2003 743 non
2028 677 2086 741 abs
2108 699 2142 741 re

117 786 120 791 ·
159 769 273 850 erevit,
301 768 427 851 quoties
454 767 597 833 favorem
626 788 720 834 suum
745 769 850 850 palam
874 770 996 833 exserit
1017 767 1124 850 aliquo
1175 767 1444 850 ingratitudinem
1464 766 1550 832 hane
1569 767 1714 850 castigat,
1738 775 1805 830 tam
1825 764 2067 830 memorabilem
2082 764 2141 828 Dei

160 855 264 937 signo,
297 865 330 917 et
359 873 445 917 nnnc
473 852 541 917 solo
571 864 662 935 nntu,
696 875 781 919 nnnc
811 875 868 937 per
896 854 1045 919 homines
1074 851 1123 917 vel
1176 853 1317 937 gratiam
1347 852 1379 917 in
1408 862 1482 917 ortu
1513 862 1627 917 nostro
1656 850 1896 917 commendans.
1941 851 2012 914 Iam
2044 871 2142 931 quum

160 940 242 1004 alias
274 950 438 1004 creaturas
473 940 660 1022 exsequitur
691 939 777 1022 quod
812 941 897 1021 apud
931 961 965 1004 se
999 937 1124 1004 statuit.
1148 912 1152 994 l
1176 939 1303 1003 edimur
1334 938 1369 1003 in
1399 939 1522 1014 lucem,
1555 938 1703 1021 quamvis
1737 948 1841 1002 mater
1872 937 2015 1000 officium
2047 956 2141 999 sunm

161 1025 292 1089 Interea
321 1045 386 1088 non
410 1022 522 1087 dubito
545 1025 622 1106 qrrin
646 1026 809 1108 significet
829 1025 938 1089 David
961 1025 1033 1089 Deo
1056 1022 1124 1088 suf·
1149 1004 1153 1131 l
1176 1032 1326 1107 praestet,
1358 1022 1443 1089 adsit
1463 1023 1633 1102 obstetrix,
1661 1022 1820 1104 multique
1848 1023 1902 1086 alii
1931 1019 2142 1103 opitulentur,

161 1112 257 1174 ficere
287 1131 382 1174 suum
412 1109 602 1190 imperium,
635 1112 783 1192 quamvis
816 1110 945 1176 aliunde
978 1109 1126 1175 subsidia
1177 1111 1240 1174 nisi
1267 1120 1376 1173 tamen
1400 1110 1490 1173 Deus
1519 1130 1651 1173 manum
1681 1129 1772 1173 suam
1802 1106 2039 1190 quodammodo
2066 1127 2141 1187 sup·

162 1216 227 1261 non
251 1204 413 1260 accersat:
446 1197 528 1259 acsi
552 1195 681 1272 diceret,
705 1197 785 1261 satis
807 1196 848 1260 ad
867 1218 926 1260 nos
948 1195 1125 1263 servandos
1177 1215 1310 1279 ponens,
1335 1197 1513 1277 susciperet
1536 1215 1593 1260 nos
1616 1195 1651 1257 in
1672 1214 1769 1259 suum
1792 1195 1964 1277 gremium,
1984 1191 2062 1274 quid
2086 1214 2142 1256 no·

161 1281 345 1346 autoritatis
368 1299 439 1344 esse
458 1281 494 1343 in
517 1281 584 1345 solo
608 1281 672 1346 Dei
694 1294 873 1365 praecepto.
1178 1281 1225 1346 bis
1255 1281 1365 1362 fieret,
1394 1292 1427 1345 et
1455 1301 1538 1363 quae
1565 1301 1639 1362 spes
1669 1290 1753 1345 esset
1782 1278 2004 1363 prorogandae
2034 1277 2142 1343 ritae?

247 1366 276 1427 4.
305 1364 407 1450 (Deua
427 1364 496 1450 mi.)
539 1365 737 1449 Quanquam
769 1368 945 1452 singularis
970 1388 1126 1431 numerus
1177 1366 1249 1431 lmo
1267 1366 1374 1431 exitus
1392 1367 1432 1431 ab
1448 1378 1551 1445 utero,
1570 1367 1737 1448 ingressus
1755 1366 1889 1430 essetin
1906 1363 1996 1428 mille
2012 1372 2142 1428 mortes.

161 1452 301 1535 ponitur,
326 1460 521 1514 nontamen
540 1474 641 1516 unum
660 1453 755 1519 modo
773 1453 937 1520 hominem
961 1453 1124 1536 designat:
1177 1451 1289 1532 Quare
1312 1473 1376 1516 non
1400 1451 1456 1516 abs
1479 1473 1514 1516 re
1537 1464 1671 1517 vocatur
1693 1449 1786 1515 Deus
1814 1455 1967 1516 extractor
1986 1449 2027 1513 ab
2048 1454 2142 1514 clerc.

160 1537 236 1619 quia
263 1535 416 1601 credibile
446 1548 494 1601 est
524 1548 607 1602 totas
637 1538 781 1603 hostium
811 1541 934 1622 copias,
965 1537 1126 1619 aquibus
1178 1537 1241 1602 Oui
1263 1537 1364 1602 etiam
1386 1537 1560 1619 respondet
1581 1536 1726 1601 clausula
1744 1557 1869 1617 versus,
1892 1538 1927 1600 io
1943 1540 1971 1599 te
1987 1535 2143 1599 lcuemea

160 1620 411 1706 oppugnabatur
426 1621 605 1704 complecti.
636 1623 792 1690 Diximus
807 1638 918 1689 antem
934 1624 1011 1689 alibi
1027 1643 1126 1706 quan·
1177 1642 1306 1703 seraper.
1338 1621 1509 1706 Significat
1530 1624 1617 1687 enim
1641 1622 1810 1686 materiam
1833 1619 1987 1687 laudandi
1999 1618 2064 1684 Dei
2084 1619 2142 1685 sibi

162 1722 231 1773 tum
254 1709 314 1771 hoc
336 1706 377 1771 ad
402 1707 600 1789 impetrandi
628 1709 778 1775 fiduciam
801 1710 917 1787 valeat,
948 1708 1005 1774 ubi
1034 1707 1126 1774 nobis
1177 1709 1334 1774 continua
1355 1710 1438 1773 serie
1460 1708 1560 1773 fuisse
1582 1721 1780 1791 suggestam.

160 1793 280 1860 conscii
302 1814 414 1857 sumus
437 1794 587 1876 propriae
609 1794 816 1879 integritatis,
840 1806 877 1861 ut
894 1795 995 1862 libere
1017 1813 1125 1860 coram
1264 1795 1293 1858 l.
1316 1794 1431 1880 (Quasi
1454 1792 1659 1878 prodigium.)
1702 1793 1836 1858 Transit
1858 1810 1943 1856 nunc
1972 1790 2013 1855 ad
2037 1792 2143 1875 queri·

94 1939 99 1951 ,
161 1879 234 1943 Deo
256 1878 411 1961 conqueri
433 1880 536 1954 liceat,
559 1880 680 1945 iniuste
701 1903 761 1947 nos
780 1892 811 1947 ct
828 1881 985 1947 scelerate
1007 1881 1047 1945 ab
1067 1880 1125 1944 ho·
1179 1882 1336 1956 moniam,
1371 1877 1457 1963 quod
1490 1889 1623 1963 propter
1654 1880 1806 1963 ingentes
1842 1878 1989 1942 miserias
2025 1877 2144 1960 quibus

161 1963 267 2030 stibus
285 1965 476 2047 oppugnari,
499 1966 575 2047 qnia
594 1966 728 2031 minime
747 1967 961 2033 dubitandum
980 1976 1030 2031 est
1047 1967 1125 2048 quin
1178 1967 1420 2048 opprimebatur
1442 1965 1562 2048 passim
1585 1966 1681 2029 fuerit
1703 1962 1912 2030 detestabilis.
1940 1963 2014 2027 Etsi
2034 1975 2142 2027 autern

161 2071 291 2117 causam
317 2062 460 2115 nostram
483 2050 575 2115 Deus
604 2053 774 2134 suscipiat,
804 2055 859 2136 qui
886 2065 1061 2136 patronum
1091 2071 1126 2116 se
1179 2052 1287 2134 aliqua
1316 2053 1351 2115 in
1381 2052 1519 2133 speciem
1554 2050 1772 2133 repugnantia
1803 2058 1852 2114 est
1878 2050 1914 2113 in
1943 2047 1995 2112 his
2025 2048 2143 2129 verbis,

161 2136 230 2201 fore
251 2137 402 2218 promisit
422 2135 544 2201 iniuste
566 2140 736 2220 oppressis.
1179 2138 1241 2202 Dei
1271 2138 1436 2203 beneficiis
1469 2158 1597 2220 semper
1629 2137 1729 2201 fuisse
1761 2145 1912 2200 ornatum
1943 2144 1976 2197 et
2007 2134 2142 2218 prodigii

1162 2224 1247 2289 'loeo
1265 2223 1423 2299 habitum,
1441 2222 1517 2305 quia
1534 2224 1652 2286 misere
1667 2223 1806 2286 afflictus
1824 2231 1918 2294 esset,
1938 2220 2142 2285 utilissimam

248 2305 278 2371 5.
315 2306 399 2386 Quia
430 2311 463 2370 iu
498 2310 680 2389 exspectatio
717 2331 798 2389 arec,
835 2309 970 2376 Domine
1001 2307 1126 2387 Ielrooc,
1179 2320 1289 2373 tamen
1312 2308 1491 2373 doctrinam
1517 2307 1675 2388 elicimus,
1705 2308 1796 2371 nulla
1817 2306 2039 2371 calamitatum
2061 2305 2144 2370 mole

160 2392 277 2475 fiducie
297 2412 366 2457 mec
386 2413 408 2457 a
422 2392 566 2473 pueritie
586 2415 664 2459 mec.
710 2395 740 2460 6.
768 2395 870 2478 Super
891 2400 918 2460 te
940 2398 1127 2460 mesenatae
1151 2464 1153 2471 ,
1178 2396 1329 2460 obrutum
1355 2396 1454 2459 fuisse
1478 2415 1574 2476 quem
1597 2394 1637 2458 de
1660 2394 1804 2459 bonitate
1825 2391 1891 2456 Dei
1912 2403 2046 2475 gustum
2069 2413 2144 2457 con·

161 2499 233 2543 sum
254 2477 293 2541 ab
314 2483 410 2551 utero,
437 2479 648 2544 evisceratas
675 2482 787 2545 mobis
813 2501 898 2545 meae
919 2486 953 2545 tu
974 2484 1127 2545 anfractae
1150 2474 1154 2617 l
1178 2492 1317 2562 ceperat.
1370 2479 1529 2560 Quamvis
1562 2501 1639 2564 ergo
1673 2500 1709 2543 se
1741 2477 1972 2544 abominationi
1999 2498 2072 2543 esse
2098 2478 2143 2540 ri·

161 2584 256 2646 mmo,
286 2564 321 2627 io
343 2568 370 2626 te
391 2563 463 2628 latre
491 2583 559 2627 oreo
587 2585 717 2647 semper.
763 2566 792 2630 l.
820 2566 920 2646 Quasi
944 2566 1126 2648 prodigium
1179 2567 1278 2641 deret,
1303 2586 1366 2629 non
1384 2566 1491 2648 potuit
1514 2580 1623 2630 tamen
1635 2563 1711 2631 ullis
1729 2562 1871 2629 tenebris
1893 2562 2061 2646 exstingui
2082 2583 2145 2626 me

159 2650 212 2731 fui
233 2648 401 2732 propitiast)
424 2655 452 2712 et
468 2655 502 2712 to
516 2649 633 2727 fiducie
650 2670 717 2715 mea
734 2651 869 2715 robusta.
903 2651 932 2716 8.
950 2649 1127 2731 Rapiebitur
1151 2632 1154 2707 l
1179 2652 1283 2715 moria
1305 2650 1472 2729 bonorum,
1501 2671 1584 2733 quae
1607 2652 1647 2716 ad
1670 2650 1766 2715 fidem
1797 2646 2011 2732 dirigendam,
2043 2651 2144 2712 instar

161 2756 196 2800 oa
218 2754 319 2798 meum
341 2733 434 2798 leude
455 2740 518 2811 tec,
541 2736 676 2814 quotidie
694 2734 797 2817 picria
817 2741 881 2800 tue.
1180 2734 1346 2817 lampadis,
1370 2749 1440 2800 erat
1462 2737 1494 2798 in
1518 2736 1586 2801 eius
1608 2737 1715 2803 corde.
1753 2735 1891 2801 Porsena·
1913 2754 1991 2798 vero
2016 2733 2144 2798 nomine

1181 2843 1245 2885 nun
1273 2820 1422 2904 vulgaris
1451 2821 1619 2888 calamitas
1650 2821 1862 2906 exprimitur:
1898 2819 1973 2903 quia
2001 2819 2067 2883 nisi
2097 2820 2143 2883 iu·

247 2903 277 2968 5.
301 2901 402 2987 (Quia
422 2902 480 2988 iu.)
522 2903 653 2986 Repetit
675 2905 760 2987 qued
784 2906 879 2988 paulo
902 2914 977 2971 ante
1000 2905 1128 2969 dixerat
1181 2908 1274 2972 solito
1296 2906 1391 2971 modo
1413 2927 1586 2989 oppressus
1609 2907 1734 2984 fuisset,
1757 2928 1822 2970 non
1841 2905 2088 2970 exhorruissent
2105 2904 2143 2968 ad

163 2991 204 3055 de
226 2990 362 3053 fiducia:
386 2989 448 3054 nisi
471 2991 553 3053 forte
576 2992 660 3056 hanc
682 2993 880 3056 sententiam
903 2991 943 3056 ad
968 3012 1036 3057 rem
1059 3011 1128 3055 ma·
1181 3002 1306 3057 tantam
1329 2993 1567 3058 deformitatem
1589 2993 1707 3075 quibus
1726 3014 1790 3057 non
1808 2993 1921 3074 ignota
1939 3000 2008 3054 erat
2027 2991 2145 3055 misera

162 3077 214 3160 gis
235 3096 332 3159 quam
356 3074 397 3139 ad
419 3075 525 3140 cordis
547 3075 698 3143 affectum
722 3076 844 3142 referre
872 3076 1006 3160 placeat,
1036 3077 1128 3160 quasi
1181 3079 1350 3156 hominum
1373 3077 1522 3144 conditio.
1567 3078 1641 3158 Quo
1665 3080 1768 3162 magis
1796 3075 1955 3143 laudabile
1983 3077 2144 3160 specimen

163 3163 299 3238 diceret,
333 3182 374 3224 er
397 3160 561 3227 beneficiis
584 3160 647 3227 Dei
675 3163 738 3228 sibi
759 3163 929 3228 materiam
951 3162 1033 3228 bene
1055 3183 1128 3244 spe·
1181 3165 1384 3230 constantiae
1411 3164 1473 3228 fuit
1503 3186 1567 3228 non
1596 3165 1701 3248 frangi
1730 3183 1788 3228 nee
1816 3161 1976 3227 debilitari
2007 3160 2144 3244 pudore:

162 3248 257 3314 randi
290 3245 400 3310 datam
431 3267 511 3312 esse.
563 3247 608 3311 Et
634 3259 721 3314 certe
754 3268 820 3312 non
854 3248 1043 3331 simpliciter
1076 3249 1129 3313 hic
1181 3250 1247 3328 sed,
1264 3272 1327 3332 quo
1345 3249 1449 3334 magis
1467 3248 1857 3324 reiiciebaturamundo,
1875 3248 2027 3330 magisin
2039 3247 2143 3311 Deum

163 3333 273 3412 refert,
295 3353 330 3395 se
351 3333 384 3397 in
411 3334 516 3397 Deum
538 3354 695 3414 sperasse,
717 3334 773 3399 sed
795 3334 1031 3417 experientiam
1055 3355 1129 3416 quo·
1182 3335 1379 3400 recumbere.
1423 3335 1641 3401 Adversative
1674 3335 1760 3400 enim
1794 3334 1914 3398 resolvi
1947 3332 2042 3398 debet
2073 3354 2143 3398 sen·

165 3440 226 3502 que
249 3418 345 3482 simul
367 3418 553 3501 coniungit:
576 3418 761 3501 fateturque
783 3419 845 3483 sibi
862 3420 928 3484 iam
950 3440 1051 3504 puero
1074 3441 1129 3483 ex·
1182 3423 1299 3503 tentia,
1330 3419 1489 3500 Quamvis
1514 3424 1617 3486 instar
1639 3421 1778 3505 prodigii
1802 3419 1960 3485 exsecrati
1983 3420 2052 3484 sint
2073 3439 2143 3483 eum

164 3505 268 3570 hibita
288 3501 390 3567 fuisse
412 3505 536 3586 gratiae
558 3505 761 3584 documenta,
791 3527 831 3570 ex
859 3505 977 3588 quibus
1006 3506 1130 3572 discere
1181 3506 1339 3585 homines,
1361 3504 1432 3570 Deo
1456 3516 1563 3570 tamen
1586 3507 1761 3573 subnixum
1784 3505 1911 3572 fortiter
1933 3507 2086 3570 stetisse·
2109 3501 2145 3569 Si

164 3589 324 3675 potuerit,
354 3588 484 3653 nonnisi
514 3590 547 3652 in
574 3590 642 3654 solo
664 3590 736 3655 Deo
766 3589 1020 3656 recumbendum
1049 3611 1128 3655 esse.
1154 3600 1158 3685 l
1182 3604 1276 3676 02:¹7
1300 3601 1424 3655 vertere
1447 3591 1545 3657 libeat
1569 3593 1702 3672 Multos,
1732 3613 1847 3657 sensus
1869 3591 1941 3667 erit,
1966 3589 2068 3673 vulgo
2090 3611 2145 3655 no·

165 3676 237 3741 Etsi
260 3684 369 3738 autem
398 3672 439 3738 ab
461 3674 578 3740 affectu
606 3678 675 3759 ipso
705 3676 839 3753 realem,
872 3685 908 3740 ut
929 3677 976 3741 ita
1006 3678 1128 3759 loquar,
1154 3702 1157 3735 :
1182 3693 1233 3743 tas
1263 3687 1295 3741 et
1322 3677 1465 3742 celebres
1496 3677 1595 3743 fuisse
1625 3678 1772 3751 miserias
1802 3675 1955 3742 Davidis:
1990 3696 2029 3739 ae
2056 3677 2084 3740 si
2115 3679 2145 3739 in

165 3762 239 3827 fidei
268 3780 399 3824 causam
430 3759 595 3844 designat,
628 3762 780 3846 colligere
811 3772 920 3827 tamen
951 3761 1028 3827 inde
1056 3762 1131 3828 licet
1183 3762 1346 3827 theatrum
1368 3761 1556 3845 productus,
1576 3763 1685 3846 pepuli
1705 3763 1816 3828 oculos
1832 3762 1867 3826 in
1881 3781 1916 3826 se
1935 3776 2145 3826 converteret.

164 3866 260 3930 quam
283 3846 398 3909 efficax
421 3845 461 3909 ad
485 3846 657 3911 fovendam
687 3869 777 3931 spem
808 3850 877 3914 eius
908 3848 1007 3913 fuerit
1035 3848 1131 3914 bene·
1182 3849 1429 3915 Meliustamen
1449 3851 1628 3925 conveniet,
1652 3849 1868 3923 meoiudicio,
1892 3847 2146 3931 deMagnisvel

165 3934 313 3998 liciorum
337 3931 398 3996 Dei
421 3933 609 3997 recordatio.
655 3932 738 3997 Onm
761 3934 822 4000 hoc
843 3955 941 4000 versu
965 3935 1131 4016 proximus
1182 3934 1367 4017 proceribus
1389 3934 1582 4017 intelligere.
1623 3934 1713 4000 Haec
1737 3955 1812 4000 vero
1834 3931 2014 4016 indignitas
2038 3954 2146 4016 quam-

166 4020 264 4083 ctiam
293 4016 459 4081 cohaeret:
491 4018 556 4082 nisi
578 4018 663 4102 quod
685 4018 813 4102 longius
836 4018 1042 4103 progreditur
1063 4018 1131 4083 Da·
1182 4020 1264 4086 libet
1285 4020 1384 4085 fortes
1402 4020 1527 4084 animos
1546 4041 1609 4083 non
1628 4019 1746 4084 leviter
1767 4019 1923 4101 percellit,
1946 4018 1974 4081 si
1992 4020 2146 4084 miserum

166 4103 231 4170 vid.
274 4101 426 4166 celebrat
455 4104 540 4167 enim
571 4123 636 4168 non
667 4105 762 4169 modo
791 4126 872 4188 quae
900 4128 920 4171 a
944 4124 1046 4189 puero
1074 4126 1131 4170 ex·
1183 4106 1349 4171 homiuem
1372 4105 1498 4170 horrori
1527 4105 1647 4179 habent
1668 4106 1722 4187 qui
1746 4104 1899 4169 videntur
1922 4103 2098 4185 prudentia
2118 4117 2149 4169 et

166 4201 278 4273 pertus
305 4189 410 4251 fuerat
440 4186 609 4264 beneficia,
643 4189 700 4255 sed
730 4191 860 4273 quibus,
894 4203 1065 4273 antequam
1095 4191 1131 4255 in
1182 4192 1301 4258 iudicio
1330 4191 1503 4267 excellere,
1538 4200 1570 4254 et
1600 4191 1655 4274 qui
1685 4191 1858 4256 autoritate
1890 4189 2030 4272 praediti
2064 4196 2148 4256 sunt.

166 4276 272 4341 lucem
296 4270 453 4349 ederetur,
475 4275 539 4339 iam
559 4275 694 4341 affectus
717 4276 832 4341 fuerat.
862 4276 912 4343 Ae
932 4277 1047 4342 similis
1065 4277 1132 4341 fere
1184 4279 1263 4343 Mox
1292 4278 1382 4359 quasi
1412 4279 1534 4359 potitus
1563 4287 1641 4340 voto
1672 4296 1745 4355 sno,
1779 4277 1905 4341 futurae
1939 4274 2150 4358 gratitudinis
2226 4319 2228 4323 -

166 4359 326 4427 confessio
353 4357 492 4422 habetur
514 4360 599 4425 Psal.
622 4361 672 4436 22,
698 4362 746 4438 10,
777 4383 841 4445 qua
866 4363 983 4427 merito
1005 4362 1132 4445 praedi·
1183 4362 1405 4429 testimonium
1428 4361 1526 4426 addit.
1565 4362 1609 4426 Et
1625 4382 1688 4445 quc
1706 4361 1844 4427 alacrius
1861 4361 1897 4425 in
1915 4359 2033 4425 bonam
2058 4382 2149 4445 spem

166 4459 260 4514 catur
284 4443 485 4511 admirabilis
507 4445 569 4510 Dei
593 4447 708 4525 virtus,
738 4456 772 4512 et
800 4447 1048 4513 inaestimabilis
1076 4448 1131 4512 bo·
1183 4460 1347 4533 assurgat,
1377 4447 1481 4530 plenis
1512 4448 1619 4514 buccis
1648 4471 1682 4512 se
1708 4447 1771 4513 Dei
1800 4445 1912 4512 laudes
1942 4457 2149 4512 cantaturum

167 4536 253 4599 nitas
274 4533 306 4595 in
330 4529 499 4594 hominum
521 4534 747 4612 generatione:
776 4533 867 4598 cuius
889 4534 982 4617 ratio,
1005 4533 1068 4597 nisi
1090 4531 1131 4597 ad
1184 4533 1359 4616 promittit:
1390 4554 1495 4616 neque
1524 4532 1556 4597 id
1586 4534 1699 4614 semel,
1729 4532 1786 4599 sed
1816 4531 2009 4617 infatigabili
2040 4553 2149 4616 perse·

167 4640 238 4685 eam
256 4637 401 4683 essemus
415 4617 546 4692 assueti,
566 4638 699 4699 prorsus
713 4616 911 4684 incredibilis
926 4619 1019 4685 foret.
1046 4618 1130 4682 Nam
1183 4619 1343 4684 vorantia.

167 4704 258 4771 eiad
282 4702 449 4767 historiam
480 4700 596 4766 diluvii
625 4701 895 4784 obstupescimus,
925 4703 1003 4769 dum
1032 4704 1132 4768 refert

168 4793 277 4856 Moses
306 4788 391 4854 Gen.
421 4788 456 4864 8,
487 4787 527 4851 13
556 4788 591 4852 in
622 4788 741 4852 foetida
773 4800 950 4855 stercorum
981 4789 1131 4873 congerie
1269 4791 1298 4855 9.
1324 4788 1373 4853 Ne
1395 4789 1552 4870 proiicice
1572 4811 1620 4855 rrae
1641 4797 1773 4873 tempore
1794 4790 1962 4869 saumatis,
1980 4792 2152 4857 amendam

168 4877 238 4942 Neo
261 4875 382 4939 vixisse
404 4894 477 4939 eum
500 4874 623 4938 familia
652 4873 761 4939 decem
790 4895 931 4955 menses,
960 4895 1059 4958 quum
1084 4874 1131 4938 vi·
1182 4874 1377 4955 defectionem
1404 4875 1530 4939 virtutis
1559 4896 1643 4943 meae
1671 4897 1709 4943 ue
1729 4878 1856 4943 deeras
1881 4896 1936 4940 me.
1982 4876 2034 4941 10.
2068 4878 2153 4959 Quia

169 4963 265 5026 talem
289 4960 439 5042 spiritum
466 4959 595 5025 trahere
616 4978 682 5023 non
705 4957 834 5025 liceret:
864 4981 922 5026 eur
943 4981 1008 5024 non
1031 4980 1130 5042 aeque
1182 4962 1329 5027 dicerent
1350 4960 1471 5024 inimici
1492 4963 1552 5026 mci
1572 4963 1610 5027 de
1625 4984 1688 5028 me:
1710 4963 1809 5042 etqui
1825 4961 1987 5027 caracara
2008 4965 2152 5029 calmum

168 5045 359 5112 mirabimur
387 5045 508 5109 foetum
539 5046 652 5111 matris
673 5054 766 5109 utero
788 5044 949 5111 inclusum
972 5045 1073 5109 vitam
1096 5045 1130 5108 in
1182 5065 1291 5120 mem,
1324 5044 1568 5112 coruultceerunt
1588 5049 1695 5128 simoi,
1730 5049 1779 5112 11.
1806 5045 1957 5131 Dicenda,
1988 5048 2080 5117 Deus
2099 5050 2151 5115 dc

1182 5131 1309 5211 reliquit
1341 5149 1423 5195 eum:
1450 5134 1691 5213 persequimini,
1721 5138 1748 5197 el
1779 5132 2037 5214 conspreltcodetie
2067 5156 2152 5200 erem:

255 5233 285 5302 ·)
302 5249 352 5286 nux
370 5233 478 5301 grands,
497 5249 529 5287 ea
546 5247 653 5302 meree:
671 5249 706 5288 on
723 5233 740 5286 t
756 5232 898 5301 plusieurs.
1183 5217 1259 5297 quia
1281 5235 1343 5280 corr
1364 5217 1508 5298 erutione.
1556 5219 1605 5284 12.
1631 5219 1722 5285 Deus
1743 5239 1780 5284 ae
1801 5219 1914 5300 procui
1941 5219 2028 5285 absis
2050 5243 2072 5289 c
2093 5241 2151 5298 rte,
