<?xml version="1.0" encoding="UTF-8"?>
<!DOCTYPE html PUBLIC "-//W3C//DTD XHTML 1.0 Transitional//EN"
    "http://www.w3.org/TR/xhtml1/DTD/xhtml1-transitional.dtd">
<html xmlns="http://www.w3.org/1999/xhtml" xml:lang="en" lang="en">
 <head>
  <title>
</title>
<meta http-equiv="Content-Type" content="text/html;charset=utf-8" />
  <meta name='ocr-system' content='tesseract 3.04.00' />
  <meta name='ocr-capabilities' content='ocr_page ocr_carea ocr_par ocr_line ocrx_word'/>
</head>
<body>
  <div class='ocr_page' id='page_1' title='image "./corpusreformato05melagoog/corpusreformato05melagoog_0247.png"; bbox 0 0 4658 5856; ppageno 0'>
   <div class='ocr_carea' id='block_1_1' title="bbox 220 338 2219 413">
    <p class='ocr_par' dir='ltr' id='par_1_1' title="bbox 220 338 2219 413">
     <span class='ocr_line' id='line_1_1' title="bbox 220 338 2219 413; baseline -0.006 -1"><span class='ocrx_word' id='word_1_1' title='bbox 220 347 283 413; x_wconf 82' lang='lat'><strong>515</strong></span> <span class='ocrx_word' id='word_1_2' title='bbox 1069 338 1285 405; x_wconf 78' lang='lat' dir='ltr'>PSALMUS</span> <span class='ocrx_word' id='word_1_3' title='bbox 1308 338 1366 405; x_wconf 83' lang='lat' dir='ltr'><strong>LI.</strong></span> <span class='ocrx_word' id='word_1_4' title='bbox 2154 338 2219 401; x_wconf 81' lang='grc'><strong>516</strong></span> 
     </span>
    </p>
   </div>
   <div class='ocr_carea' id='block_1_2' title="bbox 212 524 2280 5070">
    <p class='ocr_par' dir='ltr' id='par_1_2' title="bbox 212 524 2280 3354">
     <span class='ocr_line' id='line_1_2' title="bbox 222 524 2217 615; baseline -0.006 -16"><span class='ocrx_word' id='word_1_5' title='bbox 222 535 347 601; x_wconf 89' lang='lat' dir='ltr'><strong>sconsio</strong></span> <span class='ocrx_word' id='word_1_6' title='bbox 380 533 420 598; x_wconf 92' lang='lat' dir='ltr'><strong>de</strong></span> <span class='ocrx_word' id='word_1_7' title='bbox 450 552 514 615; x_wconf 90' lang='lat' dir='ltr'><strong>qua</strong></span> <span class='ocrx_word' id='word_1_8' title='bbox 543 531 689 614; x_wconf 89' lang='lat' dir='ltr'><strong>loquitur</strong></span> <span class='ocrx_word' id='word_1_9' title='bbox 714 527 840 608; x_wconf 85' lang='lat' dir='ltr'><strong>David,</strong></span> <span class='ocrx_word' id='word_1_10' title='bbox 873 549 940 593; x_wconf 92' lang='lat' dir='ltr'><strong>non</strong></span> <span class='ocrx_word' id='word_1_11' title='bbox 974 540 1040 591; x_wconf 89' lang='lat' dir='ltr'><strong>tam</strong></span> <span class='ocrx_word' id='word_1_12' title='bbox 1071 527 1112 593; x_wconf 92' lang='lat' dir='ltr'><strong>ad</strong></span> <span class='ocrx_word' id='word_1_13' title='bbox 1140 549 1193 592; x_wconf 89' lang='lat' dir='ltr'><strong>res</strong></span> <span class='ocrx_word' id='word_1_14' title='bbox 1244 528 1363 594; x_wconf 91' lang='lat' dir='ltr'><strong>animis</strong></span> <span class='ocrx_word' id='word_1_15' title='bbox 1386 539 1539 607; x_wconf 78' lang='lat' dir='ltr'><strong>statuere,</strong></span> <span class='ocrx_word' id='word_1_16' title='bbox 1564 532 1671 596; x_wconf 92' lang='lat' dir='ltr'><strong>Deum</strong></span> <span class='ocrx_word' id='word_1_17' title='bbox 1694 527 1789 594; x_wconf 90' lang='lat' dir='ltr'><strong>nobis</strong></span> <span class='ocrx_word' id='word_1_18' title='bbox 1811 548 1882 593; x_wconf 88' lang='lat' dir='ltr'><strong>csse</strong></span> <span class='ocrx_word' id='word_1_19' title='bbox 1905 528 2090 610; x_wconf 92' lang='lat' dir='ltr'><strong>propitium.</strong></span> <span class='ocrx_word' id='word_1_20' title='bbox 2125 524 2217 590; x_wconf 91' lang='lat' dir='ltr'><strong>Idem</strong></span> 
     </span>
     <span class='ocr_line' id='line_1_3' title="bbox 222 612 2218 705; baseline -0.005 -21"><span class='ocrx_word' id='word_1_21' title='bbox 222 621 318 705; x_wconf 89' lang='lat' dir='ltr'><strong>ipsas,</strong></span> <span class='ocrx_word' id='word_1_22' title='bbox 347 639 444 701; x_wconf 90' lang='lat' dir='ltr'><strong>quam</strong></span> <span class='ocrx_word' id='word_1_23' title='bbox 474 617 515 683; x_wconf 88' lang='lat' dir='ltr'><strong>ad</strong></span> <span class='ocrx_word' id='word_1_24' title='bbox 545 625 687 682; x_wconf 91' lang='lat' dir='ltr'><strong>mentem</strong></span> <span class='ocrx_word' id='word_1_25' title='bbox 718 615 788 678; x_wconf 87' lang='lat' dir='ltr'><strong>eius</strong></span> <span class='ocrx_word' id='word_1_26' title='bbox 815 615 964 681; x_wconf 88' lang='lat' dir='ltr'><strong>refertur.</strong></span> <span class='ocrx_word' id='word_1_27' title='bbox 1011 613 1082 679; x_wconf 87' lang='lat' dir='ltr'><strong>Hoc</strong></span> <span class='ocrx_word' id='word_1_28' title='bbox 1104 614 1192 677; x_wconf 91' lang='lat' dir='ltr'><strong>enim</strong></span> <span class='ocrx_word' id='word_1_29' title='bbox 1244 613 1329 700; x_wconf 93' lang='lat' dir='ltr'><strong>quod</strong></span> <span class='ocrx_word' id='word_1_30' title='bbox 1352 613 1392 680; x_wconf 91' lang='lat' dir='ltr'><strong>de</strong></span> <span class='ocrx_word' id='word_1_31' title='bbox 1415 615 1556 700; x_wconf 83' lang='lat' dir='ltr'>hyssopo</span> <span class='ocrx_word' id='word_1_32' title='bbox 1579 615 1733 696; x_wconf 81' lang='lat' dir='ltr'><strong>diximus,</strong></span> <span class='ocrx_word' id='word_1_33' title='bbox 1755 614 1791 677; x_wconf 92' lang='lat' dir='ltr'><strong>in</strong></span> <span class='ocrx_word' id='word_1_34' title='bbox 1814 613 1935 678; x_wconf 89' lang='lat' dir='ltr'><strong>lotione</strong></span> <span class='ocrx_word' id='word_1_35' title='bbox 1953 632 2081 694; x_wconf 91' lang='lat' dir='ltr'><strong>queque</strong></span> <span class='ocrx_word' id='word_1_36' title='bbox 2102 612 2218 693; x_wconf 83' lang='lat' dir='ltr'><strong>valcat,</strong></span> 
     </span>
     <span class='ocr_line' id='line_1_4' title="bbox 222 698 2217 786; baseline -0.005 -16"><span class='ocrx_word' id='word_1_37' title='bbox 222 705 402 770; x_wconf 82' lang='lat' dir='ltr'><strong>membrum</strong></span> <span class='ocrx_word' id='word_1_38' title='bbox 436 704 587 786; x_wconf 89' lang='lat' dir='ltr'><strong>proximo</strong></span> <span class='ocrx_word' id='word_1_39' title='bbox 617 699 809 783; x_wconf 82' lang='lat' dir='ltr'><strong>respondet,</strong></span> <span class='ocrx_word' id='word_1_40' title='bbox 843 699 979 784; x_wconf 92' lang='lat' dir='ltr'><strong>ideoque</strong></span> <span class='ocrx_word' id='word_1_41' title='bbox 1008 698 1130 764; x_wconf 89' lang='lat' dir='ltr'><strong>fatetur</strong></span> <span class='ocrx_word' id='word_1_42' title='bbox 1159 720 1193 764; x_wconf 88' lang='lat' dir='ltr'><strong>se</strong></span> <span class='ocrx_word' id='word_1_43' title='bbox 1245 719 1320 764; x_wconf 91' lang='lat' dir='ltr'><strong>nam</strong></span> <span class='ocrx_word' id='word_1_44' title='bbox 1352 701 1543 766; x_wconf 81' lang='lat' dir='ltr'><strong>umbratiles</strong></span> <span class='ocrx_word' id='word_1_45' title='bbox 1573 701 1808 783; x_wconf 84' lang='lat' dir='ltr'><strong>adspersiones,</strong></span> <span class='ocrx_word' id='word_1_46' title='bbox 1837 699 1955 781; x_wconf 90' lang='lat' dir='ltr'><strong>quibus</strong></span> <span class='ocrx_word' id='word_1_47' title='bbox 1985 698 2044 762; x_wconf 89' lang='lat' dir='ltr'><strong>sub</strong></span> <span class='ocrx_word' id='word_1_48' title='bbox 2071 699 2143 780; x_wconf 91' lang='lat' dir='ltr'><strong>lege</strong></span> <span class='ocrx_word' id='word_1_49' title='bbox 2166 700 2217 762; x_wconf 87' lang='lat' dir='ltr'><strong>usi</strong></span> 
     </span>
     <span class='ocr_line' id='line_1_5' title="bbox 222 784 2217 871; baseline -0.005 -15"><span class='ocrx_word' id='word_1_50' title='bbox 222 814 287 856; x_wconf 94' lang='lat' dir='ltr'><strong>non</strong></span> <span class='ocrx_word' id='word_1_51' title='bbox 315 792 430 854; x_wconf 86' lang='lat' dir='ltr'><strong>leviter</strong></span> <span class='ocrx_word' id='word_1_52' title='bbox 461 797 589 855; x_wconf 86' lang='lat' dir='ltr'><strong>tantum</strong></span> <span class='ocrx_word' id='word_1_53' title='bbox 619 796 768 871; x_wconf 78' lang='lat' dir='ltr'><strong>gustasse</strong></span> <span class='ocrx_word' id='word_1_54' title='bbox 798 785 969 851; x_wconf 89' lang='lat' dir='ltr'><strong>coelestem</strong></span> <span class='ocrx_word' id='word_1_55' title='bbox 999 785 1192 858; x_wconf 86' lang='lat' dir='ltr'><strong>doctrinam,</strong></span> <span class='ocrx_word' id='word_1_56' title='bbox 1246 800 1325 850; x_wconf 89' lang='lat' dir='ltr'><strong>sunt</strong></span> <span class='ocrx_word' id='word_1_57' title='bbox 1356 785 1484 863; x_wconf 91' lang='lat' dir='ltr'><strong>Iudaei,</strong></span> <span class='ocrx_word' id='word_1_58' title='bbox 1520 799 1658 853; x_wconf 85' lang='lat' dir='ltr'><strong>testatae</strong></span> <span class='ocrx_word' id='word_1_59' title='bbox 1692 796 1768 851; x_wconf 89' lang='lat' dir='ltr'><strong>sunt</strong></span> <span class='ocrx_word' id='word_1_60' title='bbox 1800 785 1934 869; x_wconf 91' lang='lat' dir='ltr'><strong>purgari</strong></span> <span class='ocrx_word' id='word_1_61' title='bbox 1967 805 2026 848; x_wconf 91' lang='lat' dir='ltr'><strong>nos</strong></span> <span class='ocrx_word' id='word_1_62' title='bbox 2058 784 2099 847; x_wconf 90' lang='lat' dir='ltr'><strong>ab</strong></span> <span class='ocrx_word' id='word_1_63' title='bbox 2130 784 2217 847; x_wconf 92' lang='lat' dir='ltr'><strong>omni</strong></span> 
     </span>
     <span class='ocr_line' id='line_1_6' title="bbox 223 870 2217 960; baseline -0.005 -19"><span class='ocrx_word' id='word_1_64' title='bbox 223 877 275 942; x_wconf 86' lang='lat' dir='ltr'><strong>vel</strong></span> <span class='ocrx_word' id='word_1_65' title='bbox 303 878 408 960; x_wconf 87' lang='lat' dir='ltr'><strong>specie</strong></span> <span class='ocrx_word' id='word_1_66' title='bbox 440 885 533 940; x_wconf 89' lang='lat' dir='ltr'><strong>tenus</strong></span> <span class='ocrx_word' id='word_1_67' title='bbox 560 894 595 938; x_wconf 92' lang='lat' dir='ltr'><strong>se</strong></span> <span class='ocrx_word' id='word_1_68' title='bbox 625 872 682 936; x_wconf 91' lang='lat' dir='ltr'><strong>illa</strong></span> <span class='ocrx_word' id='word_1_69' title='bbox 710 871 810 937; x_wconf 88' lang='lat' dir='ltr'><strong>fuisse</strong></span> <span class='ocrx_word' id='word_1_70' title='bbox 833 871 1033 954; x_wconf 89' lang='lat' dir='ltr'><strong>adspersum,</strong></span> <span class='ocrx_word' id='word_1_71' title='bbox 1062 870 1119 934; x_wconf 88' lang='lat' dir='ltr'><strong>sed</strong></span> <span class='ocrx_word' id='word_1_72' title='bbox 1142 870 1192 933; x_wconf 93' lang='lat' dir='ltr'><strong>in·</strong></span> <span class='ocrx_word' id='word_1_73' title='bbox 1245 871 1463 952; x_wconf 87' lang='lat' dir='ltr'><strong>immunditie,</strong></span> <span class='ocrx_word' id='word_1_74' title='bbox 1491 885 1528 939; x_wconf 87' lang='lat' dir='ltr'><strong>ut</strong></span> <span class='ocrx_word' id='word_1_75' title='bbox 1551 875 1641 938; x_wconf 91' lang='lat' dir='ltr'><strong>Deus</strong></span> <span class='ocrx_word' id='word_1_76' title='bbox 1670 872 1814 954; x_wconf 90' lang='lat' dir='ltr'><strong>placatos</strong></span> <span class='ocrx_word' id='word_1_77' title='bbox 1842 893 1901 936; x_wconf 92' lang='lat' dir='ltr'><strong>nos</strong></span> <span class='ocrx_word' id='word_1_78' title='bbox 1930 871 1964 934; x_wconf 92' lang='lat' dir='ltr'><strong>in</strong></span> <span class='ocrx_word' id='word_1_79' title='bbox 1996 870 2135 952; x_wconf 82' lang='lat' dir='ltr'><strong>gratiam</strong></span> <span class='ocrx_word' id='word_1_80' title='bbox 2168 890 2217 933; x_wconf 90' lang='lat' dir='ltr'><strong>re·</strong></span> 
     </span>
     <span class='ocr_line' id='line_1_7' title="bbox 222 955 2218 1046; baseline -0.005 -19"><span class='ocrx_word' id='word_1_81' title='bbox 222 964 322 1028; x_wconf 91' lang='lat' dir='ltr'><strong>fixam</strong></span> <span class='ocrx_word' id='word_1_82' title='bbox 352 961 484 1046; x_wconf 89' lang='lat' dir='ltr'><strong>penitus</strong></span> <span class='ocrx_word' id='word_1_83' title='bbox 506 961 605 1024; x_wconf 91' lang='lat' dir='ltr'><strong>fuisse</strong></span> <span class='ocrx_word' id='word_1_84' title='bbox 627 956 716 1025; x_wconf 91' lang='lat' dir='ltr'><strong>cordi</strong></span> <span class='ocrx_word' id='word_1_85' title='bbox 740 976 816 1022; x_wconf 88' lang='lat' dir='ltr'><strong>suo:</strong></span> <span class='ocrx_word' id='word_1_86' title='bbox 844 959 920 1043; x_wconf 91' lang='lat' dir='ltr'><strong>quia</strong></span> <span class='ocrx_word' id='word_1_87' title='bbox 941 956 1034 1021; x_wconf 92' lang='lat' dir='ltr'><strong>Deus</strong></span> <span class='ocrx_word' id='word_1_88' title='bbox 1056 955 1192 1020; x_wconf 88' lang='lat' dir='ltr'><strong>familia·</strong></span> <span class='ocrx_word' id='word_1_89' title='bbox 1245 958 1353 1040; x_wconf 91' lang='lat' dir='ltr'><strong>eipiat.</strong></span> <span class='ocrx_word' id='word_1_90' title='bbox 1398 959 1502 1023; x_wconf 91' lang='lat' dir='ltr'><strong>Porro</strong></span> <span class='ocrx_word' id='word_1_91' title='bbox 1532 960 1666 1043; x_wconf 89' lang='lat' dir='ltr'><strong>spiritus</strong></span> <span class='ocrx_word' id='word_1_92' title='bbox 1696 958 1801 1021; x_wconf 90' lang='lat' dir='ltr'><strong>sancti</strong></span> <span class='ocrx_word' id='word_1_93' title='bbox 1826 956 1970 1023; x_wconf 88' lang='lat' dir='ltr'><strong>efficium</strong></span> <span class='ocrx_word' id='word_1_94' title='bbox 1993 976 2064 1020; x_wconf 89' lang='lat' dir='ltr'><strong>esse</strong></span> <span class='ocrx_word' id='word_1_95' title='bbox 2086 955 2218 1031; x_wconf 89' lang='lat' dir='ltr'><strong>scimus,</strong></span> 
     </span>
     <span class='ocr_line' id='line_1_8' title="bbox 223 1040 2217 1126; baseline -0.005 -13"><span class='ocrx_word' id='word_1_96' title='bbox 223 1049 304 1114; x_wconf 90' lang='lat' dir='ltr'><strong>riter</strong></span> <span class='ocrx_word' id='word_1_97' title='bbox 327 1068 401 1112; x_wconf 92' lang='lat' dir='ltr'><strong>eum</strong></span> <span class='ocrx_word' id='word_1_98' title='bbox 424 1048 606 1121; x_wconf 74' lang='lat' dir='ltr'><strong>edocuerat,</strong></span> <span class='ocrx_word' id='word_1_99' title='bbox 637 1056 672 1108; x_wconf 94' lang='lat' dir='ltr'><strong>ut</strong></span> <span class='ocrx_word' id='word_1_100' title='bbox 695 1042 777 1107; x_wconf 93' lang='lat' dir='ltr'><strong>nihil</strong></span> <span class='ocrx_word' id='word_1_101' title='bbox 801 1063 936 1126; x_wconf 89' lang='lat' dir='ltr'><strong>prorsus</strong></span> <span class='ocrx_word' id='word_1_102' title='bbox 957 1042 1039 1106; x_wconf 92' lang='lat' dir='ltr'><strong>utile</strong></span> <span class='ocrx_word' id='word_1_103' title='bbox 1060 1042 1193 1125; x_wconf 88' lang='lat' dir='ltr'><strong>cognitu</strong></span> <span class='ocrx_word' id='word_1_104' title='bbox 1246 1045 1336 1109; x_wconf 91' lang='lat' dir='ltr'><strong>intus</strong></span> <span class='ocrx_word' id='word_1_105' title='bbox 1359 1044 1490 1109; x_wconf 86' lang='lat' dir='ltr'><strong>abluere</strong></span> <span class='ocrx_word' id='word_1_106' title='bbox 1511 1043 1726 1109; x_wconf 90' lang='lat' dir='ltr'><strong>conscientias</strong></span> <span class='ocrx_word' id='word_1_107' title='bbox 1749 1060 1879 1107; x_wconf 86' lang='lat' dir='ltr'><strong>nostras</strong></span> <span class='ocrx_word' id='word_1_108' title='bbox 1902 1042 2063 1125; x_wconf 89' lang='lat' dir='ltr'><strong>sanguine</strong></span> <span class='ocrx_word' id='word_1_109' title='bbox 2081 1040 2217 1115; x_wconf 83' lang='lat' dir='ltr'><strong>Christi,</strong></span> 
     </span>
     <span class='ocr_line' id='line_1_9' title="bbox 223 1127 2217 1213; baseline -0.005 -12"><span class='ocrx_word' id='word_1_110' title='bbox 223 1135 352 1201; x_wconf 91' lang='lat' dir='ltr'><strong>celaret.</strong></span> <span class='ocrx_word' id='word_1_111' title='bbox 397 1131 512 1213; x_wconf 90' lang='lat' dir='ltr'><strong>Itaque</strong></span> <span class='ocrx_word' id='word_1_112' title='bbox 534 1130 644 1195; x_wconf 88' lang='lat' dir='ltr'><strong>minue</strong></span> <span class='ocrx_word' id='word_1_113' title='bbox 667 1128 862 1195; x_wconf 88' lang='lat' dir='ltr'><strong>excusabilis</strong></span> <span class='ocrx_word' id='word_1_114' title='bbox 885 1139 954 1193; x_wconf 90' lang='lat' dir='ltr'><strong>erat</strong></span> <span class='ocrx_word' id='word_1_115' title='bbox 977 1128 1097 1203; x_wconf 86' lang='lat' dir='ltr'><strong>David,</strong></span> <span class='ocrx_word' id='word_1_116' title='bbox 1119 1127 1195 1209; x_wconf 88' lang='lat' dir='ltr'><strong>quia</strong></span> <span class='ocrx_word' id='word_1_117' title='bbox 1248 1150 1290 1193; x_wconf 92' lang='lat' dir='ltr'><strong>nc</strong></span> <span class='ocrx_word' id='word_1_118' title='bbox 1320 1131 1359 1193; x_wconf 92' lang='lat' dir='ltr'><strong>ab</strong></span> <span class='ocrx_word' id='word_1_119' title='bbox 1389 1151 1520 1196; x_wconf 87' lang='lat' dir='ltr'><strong>accessu</strong></span> <span class='ocrx_word' id='word_1_120' title='bbox 1544 1131 1607 1194; x_wconf 88' lang='lat' dir='ltr'><strong>Dei</strong></span> <span class='ocrx_word' id='word_1_121' title='bbox 1638 1151 1696 1194; x_wconf 86' lang='lat' dir='ltr'><strong>nos</strong></span> <span class='ocrx_word' id='word_1_122' title='bbox 1727 1129 1919 1211; x_wconf 85' lang='lat' dir='ltr'><strong>prohibeant</strong></span> <span class='ocrx_word' id='word_1_123' title='bbox 1942 1128 2055 1192; x_wconf 90' lang='lat' dir='ltr'><strong>sordes</strong></span> <span class='ocrx_word' id='word_1_124' title='bbox 2077 1139 2217 1191; x_wconf 88' lang='lat' dir='ltr'><strong>nestrae.</strong></span> 
     </span>
     <span class='ocr_line' id='line_1_10' title="bbox 224 1213 2219 1300; baseline -0.006 -14"><span class='ocrx_word' id='word_1_125' title='bbox 224 1240 303 1286; x_wconf 89' lang='lat' dir='ltr'><strong>vera</strong></span> <span class='ocrx_word' id='word_1_126' title='bbox 330 1216 546 1300; x_wconf 84' lang='lat' dir='ltr'><strong>intelligentia</strong></span> <span class='ocrx_word' id='word_1_127' title='bbox 574 1228 642 1279; x_wconf 91' lang='lat' dir='ltr'><strong>tam</strong></span> <span class='ocrx_word' id='word_1_128' title='bbox 669 1215 836 1298; x_wconf 90' lang='lat' dir='ltr'><strong>praeclare</strong></span> <span class='ocrx_word' id='word_1_129' title='bbox 865 1215 1055 1290; x_wconf 89' lang='lat' dir='ltr'><strong>instructus,</strong></span> <span class='ocrx_word' id='word_1_130' title='bbox 1086 1226 1194 1278; x_wconf 90' lang='lat' dir='ltr'><strong>tamen</strong></span> <span class='ocrx_word' id='word_1_131' title='bbox 1248 1213 1422 1282; x_wconf 82' lang='lat' dir='ltr'><strong>Coniuncti</strong></span> <span class='ocrx_word' id='word_1_132' title='bbox 1453 1220 1549 1281; x_wconf 88' lang='lat' dir='ltr'><strong>etiam</strong></span> <span class='ocrx_word' id='word_1_133' title='bbox 1572 1227 1650 1281; x_wconf 89' lang='lat' dir='ltr'><strong>sunt</strong></span> <span class='ocrx_word' id='word_1_134' title='bbox 1672 1215 1736 1278; x_wconf 93' lang='lat' dir='ltr'><strong>duo</strong></span> <span class='ocrx_word' id='word_1_135' title='bbox 1759 1235 1882 1289; x_wconf 86' lang='lat' dir='ltr'><strong>versus,</strong></span> <span class='ocrx_word' id='word_1_136' title='bbox 1912 1235 2049 1295; x_wconf 89' lang='lat' dir='ltr'><strong>quorum</strong></span> <span class='ocrx_word' id='word_1_137' title='bbox 2071 1214 2148 1277; x_wconf 91' lang='lat' dir='ltr'><strong>finis</strong></span> <span class='ocrx_word' id='word_1_138' title='bbox 2170 1226 2219 1276; x_wconf 90' lang='lat' dir='ltr'><strong>est</strong></span> 
     </span>
     <span class='ocr_line' id='line_1_11' title="bbox 223 1297 2220 1388; baseline -0.005 -18"><span class='ocrx_word' id='word_1_139' title='bbox 223 1301 328 1371; x_wconf 81' lang='lat' dir='ltr'><strong>instar</strong></span> <span class='ocrx_word' id='word_1_140' title='bbox 349 1302 462 1368; x_wconf 91' lang='lat' dir='ltr'><strong>brutae</strong></span> <span class='ocrx_word' id='word_1_141' title='bbox 485 1301 617 1384; x_wconf 87' lang='lat' dir='ltr'><strong>pecudis</strong></span> <span class='ocrx_word' id='word_1_142' title='bbox 640 1322 676 1366; x_wconf 87' lang='lat' dir='ltr'><strong>se</strong></span> <span class='ocrx_word' id='word_1_143' title='bbox 699 1301 886 1382; x_wconf 89' lang='lat' dir='ltr'><strong>proiecisset</strong></span> <span class='ocrx_word' id='word_1_144' title='bbox 908 1298 948 1365; x_wconf 85' lang='lat' dir='ltr'><strong>ad</strong></span> <span class='ocrx_word' id='word_1_145' title='bbox 971 1298 1098 1363; x_wconf 88' lang='lat' dir='ltr'><strong>foedam</strong></span> <span class='ocrx_word' id='word_1_146' title='bbox 1122 1298 1194 1363; x_wconf 92' lang='lat' dir='ltr'><strong>libi·</strong></span> <span class='ocrx_word' id='word_1_147' title='bbox 1249 1310 1285 1363; x_wconf 93' lang='lat' dir='ltr'><strong>ut</strong></span> <span class='ocrx_word' id='word_1_148' title='bbox 1316 1324 1351 1365; x_wconf 92' lang='lat' dir='ltr'><strong>se</strong></span> <span class='ocrx_word' id='word_1_149' title='bbox 1374 1302 1464 1367; x_wconf 91' lang='lat' dir='ltr'><strong>Deus</strong></span> <span class='ocrx_word' id='word_1_150' title='bbox 1493 1304 1656 1388; x_wconf 90' lang='lat' dir='ltr'><strong>placatum</strong></span> <span class='ocrx_word' id='word_1_151' title='bbox 1687 1322 1758 1365; x_wconf 89' lang='lat' dir='ltr'><strong>esse</strong></span> <span class='ocrx_word' id='word_1_152' title='bbox 1781 1298 1941 1364; x_wconf 88' lang='lat' dir='ltr'><strong>ostendat.</strong></span> <span class='ocrx_word' id='word_1_153' title='bbox 1986 1297 2082 1378; x_wconf 77' lang='lat' dir='ltr'><strong>Quod</strong></span> <span class='ocrx_word' id='word_1_154' title='bbox 2106 1299 2220 1363; x_wconf 89' lang='lat' dir='ltr'><strong>existi·</strong></span> 
     </span>
     <span class='ocr_line' id='line_1_12' title="bbox 225 1383 2219 1471; baseline -0.004 -16"><span class='ocrx_word' id='word_1_155' title='bbox 225 1390 351 1455; x_wconf 86' lang='lat' dir='ltr'><strong>dinem:</strong></span> <span class='ocrx_word' id='word_1_156' title='bbox 382 1387 498 1452; x_wconf 91' lang='lat' dir='ltr'><strong>deinde</strong></span> <span class='ocrx_word' id='word_1_157' title='bbox 530 1388 618 1451; x_wconf 86' lang='lat' dir='ltr'><strong>varie</strong></span> <span class='ocrx_word' id='word_1_158' title='bbox 643 1385 806 1468; x_wconf 90' lang='lat' dir='ltr'><strong>precando</strong></span> <span class='ocrx_word' id='word_1_159' title='bbox 836 1385 966 1449; x_wconf 90' lang='lat' dir='ltr'><strong>tandem</strong></span> <span class='ocrx_word' id='word_1_160' title='bbox 1001 1386 1068 1449; x_wconf 91' lang='lat' dir='ltr'><strong>fere</strong></span> <span class='ocrx_word' id='word_1_161' title='bbox 1090 1383 1196 1448; x_wconf 90' lang='lat' dir='ltr'><strong>obstu·</strong></span> <span class='ocrx_word' id='word_1_162' title='bbox 1249 1401 1341 1451; x_wconf 90' lang='lat' dir='ltr'><strong>mant</strong></span> <span class='ocrx_word' id='word_1_163' title='bbox 1376 1389 1507 1470; x_wconf 88' lang='lat' dir='ltr'><strong>quidam</strong></span> <span class='ocrx_word' id='word_1_164' title='bbox 1541 1389 1645 1471; x_wconf 90' lang='lat' dir='ltr'><strong>optari</strong></span> <span class='ocrx_word' id='word_1_165' title='bbox 1674 1408 1693 1450; x_wconf 89' lang='lat' dir='ltr'><strong>a</strong></span> <span class='ocrx_word' id='word_1_166' title='bbox 1722 1385 1852 1452; x_wconf 86' lang='lat' dir='ltr'><strong>Davide</strong></span> <span class='ocrx_word' id='word_1_167' title='bbox 1883 1386 2035 1449; x_wconf 90' lang='lat' dir='ltr'><strong>nuntium</strong></span> <span class='ocrx_word' id='word_1_168' title='bbox 2065 1385 2219 1460; x_wconf 89' lang='lat' dir='ltr'><strong>laetitiae,</strong></span> 
     </span>
     <span class='ocr_line' id='line_1_13' title="bbox 225 1470 2220 1558; baseline -0.004 -17"><span class='ocrx_word' id='word_1_169' title='bbox 225 1486 349 1558; x_wconf 88' lang='lat' dir='ltr'><strong>puerat.</strong></span> <span class='ocrx_word' id='word_1_170' title='bbox 381 1473 541 1537; x_wconf 86' lang='lat' dir='ltr'><strong>Videmus</strong></span> <span class='ocrx_word' id='word_1_171' title='bbox 560 1491 714 1555; x_wconf 89' lang='lat' dir='ltr'><strong>quorsum</strong></span> <span class='ocrx_word' id='word_1_172' title='bbox 734 1482 859 1555; x_wconf 88' lang='lat' dir='ltr'><strong>spectet</strong></span> <span class='ocrx_word' id='word_1_173' title='bbox 876 1470 1001 1536; x_wconf 86' lang='lat' dir='ltr'><strong>David:</strong></span> <span class='ocrx_word' id='word_1_174' title='bbox 1020 1484 1195 1552; x_wconf 50' lang='lat' dir='ltr'><strong>’postquam</strong></span> <span class='ocrx_word' id='word_1_175' title='bbox 1249 1485 1283 1536; x_wconf 94' lang='lat' dir='ltr'><strong>ut</strong></span> <span class='ocrx_word' id='word_1_176' title='bbox 1303 1474 1452 1539; x_wconf 90' lang='lat' dir='ltr'><strong>mittatur</strong></span> <span class='ocrx_word' id='word_1_177' title='bbox 1472 1476 1631 1558; x_wconf 88' lang='lat' dir='ltr'><strong>propheta</strong></span> <span class='ocrx_word' id='word_1_178' title='bbox 1646 1473 1806 1554; x_wconf 89' lang='lat' dir='ltr'><strong>quispiam</strong></span> <span class='ocrx_word' id='word_1_179' title='bbox 1821 1470 2092 1538; x_wconf 76' lang='lat' dir='ltr'><strong>reconciliationis</strong></span> <span class='ocrx_word' id='word_1_180' title='bbox 2104 1490 2220 1553; x_wconf 82' lang='lat' dir='ltr'><strong>praece</strong></span> 
     </span>
     <span class='ocr_line' id='line_1_14' title="bbox 224 1557 2219 1638; baseline -0.004 -13"><span class='ocrx_word' id='word_1_181' title='bbox 224 1562 309 1625; x_wconf 92' lang='lat' dir='ltr'><strong>enim</strong></span> <span class='ocrx_word' id='word_1_182' title='bbox 328 1559 495 1627; x_wconf 83' lang='lat' dir='ltr'><strong>confessus</strong></span> <span class='ocrx_word' id='word_1_183' title='bbox 513 1569 564 1623; x_wconf 88' lang='lat' dir='ltr'><strong>est</strong></span> <span class='ocrx_word' id='word_1_184' title='bbox 581 1558 712 1624; x_wconf 91' lang='lat' dir='ltr'><strong>sceleris</strong></span> <span class='ocrx_word' id='word_1_185' title='bbox 732 1557 783 1623; x_wconf 90' lang='lat' dir='ltr'><strong>sui</strong></span> <span class='ocrx_word' id='word_1_186' title='bbox 802 1557 1017 1635; x_wconf 88' lang='lat' dir='ltr'><strong>atrocitatem,</strong></span> <span class='ocrx_word' id='word_1_187' title='bbox 1035 1578 1070 1622; x_wconf 89' lang='lat' dir='ltr'><strong>se</strong></span> <span class='ocrx_word' id='word_1_188' title='bbox 1089 1568 1195 1619; x_wconf 92' lang='lat' dir='ltr'><strong>totum</strong></span> <span class='ocrx_word' id='word_1_189' title='bbox 1249 1571 1281 1623; x_wconf 91' lang='lat' dir='ltr'><strong>et</strong></span> <span class='ocrx_word' id='word_1_190' title='bbox 1302 1559 1406 1634; x_wconf 89' lang='lat' dir='ltr'><strong>testis,</strong></span> <span class='ocrx_word' id='word_1_191' title='bbox 1431 1561 1561 1626; x_wconf 92' lang='lat' dir='ltr'><strong>videtur</strong></span> <span class='ocrx_word' id='word_1_192' title='bbox 1583 1562 1681 1624; x_wconf 91' lang='lat' dir='ltr'><strong>nimis</strong></span> <span class='ocrx_word' id='word_1_193' title='bbox 1700 1560 1885 1624; x_wconf 90' lang='lat' dir='ltr'><strong>restrictum</strong></span> <span class='ocrx_word' id='word_1_194' title='bbox 1904 1577 1983 1632; x_wconf 90' lang='lat' dir='ltr'><strong>esse,</strong></span> <span class='ocrx_word' id='word_1_195' title='bbox 2008 1557 2115 1638; x_wconf 87' lang='lat' dir='ltr'><strong>petius</strong></span> <span class='ocrx_word' id='word_1_196' title='bbox 2135 1577 2219 1618; x_wconf 93' lang='lat' dir='ltr'><strong>nun-</strong></span> 
     </span>
     <span class='ocr_line' id='line_1_15' title="bbox 225 1639 2220 1729; baseline -0.004 -19"><span class='ocrx_word' id='word_1_197' title='bbox 225 1645 317 1729; x_wconf 90' lang='lat' dir='ltr'><strong>quasi</strong></span> <span class='ocrx_word' id='word_1_198' title='bbox 346 1666 387 1710; x_wconf 92' lang='lat' dir='ltr'><strong>ex</strong></span> <span class='ocrx_word' id='word_1_199' title='bbox 420 1655 550 1728; x_wconf 90' lang='lat' dir='ltr'><strong>peccato</strong></span> <span class='ocrx_word' id='word_1_200' title='bbox 583 1645 758 1710; x_wconf 88' lang='lat' dir='ltr'><strong>conflatum</strong></span> <span class='ocrx_word' id='word_1_201' title='bbox 793 1644 942 1726; x_wconf 87' lang='lat' dir='ltr'><strong>agnovit:</strong></span> <span class='ocrx_word' id='word_1_202' title='bbox 977 1654 1010 1707; x_wconf 90' lang='lat' dir='ltr'><strong>et</strong></span> <span class='ocrx_word' id='word_1_203' title='bbox 1042 1639 1196 1705; x_wconf 90' lang='lat' dir='ltr'><strong>damnata</strong></span> <span class='ocrx_word' id='word_1_204' title='bbox 1250 1644 1332 1709; x_wconf 90' lang='lat' dir='ltr'><strong>tium</strong></span> <span class='ocrx_word' id='word_1_205' title='bbox 1363 1645 1505 1711; x_wconf 90' lang='lat' dir='ltr'><strong>laetitiae</strong></span> <span class='ocrx_word' id='word_1_206' title='bbox 1527 1644 1699 1711; x_wconf 89' lang='lat' dir='ltr'><strong>indefinite</strong></span> <span class='ocrx_word' id='word_1_207' title='bbox 1722 1645 1879 1727; x_wconf 86' lang='lat' dir='ltr'><strong>accipitur</strong></span> <span class='ocrx_word' id='word_1_208' title='bbox 1902 1663 1960 1724; x_wconf 93' lang='lat' dir='ltr'><strong>pro</strong></span> <span class='ocrx_word' id='word_1_209' title='bbox 1983 1643 2108 1724; x_wconf 87' lang='lat' dir='ltr'><strong>gratiae</strong></span> <span class='ocrx_word' id='word_1_210' title='bbox 2131 1643 2220 1704; x_wconf 89' lang='lat' dir='ltr'><strong>testi·</strong></span> 
     </span>
     <span class='ocr_line' id='line_1_16' title="bbox 225 1727 2220 1814; baseline -0.004 -17"><span class='ocrx_word' id='word_1_211' title='bbox 225 1753 284 1797; x_wconf 88' lang='lat' dir='ltr'><strong>sua</strong></span> <span class='ocrx_word' id='word_1_212' title='bbox 312 1741 441 1810; x_wconf 89' lang='lat' dir='ltr'><strong>natura,</strong></span> <span class='ocrx_word' id='word_1_213' title='bbox 472 1750 535 1810; x_wconf 94' lang='lat' dir='ltr'><strong>que</strong></span> <span class='ocrx_word' id='word_1_214' title='bbox 565 1728 626 1795; x_wconf 91' lang='lat' dir='ltr'><strong>sibi</strong></span> <span class='ocrx_word' id='word_1_215' title='bbox 656 1729 728 1812; x_wconf 87' lang='lat' dir='ltr'><strong>plue</strong></span> <span class='ocrx_word' id='word_1_216' title='bbox 751 1727 895 1795; x_wconf 92' lang='lat' dir='ltr'><strong>horroris</strong></span> <span class='ocrx_word' id='word_1_217' title='bbox 918 1729 1088 1802; x_wconf 89' lang='lat' dir='ltr'><strong>incuteret,</strong></span> <span class='ocrx_word' id='word_1_218' title='bbox 1119 1747 1195 1808; x_wconf 90' lang='lat' dir='ltr'><strong>pro·</strong></span> <span class='ocrx_word' id='word_1_219' title='bbox 1248 1731 1368 1806; x_wconf 88' lang='lat' dir='ltr'><strong>monio,</strong></span> <span class='ocrx_word' id='word_1_220' title='bbox 1397 1754 1471 1796; x_wconf 89' lang='lat' dir='ltr'><strong>nam</strong></span> <span class='ocrx_word' id='word_1_221' title='bbox 1501 1755 1559 1814; x_wconf 90' lang='lat' dir='ltr'><strong>per</strong></span> <span class='ocrx_word' id='word_1_222' title='bbox 1587 1752 1658 1797; x_wconf 88' lang='lat' dir='ltr'><strong>esse</strong></span> <span class='ocrx_word' id='word_1_223' title='bbox 1679 1731 1809 1795; x_wconf 83' lang='lat' dir='ltr'><strong>contrite</strong></span> <span class='ocrx_word' id='word_1_224' title='bbox 1837 1727 1995 1810; x_wconf 92' lang='lat' dir='ltr'><strong>intelligit</strong></span> <span class='ocrx_word' id='word_1_225' title='bbox 2016 1748 2050 1792; x_wconf 91' lang='lat' dir='ltr'><strong>se</strong></span> <span class='ocrx_word' id='word_1_226' title='bbox 2073 1736 2220 1791; x_wconf 87' lang='lat' dir='ltr'><strong>extremo</strong></span> 
     </span>
     <span class='ocr_line' id='line_1_17' title="bbox 226 1812 2219 1900; baseline -0.004 -18"><span class='ocrx_word' id='word_1_227' title='bbox 226 1816 334 1900; x_wconf 92' lang='lat' dir='ltr'><strong>posuit</strong></span> <span class='ocrx_word' id='word_1_228' title='bbox 360 1814 423 1881; x_wconf 91' lang='lat' dir='ltr'><strong>eibi</strong></span> <span class='ocrx_word' id='word_1_229' title='bbox 451 1814 605 1880; x_wconf 91' lang='lat' dir='ltr'><strong>iudicium</strong></span> <span class='ocrx_word' id='word_1_230' title='bbox 628 1816 701 1892; x_wconf 91' lang='lat' dir='ltr'><strong>Dei,</strong></span> <span class='ocrx_word' id='word_1_231' title='bbox 732 1813 879 1895; x_wconf 85' lang='lat' dir='ltr'><strong>dixitque</strong></span> <span class='ocrx_word' id='word_1_232' title='bbox 906 1812 972 1878; x_wconf 94' lang='lat' dir='ltr'><strong>illic</strong></span> <span class='ocrx_word' id='word_1_233' title='bbox 994 1835 1060 1878; x_wconf 94' lang='lat' dir='ltr'><strong>non</strong></span> <span class='ocrx_word' id='word_1_234' title='bbox 1084 1812 1195 1897; x_wconf 90' lang='lat' dir='ltr'><strong>magni</strong></span> <span class='ocrx_word' id='word_1_235' title='bbox 1249 1836 1396 1881; x_wconf 87' lang='lat' dir='ltr'><strong>moerore</strong></span> <span class='ocrx_word' id='word_1_236' title='bbox 1418 1819 1519 1884; x_wconf 89' lang='lat' dir='ltr'><strong>fuisse</strong></span> <span class='ocrx_word' id='word_1_237' title='bbox 1539 1818 1706 1899; x_wconf 87' lang='lat' dir='ltr'><strong>afflictum,</strong></span> <span class='ocrx_word' id='word_1_238' title='bbox 1730 1825 1767 1878; x_wconf 94' lang='lat' dir='ltr'><strong>ut</strong></span> <span class='ocrx_word' id='word_1_239' title='bbox 1790 1814 1899 1896; x_wconf 88' lang='lat' dir='ltr'><strong>rigore</strong></span> <span class='ocrx_word' id='word_1_240' title='bbox 1917 1813 2077 1878; x_wconf 87' lang='lat' dir='ltr'><strong>exhausto</strong></span> <span class='ocrx_word' id='word_1_241' title='bbox 2095 1821 2128 1876; x_wconf 93' lang='lat' dir='ltr'><strong>et</strong></span> <span class='ocrx_word' id='word_1_242' title='bbox 2144 1834 2219 1877; x_wconf 90' lang='lat' dir='ltr'><strong>cou-</strong></span> 
     </span>
     <span class='ocr_line' id='line_1_18' title="bbox 226 1898 2220 1985; baseline -0.004 -18"><span class='ocrx_word' id='word_1_243' title='bbox 226 1902 380 1967; x_wconf 93' lang='lat' dir='ltr'><strong>momenti</strong></span> <span class='ocrx_word' id='word_1_244' title='bbox 410 1922 481 1966; x_wconf 88' lang='lat' dir='ltr'><strong>esse</strong></span> <span class='ocrx_word' id='word_1_245' title='bbox 503 1911 674 1966; x_wconf 88' lang='lat' dir='ltr'><strong>externam</strong></span> <span class='ocrx_word' id='word_1_246' title='bbox 696 1901 846 1981; x_wconf 91' lang='lat' dir='ltr'><strong>speciem,</strong></span> <span class='ocrx_word' id='word_1_247' title='bbox 877 1898 934 1964; x_wconf 89' lang='lat' dir='ltr'><strong>sed</strong></span> <span class='ocrx_word' id='word_1_248' title='bbox 957 1901 1195 1965; x_wconf 80' lang='lat' dir='ltr'><strong>exactam-sin·</strong></span> <span class='ocrx_word' id='word_1_249' title='bbox 1248 1914 1390 1984; x_wconf 87' lang='lat' dir='ltr'><strong>sumpte,</strong></span> <span class='ocrx_word' id='word_1_250' title='bbox 1408 1925 1507 1985; x_wconf 91' lang='lat' dir='ltr'><strong>prope</strong></span> <span class='ocrx_word' id='word_1_251' title='bbox 1526 1903 1686 1966; x_wconf 85' lang='lat' dir='ltr'><strong>deficeret.</strong></span> <span class='ocrx_word' id='word_1_252' title='bbox 1718 1899 1835 1982; x_wconf 90' lang='lat' dir='ltr'><strong>Itaque</strong></span> <span class='ocrx_word' id='word_1_253' title='bbox 1852 1899 2049 1963; x_wconf 89' lang='lat' dir='ltr'><strong>sibimerito</strong></span> <span class='ocrx_word' id='word_1_254' title='bbox 2064 1899 2220 1981; x_wconf 77' lang='lat' dir='ltr'><strong>pendium</strong></span> 
     </span>
     <span class='ocr_line' id='line_1_19' title="bbox 225 1984 2218 2070; baseline -0.004 -16"><span class='ocrx_word' id='word_1_255' title='bbox 225 1989 392 2055; x_wconf 89' lang='lat' dir='ltr'><strong>ceritatem</strong></span> <span class='ocrx_word' id='word_1_256' title='bbox 415 1986 545 2069; x_wconf 88' lang='lat' dir='ltr'><strong>requiri.</strong></span> <span class='ocrx_word' id='word_1_257' title='bbox 583 1986 655 2049; x_wconf 88' lang='lat' dir='ltr'><strong>Iam</strong></span> <span class='ocrx_word' id='word_1_258' title='bbox 677 1984 768 2050; x_wconf 90' lang='lat' dir='ltr'><strong>addit</strong></span> <span class='ocrx_word' id='word_1_259' title='bbox 790 2008 824 2049; x_wconf 92' lang='lat' dir='ltr'><strong>se</strong></span> <span class='ocrx_word' id='word_1_260' title='bbox 848 2006 912 2050; x_wconf 92' lang='lat' dir='ltr'><strong>non</strong></span> <span class='ocrx_word' id='word_1_261' title='bbox 932 2006 1002 2050; x_wconf 86' lang='lat' dir='ltr'><strong>esee</strong></span> <span class='ocrx_word' id='word_1_262' title='bbox 1020 1985 1195 2068; x_wconf 91' lang='lat' dir='ltr'><strong>quemlibet</strong></span> <span class='ocrx_word' id='word_1_263' title='bbox 1248 1988 1377 2050; x_wconf 90' lang='lat' dir='ltr'><strong>restitui</strong></span> <span class='ocrx_word' id='word_1_264' title='bbox 1412 1989 1569 2070; x_wconf 89' lang='lat' dir='ltr'><strong>postulat,</strong></span> <span class='ocrx_word' id='word_1_265' title='bbox 1603 2007 1666 2069; x_wconf 94' lang='lat' dir='ltr'><strong>quo</strong></span> <span class='ocrx_word' id='word_1_266' title='bbox 1695 1988 1860 2051; x_wconf 90' lang='lat' dir='ltr'><strong>animetur</strong></span> <span class='ocrx_word' id='word_1_267' title='bbox 1888 1985 1924 2048; x_wconf 92' lang='lat' dir='ltr'><strong>in</strong></span> <span class='ocrx_word' id='word_1_268' title='bbox 1955 2005 2076 2048; x_wconf 88' lang='lat' dir='ltr'><strong>novam</strong></span> <span class='ocrx_word' id='word_1_269' title='bbox 2106 1984 2218 2048; x_wconf 85' lang='lat' dir='ltr'><strong>vitam.</strong></span> 
     </span>
     <span class='ocr_line' id='line_1_20' title="bbox 227 2068 2219 2158; baseline -0.003 -20"><span class='ocrx_word' id='word_1_270' title='bbox 227 2095 244 2138; x_wconf 92' lang='lat' dir='ltr'><strong>e</strong></span> <span class='ocrx_word' id='word_1_271' title='bbox 263 2074 371 2157; x_wconf 88' lang='lat' dir='ltr'><strong>vulgo,</strong></span> <span class='ocrx_word' id='word_1_272' title='bbox 396 2084 432 2138; x_wconf 94' lang='lat' dir='ltr'><strong>ut</strong></span> <span class='ocrx_word' id='word_1_273' title='bbox 454 2073 487 2137; x_wconf 92' lang='lat' dir='ltr'><strong>in</strong></span> <span class='ocrx_word' id='word_1_274' title='bbox 511 2071 697 2137; x_wconf 65' lang='lat' dir='ltr'><strong>turbam&#39;se</strong></span> <span class='ocrx_word' id='word_1_275' title='bbox 716 2071 892 2137; x_wconf 88' lang='lat' dir='ltr'><strong>coniiciens</strong></span> <span class='ocrx_word' id='word_1_276' title='bbox 910 2073 1073 2149; x_wconf 87' lang='lat' dir='ltr'><strong>communi</strong></span> <span class='ocrx_word' id='word_1_277' title='bbox 1092 2090 1195 2153; x_wconf 91' lang='lat' dir='ltr'><strong>poena</strong></span> <span class='ocrx_word' id='word_1_278' title='bbox 1248 2070 1321 2136; x_wconf 88' lang='lat' dir='ltr'><strong>Hoc</strong></span> <span class='ocrx_word' id='word_1_279' title='bbox 1340 2082 1449 2138; x_wconf 90' lang='lat' dir='ltr'><strong>autem</strong></span> <span class='ocrx_word' id='word_1_280' title='bbox 1468 2073 1624 2158; x_wconf 89' lang='lat' dir='ltr'><strong>gaudium</strong></span> <span class='ocrx_word' id='word_1_281' title='bbox 1644 2073 1723 2137; x_wconf 92' lang='lat' dir='ltr'><strong>dieit</strong></span> <span class='ocrx_word' id='word_1_282' title='bbox 1739 2071 1852 2135; x_wconf 89' lang='lat' dir='ltr'><strong>auditu</strong></span> <span class='ocrx_word' id='word_1_283' title='bbox 1872 2071 2002 2153; x_wconf 87' lang='lat' dir='ltr'><strong>percipi,</strong></span> <span class='ocrx_word' id='word_1_284' title='bbox 2022 2070 2100 2151; x_wconf 90' lang='lat' dir='ltr'><strong>quia</strong></span> <span class='ocrx_word' id='word_1_285' title='bbox 2118 2068 2219 2133; x_wconf 89' lang='lat' dir='ltr'><strong>donec</strong></span> 
     </span>
     <span class='ocr_line' id='line_1_21' title="bbox 227 2153 2280 2241; baseline -0.004 -16"><span class='ocrx_word' id='word_1_286' title='bbox 227 2159 360 2241; x_wconf 80' lang='lat' dir='ltr'><strong>defungi</strong></span> <span class='ocrx_word' id='word_1_287' title='bbox 394 2168 507 2241; x_wconf 90' lang='lat' dir='ltr'><strong>queat:</strong></span> <span class='ocrx_word' id='word_1_288' title='bbox 548 2157 604 2222; x_wconf 91' lang='lat' dir='ltr'><strong>sed</strong></span> <span class='ocrx_word' id='word_1_289' title='bbox 638 2157 715 2238; x_wconf 87' lang='lat' dir='ltr'><strong>quia</strong></span> <span class='ocrx_word' id='word_1_290' title='bbox 748 2157 917 2222; x_wconf 88' lang='lat' dir='ltr'><strong>decoratus</strong></span> <span class='ocrx_word' id='word_1_291' title='bbox 950 2169 1035 2221; x_wconf 89' lang='lat' dir='ltr'><strong>esset</strong></span> <span class='ocrx_word' id='word_1_292' title='bbox 1067 2155 1195 2219; x_wconf 90' lang='lat' dir='ltr'><strong>eximiis</strong></span> <span class='ocrx_word' id='word_1_293' title='bbox 1249 2158 1347 2223; x_wconf 83' lang='lat' dir='ltr'><strong>verbo</strong></span> <span class='ocrx_word' id='word_1_294' title='bbox 1370 2160 1433 2224; x_wconf 90' lang='lat' dir='ltr'><strong>Dei</strong></span> <span class='ocrx_word' id='word_1_295' title='bbox 1455 2158 1658 2225; x_wconf 87' lang='lat' dir='ltr'><strong>exhilaretur</strong></span> <span class='ocrx_word' id='word_1_296' title='bbox 1680 2166 1831 2241; x_wconf 90' lang='lat' dir='ltr'><strong>peccator</strong></span> <span class='ocrx_word' id='word_1_297' title='bbox 1854 2171 1891 2219; x_wconf 89' lang='lat' dir='ltr'><strong>ut</strong></span> <span class='ocrx_word' id='word_1_298' title='bbox 1912 2158 2056 2219; x_wconf 91' lang='lat' dir='ltr'><strong>animum</strong></span> <span class='ocrx_word' id='word_1_299' title='bbox 2076 2153 2218 2237; x_wconf 89' lang='lat' dir='ltr'><strong>colligat,</strong></span> <span class='ocrx_word' id='word_1_300' title='bbox 2275 2184 2280 2207; x_wconf 71' lang='grc' dir='ltr'><strong>ι</strong></span> 
     </span>
     <span class='ocr_line' id='line_1_22' title="bbox 227 2241 2219 2328; baseline -0.004 -17"><span class='ocrx_word' id='word_1_301' title='bbox 227 2244 363 2328; x_wconf 89' lang='lat' dir='ltr'><strong>spiritus</strong></span> <span class='ocrx_word' id='word_1_302' title='bbox 392 2244 496 2317; x_wconf 90' lang='lat' dir='ltr'><strong>donis,</strong></span> <span class='ocrx_word' id='word_1_303' title='bbox 525 2264 561 2308; x_wconf 89' lang='lat' dir='ltr'><strong>ee</strong></span> <span class='ocrx_word' id='word_1_304' title='bbox 590 2245 711 2307; x_wconf 89' lang='lat' dir='ltr'><strong>maiore</strong></span> <span class='ocrx_word' id='word_1_305' title='bbox 741 2242 838 2327; x_wconf 88' lang='lat' dir='ltr'><strong>eulpa</strong></span> <span class='ocrx_word' id='word_1_306' title='bbox 867 2241 1055 2325; x_wconf 85' lang='lat' dir='ltr'><strong>constringi.</strong></span> <span class='ocrx_word' id='word_1_307' title='bbox 1100 2241 1195 2304; x_wconf 93' lang='lat' dir='ltr'><strong>Nune</strong></span> <span class='ocrx_word' id='word_1_308' title='bbox 1248 2243 1371 2308; x_wconf 88' lang='lat' dir='ltr'><strong>frustra</strong></span> <span class='ocrx_word' id='word_1_309' title='bbox 1398 2245 1462 2309; x_wconf 89' lang='lat' dir='ltr'><strong>alia</strong></span> <span class='ocrx_word' id='word_1_310' title='bbox 1485 2246 1601 2310; x_wconf 89' lang='lat' dir='ltr'><strong>solatia</strong></span> <span class='ocrx_word' id='word_1_311' title='bbox 1623 2245 1685 2308; x_wconf 91' lang='lat' dir='ltr'><strong>sibi</strong></span> <span class='ocrx_word' id='word_1_312' title='bbox 1708 2254 1861 2308; x_wconf 77' lang='lat' dir='ltr'><strong>accersor.</strong></span> <span class='ocrx_word' id='word_1_313' title='bbox 1906 2241 1996 2306; x_wconf 87' lang='lat' dir='ltr'><strong>Haec</strong></span> <span class='ocrx_word' id='word_1_314' title='bbox 2019 2242 2119 2324; x_wconf 88' lang='lat' dir='ltr'><strong>igitur</strong></span> <span class='ocrx_word' id='word_1_315' title='bbox 2142 2261 2219 2304; x_wconf 82' lang='lat' dir='ltr'><strong>vera</strong></span> 
     </span>
     <span class='ocr_line' id='line_1_23' title="bbox 228 2326 2217 2413; baseline -0.003 -18"><span class='ocrx_word' id='word_1_316' title='bbox 228 2330 269 2395; x_wconf 93' lang='lat' dir='ltr'><strong>ad</strong></span> <span class='ocrx_word' id='word_1_317' title='bbox 298 2351 332 2394; x_wconf 88' lang='lat' dir='ltr'><strong>se</strong></span> <span class='ocrx_word' id='word_1_318' title='bbox 353 2330 488 2413; x_wconf 89' lang='lat' dir='ltr'><strong>quisque</strong></span> <span class='ocrx_word' id='word_1_319' title='bbox 509 2328 686 2394; x_wconf 89' lang='lat' dir='ltr'><strong>transferre</strong></span> <span class='ocrx_word' id='word_1_320' title='bbox 709 2327 812 2393; x_wconf 88' lang='lat' dir='ltr'><strong>discat</strong></span> <span class='ocrx_word' id='word_1_321' title='bbox 835 2329 920 2394; x_wconf 92' lang='lat' dir='ltr'><strong>hanc</strong></span> <span class='ocrx_word' id='word_1_322' title='bbox 942 2326 1134 2407; x_wconf 88' lang='lat' dir='ltr'><strong>doctrinam,</strong></span> <span class='ocrx_word' id='word_1_323' title='bbox 1163 2339 1196 2390; x_wconf 90' lang='lat' dir='ltr'><strong>et</strong></span> <span class='ocrx_word' id='word_1_324' title='bbox 1248 2340 1298 2393; x_wconf 90' lang='lat' dir='ltr'><strong>eet</strong></span> <span class='ocrx_word' id='word_1_325' title='bbox 1327 2333 1416 2411; x_wconf 86' lang='lat' dir='ltr'><strong>pacis</strong></span> <span class='ocrx_word' id='word_1_326' title='bbox 1445 2340 1478 2396; x_wconf 89' lang='lat' dir='ltr'><strong>et</strong></span> <span class='ocrx_word' id='word_1_327' title='bbox 1506 2329 1627 2397; x_wconf 88' lang='lat' dir='ltr'><strong>solidae</strong></span> <span class='ocrx_word' id='word_1_328' title='bbox 1656 2329 1799 2393; x_wconf 85' lang='lat' dir='ltr'><strong>laetitiae</strong></span> <span class='ocrx_word' id='word_1_329' title='bbox 1827 2328 1920 2410; x_wconf 91' lang='lat' dir='ltr'><strong>ratio,</strong></span> <span class='ocrx_word' id='word_1_330' title='bbox 1950 2326 2155 2407; x_wconf 89' lang='lat' dir='ltr'><strong>acquiescere</strong></span> <span class='ocrx_word' id='word_1_331' title='bbox 2184 2327 2217 2388; x_wconf 93' lang='lat' dir='ltr'><strong>in</strong></span> 
     </span>
     <span class='ocr_line' id='line_1_24' title="bbox 228 2413 2220 2497; baseline -0.004 -16"><span class='ocrx_word' id='word_1_332' title='bbox 228 2416 290 2482; x_wconf 91' lang='lat' dir='ltr'><strong>sibi</strong></span> <span class='ocrx_word' id='word_1_333' title='bbox 320 2415 467 2481; x_wconf 89' lang='lat' dir='ltr'><strong>conscius</strong></span> <span class='ocrx_word' id='word_1_334' title='bbox 490 2415 589 2479; x_wconf 89' lang='lat' dir='ltr'><strong>unius</strong></span> <span class='ocrx_word' id='word_1_335' title='bbox 610 2414 744 2496; x_wconf 89' lang='lat' dir='ltr'><strong>peceati,</strong></span> <span class='ocrx_word' id='word_1_336' title='bbox 775 2413 839 2479; x_wconf 89' lang='lat' dir='ltr'><strong>alia</strong></span> <span class='ocrx_word' id='word_1_337' title='bbox 862 2434 987 2497; x_wconf 91' lang='lat' dir='ltr'><strong>quoque</strong></span> <span class='ocrx_word' id='word_1_338' title='bbox 1010 2425 1140 2477; x_wconf 85' lang='lat' dir='ltr'><strong>revocet</strong></span> <span class='ocrx_word' id='word_1_339' title='bbox 1163 2413 1197 2476; x_wconf 91' lang='lat' dir='ltr'><strong>in</strong></span> <span class='ocrx_word' id='word_1_340' title='bbox 1248 2413 1313 2478; x_wconf 89' lang='lat' dir='ltr'><strong>Dei</strong></span> <span class='ocrx_word' id='word_1_341' title='bbox 1340 2416 1618 2497; x_wconf 87' lang='lat' dir='ltr'><strong>promissionibus.</strong></span> <span class='ocrx_word' id='word_1_342' title='bbox 1662 2415 1746 2479; x_wconf 88' lang='lat' dir='ltr'><strong>Nam</strong></span> <span class='ocrx_word' id='word_1_343' title='bbox 1776 2426 1941 2495; x_wconf 90' lang='lat' dir='ltr'><strong>utcunque</strong></span> <span class='ocrx_word' id='word_1_344' title='bbox 1969 2433 2004 2477; x_wconf 89' lang='lat' dir='ltr'><strong>se</strong></span> <span class='ocrx_word' id='word_1_345' title='bbox 2027 2415 2068 2476; x_wconf 92' lang='lat' dir='ltr'><strong>ad</strong></span> <span class='ocrx_word' id='word_1_346' title='bbox 2091 2424 2220 2494; x_wconf 89' lang='lat' dir='ltr'><strong>tempus</strong></span> 
     </span>
     <span class='ocr_line' id='line_1_25' title="bbox 212 2497 2219 2586; baseline -0.003 -20"><span class='ocrx_word' id='word_1_347' title='bbox 212 2501 432 2579; x_wconf 87' lang='lat' dir='ltr'><strong>memoriam,</strong></span> <span class='ocrx_word' id='word_1_348' title='bbox 471 2514 507 2564; x_wconf 96' lang='lat' dir='ltr'><strong>ut</strong></span> <span class='ocrx_word' id='word_1_349' title='bbox 546 2521 581 2565; x_wconf 87' lang='lat' dir='ltr'><strong>se</strong></span> <span class='ocrx_word' id='word_1_350' title='bbox 620 2509 724 2564; x_wconf 92' lang='lat' dir='ltr'><strong>totum</strong></span> <span class='ocrx_word' id='word_1_351' title='bbox 756 2520 864 2565; x_wconf 89' lang='lat' dir='ltr'><strong>coram</strong></span> <span class='ocrx_word' id='word_1_352' title='bbox 898 2497 970 2563; x_wconf 91' lang='lat' dir='ltr'><strong>Deo</strong></span> <span class='ocrx_word' id='word_1_353' title='bbox 1002 2508 1194 2580; x_wconf 88' lang='lat' dir='ltr'><strong>prosternat.</strong></span> <span class='ocrx_word' id='word_1_354' title='bbox 1249 2498 1456 2579; x_wconf 86' lang='lat' dir='ltr'><strong>demulceant</strong></span> <span class='ocrx_word' id='word_1_355' title='bbox 1467 2503 1522 2585; x_wconf 92' lang='lat' dir='ltr'><strong>qui</strong></span> <span class='ocrx_word' id='word_1_356' title='bbox 1535 2502 1691 2586; x_wconf 90' lang='lat' dir='ltr'><strong>neglectis</strong></span> <span class='ocrx_word' id='word_1_357' title='bbox 1702 2499 1981 2583; x_wconf 89' lang='lat' dir='ltr'><strong>promissionibus,</strong></span> <span class='ocrx_word' id='word_1_358' title='bbox 2002 2498 2219 2564; x_wconf 89' lang='lat' dir='ltr'><strong>conscientiae</strong></span> 
     </span>
     <span class='ocr_line' id='line_1_26' title="bbox 228 2582 2221 2671; baseline -0.003 -21"><span class='ocrx_word' id='word_1_359' title='bbox 228 2585 356 2652; x_wconf 87' lang='lat' dir='ltr'><strong>Deinde</strong></span> <span class='ocrx_word' id='word_1_360' title='bbox 376 2585 539 2669; x_wconf 89' lang='lat' dir='ltr'><strong>expendat</strong></span> <span class='ocrx_word' id='word_1_361' title='bbox 557 2606 655 2668; x_wconf 87' lang='lat' dir='ltr'><strong>quam</strong></span> <span class='ocrx_word' id='word_1_362' title='bbox 674 2583 877 2669; x_wconf 83' lang='lat' dir='ltr'><strong>formidabile</strong></span> <span class='ocrx_word' id='word_1_363' title='bbox 893 2582 1196 2657; x_wconf 86' lang='lat' dir='ltr'><strong>eiteiusiudicium,</strong></span> <span class='ocrx_word' id='word_1_364' title='bbox 1250 2596 1391 2653; x_wconf 90' lang='lat' dir='ltr'><strong>terrores</strong></span> <span class='ocrx_word' id='word_1_365' title='bbox 1420 2608 1536 2670; x_wconf 91' lang='lat' dir='ltr'><strong>pacare</strong></span> <span class='ocrx_word' id='word_1_366' title='bbox 1566 2588 1618 2653; x_wconf 87' lang='lat' dir='ltr'><strong>vel</strong></span> <span class='ocrx_word' id='word_1_367' title='bbox 1647 2587 1792 2671; x_wconf 85' lang='lat' dir='ltr'><strong>effugere</strong></span> <span class='ocrx_word' id='word_1_368' title='bbox 1821 2597 1991 2666; x_wconf 91' lang='lat' dir='ltr'><strong>conantur,</strong></span> <span class='ocrx_word' id='word_1_369' title='bbox 2022 2595 2148 2648; x_wconf 90' lang='lat' dir='ltr'><strong>certum</strong></span> <span class='ocrx_word' id='word_1_370' title='bbox 2171 2594 2221 2646; x_wconf 88' lang='lat' dir='ltr'><strong>cst</strong></span> 
     </span>
     <span class='ocr_line' id='line_1_27' title="bbox 228 2670 2219 2754; baseline -0.004 -16"><span class='ocrx_word' id='word_1_371' title='bbox 228 2685 261 2738; x_wconf 92' lang='lat' dir='ltr'><strong>et</strong></span> <span class='ocrx_word' id='word_1_372' title='bbox 288 2693 362 2738; x_wconf 92' lang='lat' dir='ltr'><strong>cum</strong></span> <span class='ocrx_word' id='word_1_373' title='bbox 391 2671 482 2736; x_wconf 91' lang='lat' dir='ltr'><strong>illius</strong></span> <span class='ocrx_word' id='word_1_374' title='bbox 511 2670 705 2735; x_wconf 90' lang='lat' dir='ltr'><strong>rectitudine</strong></span> <span class='ocrx_word' id='word_1_375' title='bbox 736 2690 829 2733; x_wconf 85' lang='lat' dir='ltr'><strong>suam</strong></span> <span class='ocrx_word' id='word_1_376' title='bbox 859 2671 1037 2733; x_wconf 86' lang='lat' dir='ltr'><strong>vanitatem</strong></span> <span class='ocrx_word' id='word_1_377' title='bbox 1067 2688 1196 2751; x_wconf 86' lang='lat' dir='ltr'><strong>compa·</strong></span> <span class='ocrx_word' id='word_1_378' title='bbox 1249 2672 1354 2737; x_wconf 88' lang='lat' dir='ltr'><strong>caecis</strong></span> <span class='ocrx_word' id='word_1_379' title='bbox 1381 2674 1551 2739; x_wconf 87' lang='lat' dir='ltr'><strong>tormentis</strong></span> <span class='ocrx_word' id='word_1_380' title='bbox 1579 2674 1670 2738; x_wconf 90' lang='lat' dir='ltr'><strong>intus</strong></span> <span class='ocrx_word' id='word_1_381' title='bbox 1697 2693 1825 2754; x_wconf 90' lang='lat' dir='ltr'><strong>semper</strong></span> <span class='ocrx_word' id='word_1_382' title='bbox 1848 2671 1909 2735; x_wconf 91' lang='lat' dir='ltr'><strong>uri.</strong></span> <span class='ocrx_word' id='word_1_383' title='bbox 1955 2670 2079 2735; x_wconf 87' lang='lat' dir='ltr'><strong>Verum</strong></span> <span class='ocrx_word' id='word_1_384' title='bbox 2104 2685 2219 2733; x_wconf 88' lang='lat' dir='ltr'><strong>uteun-</strong></span> 
     </span>
     <span class='ocr_line' id='line_1_28' title="bbox 229 2754 2220 2841; baseline -0.003 -20"><span class='ocrx_word' id='word_1_385' title='bbox 229 2778 316 2838; x_wconf 87' lang='lat' dir='ltr'><strong>rans,</strong></span> <span class='ocrx_word' id='word_1_386' title='bbox 338 2779 372 2822; x_wconf 91' lang='lat' dir='ltr'><strong>se</strong></span> <span class='ocrx_word' id='word_1_387' title='bbox 395 2778 527 2839; x_wconf 89' lang='lat' dir='ltr'><strong>prorsus</strong></span> <span class='ocrx_word' id='word_1_388' title='bbox 549 2756 641 2820; x_wconf 89' lang='lat' dir='ltr'><strong>obrui</strong></span> <span class='ocrx_word' id='word_1_389' title='bbox 665 2754 793 2821; x_wconf 86' lang='lat' dir='ltr'><strong>sentiat.</strong></span> <span class='ocrx_word' id='word_1_390' title='bbox 828 2755 974 2819; x_wconf 75' lang='lat' dir='ltr'><strong>Tandem</strong></span> <span class='ocrx_word' id='word_1_391' title='bbox 993 2755 1091 2819; x_wconf 90' lang='lat' dir='ltr'><strong>addat</strong></span> <span class='ocrx_word' id='word_1_392' title='bbox 1110 2756 1197 2819; x_wconf 90' lang='lat' dir='ltr'><strong>hunc</strong></span> <span class='ocrx_word' id='word_1_393' title='bbox 1249 2776 1310 2838; x_wconf 93' lang='lat' dir='ltr'><strong>que</strong></span> <span class='ocrx_word' id='word_1_394' title='bbox 1340 2758 1386 2823; x_wconf 92' lang='lat' dir='ltr'><strong>illi</strong></span> <span class='ocrx_word' id='word_1_395' title='bbox 1414 2759 1615 2841; x_wconf 88' lang='lat' dir='ltr'><strong>obtorpeant,</strong></span> <span class='ocrx_word' id='word_1_396' title='bbox 1645 2759 1792 2841; x_wconf 90' lang='lat' dir='ltr'><strong>quisquis</strong></span> <span class='ocrx_word' id='word_1_397' title='bbox 1814 2757 1899 2822; x_wconf 88' lang='lat' dir='ltr'><strong>serie</strong></span> <span class='ocrx_word' id='word_1_398' title='bbox 1921 2754 1984 2821; x_wconf 92' lang='lat' dir='ltr'><strong>Dei</strong></span> <span class='ocrx_word' id='word_1_399' title='bbox 2008 2756 2125 2820; x_wconf 89' lang='lat' dir='ltr'><strong>timere</strong></span> <span class='ocrx_word' id='word_1_400' title='bbox 2148 2767 2220 2816; x_wconf 90' lang='lat' dir='ltr'><strong>tan-</strong></span> 
     </span>
     <span class='ocr_line' id='line_1_29' title="bbox 228 2837 2221 2930; baseline -0.004 -22"><span class='ocrx_word' id='word_1_401' title='bbox 228 2842 405 2919; x_wconf 91' lang='lat' dir='ltr'><strong>eumulum,</strong></span> <span class='ocrx_word' id='word_1_402' title='bbox 435 2845 463 2906; x_wconf 89' lang='lat' dir='ltr'><strong>si</strong></span> <span class='ocrx_word' id='word_1_403' title='bbox 492 2842 626 2907; x_wconf 88' lang='lat' dir='ltr'><strong>edoctus</strong></span> <span class='ocrx_word' id='word_1_404' title='bbox 657 2840 756 2905; x_wconf 91' lang='lat' dir='ltr'><strong>fuerit</strong></span> <span class='ocrx_word' id='word_1_405' title='bbox 785 2839 898 2906; x_wconf 91' lang='lat' dir='ltr'><strong>aDec</strong></span> <span class='ocrx_word' id='word_1_406' title='bbox 925 2841 1017 2925; x_wconf 88' lang='lat' dir='ltr'><strong>quasi</strong></span> <span class='ocrx_word' id='word_1_407' title='bbox 1046 2861 1133 2906; x_wconf 88' lang='lat' dir='ltr'><strong>unus</strong></span> <span class='ocrx_word' id='word_1_408' title='bbox 1155 2861 1196 2904; x_wconf 90' lang='lat' dir='ltr'><strong>ex</strong></span> <span class='ocrx_word' id='word_1_409' title='bbox 1249 2844 1347 2930; x_wconf 88' lang='lat' dir='ltr'><strong>gitur,</strong></span> <span class='ocrx_word' id='word_1_410' title='bbox 1367 2866 1432 2908; x_wconf 92' lang='lat' dir='ltr'><strong>non</strong></span> <span class='ocrx_word' id='word_1_411' title='bbox 1451 2844 1539 2909; x_wconf 88' lang='lat' dir='ltr'><strong>aliud</strong></span> <span class='ocrx_word' id='word_1_412' title='bbox 1559 2844 1793 2926; x_wconf 88' lang='lat' dir='ltr'><strong>inquietudinis</strong></span> <span class='ocrx_word' id='word_1_413' title='bbox 1810 2862 1888 2907; x_wconf 87' lang='lat' dir='ltr'><strong>suae</strong></span> <span class='ocrx_word' id='word_1_414' title='bbox 1904 2841 2082 2907; x_wconf 89' lang='lat' dir='ltr'><strong>remedium</strong></span> <span class='ocrx_word' id='word_1_415' title='bbox 2095 2837 2221 2923; x_wconf 91' lang='lat' dir='ltr'><strong>optabit</strong></span> 
     </span>
     <span class='ocr_line' id='line_1_30' title="bbox 230 2925 2218 3015; baseline -0.003 -23"><span class='ocrx_word' id='word_1_416' title='bbox 230 2928 424 3003; x_wconf 88' lang='lat' dir='ltr'><strong>domesticis,</strong></span> <span class='ocrx_word' id='word_1_417' title='bbox 446 2948 484 2993; x_wconf 92' lang='lat' dir='ltr'><strong>eo</strong></span> <span class='ocrx_word' id='word_1_418' title='bbox 507 2946 542 2991; x_wconf 88' lang='lat' dir='ltr'><strong>se</strong></span> <span class='ocrx_word' id='word_1_419' title='bbox 565 2927 679 2990; x_wconf 91' lang='lat' dir='ltr'><strong>maiori</strong></span> <span class='ocrx_word' id='word_1_420' title='bbox 698 2925 900 2991; x_wconf 90' lang='lat' dir='ltr'><strong>damnationi</strong></span> <span class='ocrx_word' id='word_1_421' title='bbox 920 2947 989 2992; x_wconf 90' lang='lat' dir='ltr'><strong>esse</strong></span> <span class='ocrx_word' id='word_1_422' title='bbox 1010 2927 1198 3002; x_wconf 90' lang='lat' dir='ltr'><strong>obnoxium,</strong></span> <span class='ocrx_word' id='word_1_423' title='bbox 1249 2951 1346 3015; x_wconf 88' lang='lat' dir='ltr'><strong>quam</strong></span> <span class='ocrx_word' id='word_1_424' title='bbox 1376 2931 1577 2995; x_wconf 89' lang='lat' dir='ltr'><strong>auditionem</strong></span> <span class='ocrx_word' id='word_1_425' title='bbox 1599 2932 1695 2994; x_wconf 87' lang='lat' dir='ltr'><strong>istam</strong></span> <span class='ocrx_word' id='word_1_426' title='bbox 1719 2929 1870 3003; x_wconf 89' lang='lat' dir='ltr'><strong>laetitiae,</strong></span> <span class='ocrx_word' id='word_1_427' title='bbox 1902 2928 1978 2992; x_wconf 94' lang='lat' dir='ltr'><strong>dum</strong></span> <span class='ocrx_word' id='word_1_428' title='bbox 2001 2926 2125 2991; x_wconf 89' lang='lat' dir='ltr'><strong>seilicet</strong></span> <span class='ocrx_word' id='word_1_429' title='bbox 2147 2943 2218 3006; x_wconf 91' lang='lat' dir='ltr'><strong>pro·</strong></span> 
     </span>
     <span class='ocr_line' id='line_1_31' title="bbox 230 3010 2220 3163; baseline -0.002 -84"><span class='ocrx_word' id='word_1_430' title='bbox 230 3016 306 3163; x_wconf 58' lang='lat' dir='ltr'><strong>quia</strong></span> <span class='ocrx_word' id='word_1_431' title='bbox 323 3013 495 3079; x_wconf 86' lang='lat' dir='ltr'><strong>suffocavit</strong></span> <span class='ocrx_word' id='word_1_432' title='bbox 512 3012 618 3076; x_wconf 92' lang='lat' dir='ltr'><strong>lucam</strong></span> <span class='ocrx_word' id='word_1_433' title='bbox 636 3012 772 3095; x_wconf 89' lang='lat' dir='ltr'><strong>spiritus</strong></span> <span class='ocrx_word' id='word_1_434' title='bbox 782 3012 896 3090; x_wconf 89' lang='lat' dir='ltr'><strong>sancti,</strong></span> <span class='ocrx_word' id='word_1_435' title='bbox 916 3032 1089 3095; x_wconf 88' lang='lat' dir='ltr'><strong>perversus</strong></span> <span class='ocrx_word' id='word_1_436' title='bbox 1100 3011 1198 3077; x_wconf 88' lang='lat' dir='ltr'><strong>fuerit</strong></span> <span class='ocrx_word' id='word_1_437' title='bbox 1250 3017 1349 3082; x_wconf 85' lang='lat' dir='ltr'><strong>mittit</strong></span> <span class='ocrx_word' id='word_1_438' title='bbox 1377 3017 1483 3098; x_wconf 90' lang='lat' dir='ltr'><strong>Deus,</strong></span> <span class='ocrx_word' id='word_1_439' title='bbox 1522 3015 1642 3081; x_wconf 90' lang='lat' dir='ltr'><strong>abolito</strong></span> <span class='ocrx_word' id='word_1_440' title='bbox 1679 3029 1790 3079; x_wconf 91' lang='lat' dir='ltr'><strong>nostre</strong></span> <span class='ocrx_word' id='word_1_441' title='bbox 1820 3024 1926 3095; x_wconf 88' lang='lat' dir='ltr'><strong>reatu,</strong></span> <span class='ocrx_word' id='word_1_442' title='bbox 1960 3034 1995 3079; x_wconf 91' lang='lat' dir='ltr'><strong>se</strong></span> <span class='ocrx_word' id='word_1_443' title='bbox 2029 3010 2121 3076; x_wconf 91' lang='lat' dir='ltr'><strong>nohis</strong></span> <span class='ocrx_word' id='word_1_444' title='bbox 2151 3030 2220 3074; x_wconf 82' lang='lat' dir='ltr'><strong>esee</strong></span> 
     </span>
     <span class='ocr_line' id='line_1_32' title="bbox 252 3094 2219 3185; baseline -0.003 -21"><span class='ocrx_word' id='word_1_445' title='bbox 252 3099 415 3181; x_wconf 89' lang='lat' dir='ltr'><strong>iscipulus,</strong></span> <span class='ocrx_word' id='word_1_446' title='bbox 437 3111 471 3162; x_wconf 89' lang='lat' dir='ltr'><strong>et</strong></span> <span class='ocrx_word' id='word_1_447' title='bbox 491 3109 538 3162; x_wconf 88' lang='lat' dir='ltr'><strong>tot</strong></span> <span class='ocrx_word' id='word_1_448' title='bbox 560 3099 703 3180; x_wconf 91' lang='lat' dir='ltr'><strong>pretiosa</strong></span> <span class='ocrx_word' id='word_1_449' title='bbox 725 3098 808 3162; x_wconf 89' lang='lat' dir='ltr'><strong>dona</strong></span> <span class='ocrx_word' id='word_1_450' title='bbox 830 3098 949 3180; x_wconf 91' lang='lat' dir='ltr'><strong>quibus</strong></span> <span class='ocrx_word' id='word_1_451' title='bbox 970 3107 1106 3163; x_wconf 86' lang='lat' dir='ltr'><strong>ornatus</strong></span> <span class='ocrx_word' id='word_1_452' title='bbox 1128 3099 1197 3162; x_wconf 89' lang='lat' dir='ltr'><strong>fue·</strong></span> <span class='ocrx_word' id='word_1_453' title='bbox 1249 3102 1438 3185; x_wconf 89' lang='lat' dir='ltr'><strong>propitium.</strong></span> <span class='ocrx_word' id='word_1_454' title='bbox 1472 3101 1633 3182; x_wconf 77' lang='lat' dir='ltr'><strong>Quamvis</strong></span> <span class='ocrx_word' id='word_1_455' title='bbox 1655 3113 1762 3165; x_wconf 89' lang='lat' dir='ltr'><strong>autem</strong></span> <span class='ocrx_word' id='word_1_456' title='bbox 1785 3101 1950 3165; x_wconf 88' lang='lat' dir='ltr'><strong>continuis</strong></span> <span class='ocrx_word' id='word_1_457' title='bbox 1972 3097 2113 3162; x_wconf 89' lang='lat' dir='ltr'><strong>miseriis</strong></span> <span class='ocrx_word' id='word_1_458' title='bbox 2132 3094 2219 3158; x_wconf 90' lang='lat' dir='ltr'><strong>lahe-</strong></span> 
     </span>
     <span class='ocr_line' id='line_1_33' title="bbox 230 3183 2221 3270; baseline -0.014 -1"><span class='ocrx_word' id='word_1_459' title='bbox 230 3195 281 3250; x_wconf 63' lang='lat' dir='ltr'><strong>m</strong></span> <span class='ocrx_word' id='word_1_460' title='bbox 303 3183 439 3268; x_wconf 65' lang='lat' dir='ltr'><strong>Pfldibflfl</strong></span> <span class='ocrx_word' id='word_1_461' title='bbox 461 3184 644 3249; x_wconf 61' lang='lat' dir='ltr'><strong>⁰²¹02V01st·</strong></span> <span class='ocrx_word' id='word_1_462' title='bbox 1250 3203 1323 3254; x_wconf 89' lang='lat' dir='ltr'><strong>rent</strong></span> <span class='ocrx_word' id='word_1_463' title='bbox 1356 3187 1467 3253; x_wconf 88' lang='lat' dir='ltr'><strong>fideles</strong></span> <span class='ocrx_word' id='word_1_464' title='bbox 1489 3187 1644 3270; x_wconf 86' lang='lat' dir='ltr'><strong>quamdiu</strong></span> <span class='ocrx_word' id='word_1_465' title='bbox 1678 3189 1713 3250; x_wconf 94' lang='lat' dir='ltr'><strong>in</strong></span> <span class='ocrx_word' id='word_1_466' title='bbox 1744 3187 1865 3250; x_wconf 90' lang='lat' dir='ltr'><strong>munde</strong></span> <span class='ocrx_word' id='word_1_467' title='bbox 1895 3184 2161 3267; x_wconf 90' lang='lat' dir='ltr'><strong>peregrinantur,</strong></span> <span class='ocrx_word' id='word_1_468' title='bbox 2189 3196 2221 3243; x_wconf 92' lang='lat' dir='ltr'><strong>ct</strong></span> 
     </span>
     <span class='ocr_line' id='line_1_34' title="bbox 1251 3267 2219 3354; baseline -0.012 -15"><span class='ocrx_word' id='word_1_469' title='bbox 1251 3277 1337 3339; x_wconf 89' lang='lat' dir='ltr'><strong>inter</strong></span> <span class='ocrx_word' id='word_1_470' title='bbox 1359 3275 1467 3339; x_wconf 88' lang='lat' dir='ltr'><strong>varius</strong></span> <span class='ocrx_word' id='word_1_471' title='bbox 1490 3285 1607 3353; x_wconf 90' lang='lat' dir='ltr'><strong>metus,</strong></span> <span class='ocrx_word' id='word_1_472' title='bbox 1634 3272 1832 3354; x_wconf 90' lang='lat' dir='ltr'><strong>discrimina,</strong></span> <span class='ocrx_word' id='word_1_473' title='bbox 1855 3271 2021 3335; x_wconf 88' lang='lat' dir='ltr'><strong>molestias</strong></span> <span class='ocrx_word' id='word_1_474' title='bbox 2043 3267 2219 3349; x_wconf 79' lang='lat' dir='ltr'><strong>suspirent,</strong></span> 
     </span>
    </p>

    <p class='ocr_par' dir='ltr' id='par_1_3' title="bbox 230 3353 2224 3867">
     <span class='ocr_line' id='line_1_35' title="bbox 314 3353 2219 3438; baseline -0.004 -16"><span class='ocrx_word' id='word_1_475' title='bbox 314 3356 345 3422; x_wconf 91' lang='grc'><strong>9.</strong></span> <span class='ocrx_word' id='word_1_476' title='bbox 369 3354 527 3436; x_wconf 73' lang='lat' dir='ltr'><strong>Ecpichis</strong></span> <span class='ocrx_word' id='word_1_477' title='bbox 559 3376 606 3419; x_wconf 80' lang='lat' dir='ltr'><strong>ane</strong></span> <span class='ocrx_word' id='word_1_478' title='bbox 637 3353 768 3437; x_wconf 72' lang='lat' dir='ltr'><strong>hyssope</strong></span> <span class='ocrx_word' id='word_1_479' title='bbox 800 3360 828 3418; x_wconf 85' lang='lat' dir='ltr'><strong>et</strong></span> <span class='ocrx_word' id='word_1_480' title='bbox 858 3355 1046 3420; x_wconf 77' lang='lat' dir='ltr'><strong>meradehor:</strong></span> <span class='ocrx_word' id='word_1_481' title='bbox 1078 3354 1200 3420; x_wconf 82' lang='lat' dir='ltr'><strong>locabis</strong></span> <span class='ocrx_word' id='word_1_482' title='bbox 1251 3361 1340 3424; x_wconf 90' lang='lat' dir='ltr'><strong>solus</strong></span> <span class='ocrx_word' id='word_1_483' title='bbox 1369 3374 1475 3423; x_wconf 90' lang='lat' dir='ltr'><strong>tamon</strong></span> <span class='ocrx_word' id='word_1_484' title='bbox 1507 3358 1637 3424; x_wconf 91' lang='lat' dir='ltr'><strong>auditus</strong></span> <span class='ocrx_word' id='word_1_485' title='bbox 1660 3359 1802 3424; x_wconf 88' lang='lat' dir='ltr'><strong>laetitiae</strong></span> <span class='ocrx_word' id='word_1_486' title='bbox 1825 3357 1864 3420; x_wconf 91' lang='lat' dir='ltr'><strong>ad</strong></span> <span class='ocrx_word' id='word_1_487' title='bbox 1890 3354 2084 3438; x_wconf 88' lang='lat' dir='ltr'><strong>mitigandos</strong></span> <span class='ocrx_word' id='word_1_488' title='bbox 2108 3373 2219 3416; x_wconf 88' lang='lat' dir='ltr'><strong>corum</strong></span> 
     </span>
     <span class='ocr_line' id='line_1_36' title="bbox 230 3439 2224 3527; baseline -0.004 -20"><span class='ocrx_word' id='word_1_489' title='bbox 230 3461 286 3525; x_wconf 86' lang='lat' dir='ltr'><strong>me,</strong></span> <span class='ocrx_word' id='word_1_490' title='bbox 309 3447 433 3523; x_wconf 73' lang='lat' dir='ltr'><strong>elprae</strong></span> <span class='ocrx_word' id='word_1_491' title='bbox 455 3443 525 3504; x_wconf 84' lang='lat' dir='ltr'><strong>niue</strong></span> <span class='ocrx_word' id='word_1_492' title='bbox 547 3441 707 3504; x_wconf 85' lang='lat' dir='ltr'><strong>elbeseem.</strong></span> <span class='ocrx_word' id='word_1_493' title='bbox 754 3439 804 3504; x_wconf 93' lang='lat'><strong>10.</strong></span> <span class='ocrx_word' id='word_1_494' title='bbox 827 3440 952 3505; x_wconf 79' lang='lat' dir='ltr'><strong>Audire</strong></span> <span class='ocrx_word' id='word_1_495' title='bbox 973 3461 1021 3504; x_wconf 80' lang='lat' dir='ltr'><strong>ane</strong></span> <span class='ocrx_word' id='word_1_496' title='bbox 1041 3441 1094 3522; x_wconf 81' lang='lat' dir='ltr'><strong>see</strong></span> <span class='ocrx_word' id='word_1_497' title='bbox 1115 3441 1200 3505; x_wconf 78' lang='lat' dir='ltr'><strong>teeti-</strong></span> <span class='ocrx_word' id='word_1_498' title='bbox 1251 3445 1379 3510; x_wconf 90' lang='lat' dir='ltr'><strong>dolores</strong></span> <span class='ocrx_word' id='word_1_499' title='bbox 1406 3445 1536 3523; x_wconf 89' lang='lat' dir='ltr'><strong>suffieit,</strong></span> <span class='ocrx_word' id='word_1_500' title='bbox 1565 3446 1660 3509; x_wconf 82' lang='lat' dir='ltr'><strong>sicuti</strong></span> <span class='ocrx_word' id='word_1_501' title='bbox 1688 3444 1841 3527; x_wconf 82' lang='lat' dir='ltr'><strong>garrdium</strong></span> <span class='ocrx_word' id='word_1_502' title='bbox 1872 3442 2007 3524; x_wconf 85' lang='lat' dir='ltr'><strong>spiritus</strong></span> <span class='ocrx_word' id='word_1_503' title='bbox 2037 3462 2056 3503; x_wconf 88' lang='lat' dir='ltr'><strong>a</strong></span> <span class='ocrx_word' id='word_1_504' title='bbox 2087 3439 2150 3502; x_wconf 92' lang='lat' dir='ltr'><strong>fide</strong></span> <span class='ocrx_word' id='word_1_505' title='bbox 2173 3453 2224 3500; x_wconf 88' lang='lat' dir='ltr'><strong>est</strong></span> 
     </span>
     <span class='ocr_line' id='line_1_37' title="bbox 231 3523 2221 3635; baseline -0.004 -44"><span class='ocrx_word' id='word_1_506' title='bbox 231 3528 310 3592; x_wconf 80' lang='lat' dir='ltr'><strong>tium</strong></span> <span class='ocrx_word' id='word_1_507' title='bbox 336 3531 364 3591; x_wconf 81' lang='lat' dir='ltr'><strong>et</strong></span> <span class='ocrx_word' id='word_1_508' title='bbox 391 3526 561 3608; x_wconf 81' lang='lat' dir='ltr'><strong>pendium:</strong></span> <span class='ocrx_word' id='word_1_509' title='bbox 588 3524 784 3590; x_wconf 72' lang='lat' dir='ltr'><strong>excellebant</strong></span> <span class='ocrx_word' id='word_1_510' title='bbox 812 3545 883 3590; x_wconf 86' lang='lat' dir='ltr'><strong>esse</strong></span> <span class='ocrx_word' id='word_1_511' title='bbox 912 3547 991 3607; x_wconf 84' lang='lat' dir='ltr'><strong>quoe</strong></span> <span class='ocrx_word' id='word_1_512' title='bbox 1019 3527 1199 3591; x_wconf 78' lang='lat' dir='ltr'><strong>contrivisti.</strong></span> <span class='ocrx_word' id='word_1_513' title='bbox 1224 3524 1228 3635; x_wconf 59' lang='grc' dir='ltr'>ἱ</span> <span class='ocrx_word' id='word_1_514' title='bbox 1252 3530 1475 3614; x_wconf 84' lang='lat' dir='ltr'><strong>inseparabile.</strong></span> <span class='ocrx_word' id='word_1_515' title='bbox 1519 3531 1673 3595; x_wconf 87' lang='lat' dir='ltr'><strong>Notanda</strong></span> <span class='ocrx_word' id='word_1_516' title='bbox 1695 3542 1744 3594; x_wconf 87' lang='lat' dir='ltr'><strong>est</strong></span> <span class='ocrx_word' id='word_1_517' title='bbox 1766 3529 1967 3594; x_wconf 88' lang='lat' dir='ltr'><strong>ctiamhaec</strong></span> <span class='ocrx_word' id='word_1_518' title='bbox 1990 3525 2144 3608; x_wconf 91' lang='lat' dir='ltr'><strong>loquutio,</strong></span> <span class='ocrx_word' id='word_1_519' title='bbox 2168 3523 2221 3586; x_wconf 94' lang='lat' dir='ltr'><strong>ubi</strong></span> 
     </span>
     <span class='ocr_line' id='line_1_38' title="bbox 233 3609 2222 3697; baseline -0.003 -20"><span class='ocrx_word' id='word_1_520' title='bbox 233 3613 282 3678; x_wconf 90' lang='grc'><strong>11.</strong></span> <span class='ocrx_word' id='word_1_521' title='bbox 305 3611 467 3677; x_wconf 78' lang='lat' dir='ltr'><strong>Adscendo</strong></span> <span class='ocrx_word' id='word_1_522' title='bbox 492 3611 605 3692; x_wconf 74' lang='lat' dir='ltr'><strong>faeiem</strong></span> <span class='ocrx_word' id='word_1_523' title='bbox 631 3617 718 3674; x_wconf 78' lang='lat' dir='ltr'><strong>tnene</strong></span> <span class='ocrx_word' id='word_1_524' title='bbox 740 3631 760 3674; x_wconf 87' lang='lat' dir='ltr'><strong>e</strong></span> <span class='ocrx_word' id='word_1_525' title='bbox 776 3612 912 3691; x_wconf 84' lang='lat' dir='ltr'><strong>peccetis</strong></span> <span class='ocrx_word' id='word_1_526' title='bbox 933 3613 1018 3685; x_wconf 77' lang='lat' dir='ltr'><strong>meis.</strong></span> <span class='ocrx_word' id='word_1_527' title='bbox 1048 3618 1076 3676; x_wconf 86' lang='lat' dir='ltr'><strong>et</strong></span> <span class='ocrx_word' id='word_1_528' title='bbox 1097 3632 1200 3677; x_wconf 83' lang='lat' dir='ltr'><strong>omnes</strong></span> <span class='ocrx_word' id='word_1_529' title='bbox 1252 3617 1344 3681; x_wconf 89' lang='lat' dir='ltr'><strong>Deus</strong></span> <span class='ocrx_word' id='word_1_530' title='bbox 1366 3616 1548 3682; x_wconf 76' lang='lat' dir='ltr'><strong>ubsmndere</strong></span> <span class='ocrx_word' id='word_1_531' title='bbox 1571 3616 1688 3682; x_wconf 90' lang='lat' dir='ltr'><strong>dicitur</strong></span> <span class='ocrx_word' id='word_1_532' title='bbox 1703 3615 1818 3697; x_wconf 77' lang='lat' dir='ltr'><strong>sceiere</strong></span> <span class='ocrx_word' id='word_1_533' title='bbox 1834 3634 1927 3679; x_wconf 83' lang='lat' dir='ltr'><strong>seem</strong></span> <span class='ocrx_word' id='word_1_534' title='bbox 1945 3635 1965 3676; x_wconf 89' lang='lat' dir='ltr'><strong>c</strong></span> <span class='ocrx_word' id='word_1_535' title='bbox 1978 3612 2124 3694; x_wconf 73' lang='lat' dir='ltr'><strong>preconiis,</strong></span> <span class='ocrx_word' id='word_1_536' title='bbox 2147 3609 2222 3673; x_wconf 91' lang='lat' dir='ltr'><strong>dum</strong></span> 
     </span>
     <span class='ocr_line' id='line_1_39' title="bbox 231 3697 2224 3785; baseline -0.013 -2"><span class='ocrx_word' id='word_1_537' title='bbox 231 3700 413 3782; x_wconf 57' lang='lat' dir='ltr'><strong>infinitam</strong></span> <span class='ocrx_word' id='word_1_538' title='bbox 434 3718 519 3762; x_wconf 60' lang='lat' dir='ltr'><strong><em>meas</em></strong></span> <span class='ocrx_word' id='word_1_539' title='bbox 540 3697 611 3761; x_wconf 64' lang='lat' dir='ltr'><strong>‘fefe-</strong></span> <span class='ocrx_word' id='word_1_540' title='bbox 1253 3725 1291 3768; x_wconf 84' lang='lat' dir='ltr'><strong>eu</strong></span> <span class='ocrx_word' id='word_1_541' title='bbox 1314 3703 1468 3766; x_wconf 85' lang='lat' dir='ltr'><strong>remittit:</strong></span> <span class='ocrx_word' id='word_1_542' title='bbox 1492 3724 1567 3767; x_wconf 87' lang='lat' dir='ltr'><strong>nam</strong></span> <span class='ocrx_word' id='word_1_543' title='bbox 1591 3703 1756 3785; x_wconf 83' lang='lat' dir='ltr'><strong>exegetica</strong></span> <span class='ocrx_word' id='word_1_544' title='bbox 1780 3722 1855 3764; x_wconf 89' lang='lat' dir='ltr'><strong>mcx</strong></span> <span class='ocrx_word' id='word_1_545' title='bbox 1878 3700 2018 3779; x_wconf 86' lang='lat' dir='ltr'><strong>additur,</strong></span> <span class='ocrx_word' id='word_1_546' title='bbox 2043 3697 2224 3777; x_wconf 76' lang='lat' dir='ltr'><strong>iniquitates</strong></span> 
     </span>
     <span class='ocr_line' id='line_1_40' title="bbox 1252 3781 2223 3867; baseline -0.011 -14"><span class='ocrx_word' id='word_1_547' title='bbox 1252 3809 1338 3853; x_wconf 85' lang='lat' dir='ltr'><strong>meus</strong></span> <span class='ocrx_word' id='word_1_548' title='bbox 1365 3788 1440 3854; x_wconf 81' lang='lat' dir='ltr'><strong>dele.</strong></span> <span class='ocrx_word' id='word_1_549' title='bbox 1484 3789 1572 3854; x_wconf 90' lang='lat' dir='ltr'><strong>Hinc</strong></span> <span class='ocrx_word' id='word_1_550' title='bbox 1602 3800 1711 3854; x_wconf 90' lang='lat' dir='ltr'><strong>autem</strong></span> <span class='ocrx_word' id='word_1_551' title='bbox 1733 3786 1949 3867; x_wconf 90' lang='lat' dir='ltr'><strong>intelligimus</strong></span> <span class='ocrx_word' id='word_1_552' title='bbox 1971 3781 2142 3849; x_wconf 89' lang='lat' dir='ltr'><strong>iustificari</strong></span> <span class='ocrx_word' id='word_1_553' title='bbox 2165 3800 2223 3844; x_wconf 90' lang='lat' dir='ltr'><strong>nes</strong></span> 
     </span>
    </p>

    <p class='ocr_par' dir='ltr' id='par_1_4' title="bbox 232 3866 2225 5070">
     <span class='ocr_line' id='line_1_41' title="bbox 316 3866 2225 3954; baseline -0.002 -20"><span class='ocrx_word' id='word_1_554' title='bbox 316 3870 346 3934; x_wconf 87' lang='grc'><strong>9.</strong></span> <span class='ocrx_word' id='word_1_555' title='bbox 370 3866 543 3954; x_wconf 74' lang='lat' dir='ltr'><strong>(Espieois</strong></span> <span class='ocrx_word' id='word_1_556' title='bbox 565 3889 613 3934; x_wconf 88' lang='lat' dir='ltr'><strong>me</strong></span> <span class='ocrx_word' id='word_1_557' title='bbox 634 3866 700 3953; x_wconf 83' lang='lat' dir='ltr'><strong>ete.)</strong></span> <span class='ocrx_word' id='word_1_558' title='bbox 734 3869 947 3951; x_wconf 89' lang='lat' dir='ltr'><strong>Prosequitur</strong></span> <span class='ocrx_word' id='word_1_559' title='bbox 970 3867 1105 3933; x_wconf 91' lang='lat' dir='ltr'><strong>eandem</strong></span> <span class='ocrx_word' id='word_1_560' title='bbox 1129 3889 1199 3950; x_wconf 91' lang='lat' dir='ltr'><strong>pre·</strong></span> <span class='ocrx_word' id='word_1_561' title='bbox 1253 3895 1363 3939; x_wconf 90' lang='lat' dir='ltr'><strong>coram</strong></span> <span class='ocrx_word' id='word_1_562' title='bbox 1381 3873 1464 3951; x_wconf 89' lang='lat' dir='ltr'><strong>Deo,</strong></span> <span class='ocrx_word' id='word_1_563' title='bbox 1487 3875 1542 3941; x_wconf 95' lang='lat' dir='ltr'><strong>ubi</strong></span> <span class='ocrx_word' id='word_1_564' title='bbox 1567 3873 1749 3940; x_wconf 87' lang='lat' dir='ltr'><strong>voluntaria</strong></span> <span class='ocrx_word' id='word_1_565' title='bbox 1773 3871 1934 3937; x_wconf 89' lang='lat' dir='ltr'><strong>oblivione</strong></span> <span class='ocrx_word' id='word_1_566' title='bbox 1956 3881 2087 3952; x_wconf 90' lang='lat' dir='ltr'><strong>peccata</strong></span> <span class='ocrx_word' id='word_1_567' title='bbox 2112 3875 2225 3931; x_wconf 86' lang='lat' dir='ltr'><strong>nostra</strong></span> 
     </span>
     <span class='ocr_line' id='line_1_42' title="bbox 232 3951 2222 4042; baseline -0.002 -23"><span class='ocrx_word' id='word_1_568' title='bbox 232 3956 409 4038; x_wconf 83' lang='lat' dir='ltr'><strong>rationem,</strong></span> <span class='ocrx_word' id='word_1_569' title='bbox 444 3968 541 4036; x_wconf 89' lang='lat' dir='ltr'><strong>atque</strong></span> <span class='ocrx_word' id='word_1_570' title='bbox 573 3956 636 4020; x_wconf 91' lang='lat' dir='ltr'><strong>ista</strong></span> <span class='ocrx_word' id='word_1_571' title='bbox 665 3957 833 4037; x_wconf 90' lang='lat' dir='ltr'><strong>congeries</strong></span> <span class='ocrx_word' id='word_1_572' title='bbox 867 3956 1027 4020; x_wconf 90' lang='lat' dir='ltr'><strong>sermonis</strong></span> <span class='ocrx_word' id='word_1_573' title='bbox 1059 3955 1201 4019; x_wconf 89' lang='lat' dir='ltr'><strong>ostendit</strong></span> <span class='ocrx_word' id='word_1_574' title='bbox 1253 3960 1356 4025; x_wconf 87' lang='lat' dir='ltr'><strong>delet:</strong></span> <span class='ocrx_word' id='word_1_575' title='bbox 1395 3970 1491 4042; x_wconf 88' lang='lat' dir='ltr'><strong>atque</strong></span> <span class='ocrx_word' id='word_1_576' title='bbox 1525 3962 1609 4026; x_wconf 91' lang='lat' dir='ltr'><strong>hanc</strong></span> <span class='ocrx_word' id='word_1_577' title='bbox 1640 3981 1711 4025; x_wconf 89' lang='lat' dir='ltr'><strong>esse</strong></span> <span class='ocrx_word' id='word_1_578' title='bbox 1742 3969 1886 4024; x_wconf 91' lang='lat' dir='ltr'><strong>uestram</strong></span> <span class='ocrx_word' id='word_1_579' title='bbox 1918 3957 2113 4038; x_wconf 87' lang='lat' dir='ltr'><strong>puritatem,</strong></span> <span class='ocrx_word' id='word_1_580' title='bbox 2145 3951 2222 4017; x_wconf 91' lang='lat' dir='ltr'><strong>dum</strong></span> 
     </span>
     <span class='ocr_line' id='line_1_43' title="bbox 233 4039 2220 4130; baseline -0.003 -25"><span class='ocrx_word' id='word_1_581' title='bbox 233 4060 328 4124; x_wconf 94' lang='lat' dir='ltr'><strong>quam</strong></span> <span class='ocrx_word' id='word_1_582' title='bbox 353 4040 509 4105; x_wconf 89' lang='lat' dir='ltr'><strong>sollicitus</strong></span> <span class='ocrx_word' id='word_1_583' title='bbox 527 4040 625 4105; x_wconf 91' lang='lat' dir='ltr'><strong>fuerit</strong></span> <span class='ocrx_word' id='word_1_584' title='bbox 643 4040 683 4104; x_wconf 91' lang='lat' dir='ltr'><strong>de</strong></span> <span class='ocrx_word' id='word_1_585' title='bbox 700 4040 907 4123; x_wconf 90' lang='lat' dir='ltr'><strong>impetranda</strong></span> <span class='ocrx_word' id='word_1_586' title='bbox 922 4041 1029 4105; x_wconf 88' lang='lat' dir='ltr'><strong>venia.</strong></span> <span class='ocrx_word' id='word_1_587' title='bbox 1063 4039 1202 4123; x_wconf 70' lang='lat' dir='ltr'><strong>Hyssopi</strong></span> <span class='ocrx_word' id='word_1_588' title='bbox 1253 4047 1398 4130; x_wconf 90' lang='lat' dir='ltr'><strong>gratuita</strong></span> <span class='ocrx_word' id='word_1_589' title='bbox 1428 4047 1524 4111; x_wconf 87' lang='lat' dir='ltr'><strong>venia</strong></span> <span class='ocrx_word' id='word_1_590' title='bbox 1552 4067 1611 4110; x_wconf 90' lang='lat' dir='ltr'><strong>noa</strong></span> <span class='ocrx_word' id='word_1_591' title='bbox 1640 4046 1804 4127; x_wconf 88' lang='lat' dir='ltr'><strong>dignatur.</strong></span> <span class='ocrx_word' id='word_1_592' title='bbox 1849 4041 2025 4108; x_wconf 82' lang='lat' dir='ltr'><strong>Caeterum</strong></span> <span class='ocrx_word' id='word_1_593' title='bbox 2055 4039 2111 4105; x_wconf 92' lang='lat' dir='ltr'><strong>hic</strong></span> <span class='ocrx_word' id='word_1_594' title='bbox 2131 4058 2220 4120; x_wconf 91' lang='lat' dir='ltr'><strong>repe·</strong></span> 
     </span>
     <span class='ocr_line' id='line_1_44' title="bbox 233 4124 2223 4213; baseline -0.001 -23"><span class='ocrx_word' id='word_1_595' title='bbox 233 4146 310 4190; x_wconf 84' lang='lat' dir='ltr'><strong>vero</strong></span> <span class='ocrx_word' id='word_1_596' title='bbox 327 4147 412 4190; x_wconf 92' lang='lat' dir='ltr'><strong>nunc</strong></span> <span class='ocrx_word' id='word_1_597' title='bbox 427 4127 586 4201; x_wconf 91' lang='lat' dir='ltr'><strong>meminit,</strong></span> <span class='ocrx_word' id='word_1_598' title='bbox 602 4124 751 4191; x_wconf 91' lang='lat' dir='ltr'><strong>alludens</strong></span> <span class='ocrx_word' id='word_1_599' title='bbox 769 4127 810 4190; x_wconf 94' lang='lat' dir='ltr'><strong>ad</strong></span> <span class='ocrx_word' id='word_1_600' title='bbox 829 4125 948 4207; x_wconf 88' lang='lat' dir='ltr'><strong>legales</strong></span> <span class='ocrx_word' id='word_1_601' title='bbox 966 4129 1201 4191; x_wconf 87' lang='lat' dir='ltr'><strong>caeremonias:</strong></span> <span class='ocrx_word' id='word_1_602' title='bbox 1253 4132 1388 4196; x_wconf 88' lang='lat' dir='ltr'><strong>tendum</strong></span> <span class='ocrx_word' id='word_1_603' title='bbox 1419 4132 1504 4213; x_wconf 92' lang='lat' dir='ltr'><strong>quod</strong></span> <span class='ocrx_word' id='word_1_604' title='bbox 1536 4133 1624 4213; x_wconf 90' lang='lat' dir='ltr'><strong>prius</strong></span> <span class='ocrx_word' id='word_1_605' title='bbox 1654 4131 1732 4210; x_wconf 90' lang='lat' dir='ltr'><strong>dixi,</strong></span> <span class='ocrx_word' id='word_1_606' title='bbox 1763 4128 1925 4194; x_wconf 86' lang='lat' dir='ltr'><strong>Davidem</strong></span> <span class='ocrx_word' id='word_1_607' title='bbox 1956 4146 2055 4210; x_wconf 91' lang='lat' dir='ltr'><strong>quum</strong></span> <span class='ocrx_word' id='word_1_608' title='bbox 2078 4144 2223 4190; x_wconf 87' lang='lat' dir='ltr'><strong>unuma</strong></span> 
     </span>
     <span class='ocr_line' id='line_1_45' title="bbox 234 4209 2223 4299; baseline -0.004 -23"><span class='ocrx_word' id='word_1_609' title='bbox 234 4232 298 4276; x_wconf 92' lang='lat' dir='ltr'><strong>non</strong></span> <span class='ocrx_word' id='word_1_610' title='bbox 329 4209 412 4292; x_wconf 90' lang='lat' dir='ltr'><strong>quod</strong></span> <span class='ocrx_word' id='word_1_611' title='bbox 441 4209 593 4276; x_wconf 91' lang='lat' dir='ltr'><strong>fiduciam</strong></span> <span class='ocrx_word' id='word_1_612' title='bbox 620 4232 710 4276; x_wconf 91' lang='lat' dir='ltr'><strong>suam</strong></span> <span class='ocrx_word' id='word_1_613' title='bbox 734 4209 857 4277; x_wconf 88' lang='lat' dir='ltr'><strong>locaret</strong></span> <span class='ocrx_word' id='word_1_614' title='bbox 879 4211 912 4275; x_wconf 94' lang='lat' dir='ltr'><strong>in</strong></span> <span class='ocrx_word' id='word_1_615' title='bbox 935 4224 1071 4276; x_wconf 86' lang='lat' dir='ltr'><strong>externe</strong></span> <span class='ocrx_word' id='word_1_616' title='bbox 1093 4213 1201 4295; x_wconf 88' lang='lat' dir='ltr'><strong>expia·</strong></span> <span class='ocrx_word' id='word_1_617' title='bbox 1255 4218 1325 4281; x_wconf 90' lang='lat' dir='ltr'><strong>Deo</strong></span> <span class='ocrx_word' id='word_1_618' title='bbox 1348 4217 1500 4298; x_wconf 87' lang='lat' dir='ltr'><strong>postulat,</strong></span> <span class='ocrx_word' id='word_1_619' title='bbox 1524 4237 1639 4296; x_wconf 87' lang='lat' dir='ltr'><strong>nempe</strong></span> <span class='ocrx_word' id='word_1_620' title='bbox 1663 4217 1762 4299; x_wconf 88' lang='lat' dir='ltr'><strong>recipi</strong></span> <span class='ocrx_word' id='word_1_621' title='bbox 1784 4217 1818 4279; x_wconf 93' lang='lat' dir='ltr'><strong>in</strong></span> <span class='ocrx_word' id='word_1_622' title='bbox 1840 4215 1992 4298; x_wconf 89' lang='lat' dir='ltr'><strong>gratiam,</strong></span> <span class='ocrx_word' id='word_1_623' title='bbox 2015 4230 2081 4276; x_wconf 93' lang='lat' dir='ltr'><strong>non</strong></span> <span class='ocrx_word' id='word_1_624' title='bbox 2102 4210 2223 4274; x_wconf 88' lang='lat' dir='ltr'><strong>frustra</strong></span> 
     </span>
     <span class='ocr_line' id='line_1_46' title="bbox 233 4294 2222 4386; baseline 0.002 -25"><span class='ocrx_word' id='word_1_625' title='bbox 233 4297 330 4362; x_wconf 91' lang='lat' dir='ltr'><strong>tionis</strong></span> <span class='ocrx_word' id='word_1_626' title='bbox 348 4296 512 4379; x_wconf 85' lang='lat' dir='ltr'><strong>symbolo:</strong></span> <span class='ocrx_word' id='word_1_627' title='bbox 535 4296 591 4362; x_wconf 89' lang='lat' dir='ltr'><strong>sed</strong></span> <span class='ocrx_word' id='word_1_628' title='bbox 610 4298 685 4379; x_wconf 90' lang='lat' dir='ltr'><strong>quia</strong></span> <span class='ocrx_word' id='word_1_629' title='bbox 702 4296 825 4363; x_wconf 87' lang='lat' dir='ltr'><strong>sciebat</strong></span> <span class='ocrx_word' id='word_1_630' title='bbox 840 4297 921 4361; x_wconf 93' lang='lat' dir='ltr'><strong>nihil</strong></span> <span class='ocrx_word' id='word_1_631' title='bbox 938 4300 973 4361; x_wconf 93' lang='lat' dir='ltr'><strong>in</strong></span> <span class='ocrx_word' id='word_1_632' title='bbox 991 4298 1063 4381; x_wconf 89' lang='lat' dir='ltr'><strong>lege</strong></span> <span class='ocrx_word' id='word_1_633' title='bbox 1081 4298 1202 4364; x_wconf 91' lang='lat' dir='ltr'><strong>frustra</strong></span> <span class='ocrx_word' id='word_1_634' title='bbox 1253 4323 1430 4386; x_wconf 91' lang='lat' dir='ltr'><strong>congerere</strong></span> <span class='ocrx_word' id='word_1_635' title='bbox 1463 4313 1511 4365; x_wconf 88' lang='lat' dir='ltr'><strong>tot</strong></span> <span class='ocrx_word' id='word_1_636' title='bbox 1544 4300 1660 4382; x_wconf 88' lang='lat' dir='ltr'><strong>verba,</strong></span> <span class='ocrx_word' id='word_1_637' title='bbox 1694 4301 1749 4366; x_wconf 91' lang='lat' dir='ltr'><strong>sed</strong></span> <span class='ocrx_word' id='word_1_638' title='bbox 1780 4305 1963 4382; x_wconf 81' lang='lat' dir='ltr'><strong>exprimere</strong></span> <span class='ocrx_word' id='word_1_639' title='bbox 1995 4317 2094 4382; x_wconf 80' lang='lat' dir='ltr'><strong>quum</strong></span> <span class='ocrx_word' id='word_1_640' title='bbox 2126 4294 2222 4360; x_wconf 72' lang='lat' dir='ltr'><strong>auxie</strong></span> 
     </span>
     <span class='ocr_line' id='line_1_47' title="bbox 233 4379 2224 4471; baseline -0.003 -24"><span class='ocrx_word' id='word_1_641' title='bbox 233 4402 303 4448; x_wconf 89' lang='lat' dir='ltr'><strong>esse</strong></span> <span class='ocrx_word' id='word_1_642' title='bbox 333 4380 532 4447; x_wconf 88' lang='lat' dir='ltr'><strong>mandatum.</strong></span> <span class='ocrx_word' id='word_1_643' title='bbox 578 4382 661 4447; x_wconf 92' lang='lat' dir='ltr'><strong>Nam</strong></span> <span class='ocrx_word' id='word_1_644' title='bbox 689 4403 787 4464; x_wconf 91' lang='lat' dir='ltr'><strong>quum</strong></span> <span class='ocrx_word' id='word_1_645' title='bbox 811 4384 968 4449; x_wconf 89' lang='lat' dir='ltr'><strong>sacrificia</strong></span> <span class='ocrx_word' id='word_1_646' title='bbox 992 4395 1071 4448; x_wconf 93' lang='lat' dir='ltr'><strong>tunc</strong></span> <span class='ocrx_word' id='word_1_647' title='bbox 1093 4383 1202 4467; x_wconf 90' lang='lat' dir='ltr'><strong>sigilla</strong></span> <span class='ocrx_word' id='word_1_648' title='bbox 1254 4399 1386 4471; x_wconf 87' lang='lat' dir='ltr'><strong>expetat</strong></span> <span class='ocrx_word' id='word_1_649' title='bbox 1418 4385 1503 4469; x_wconf 92' lang='lat' dir='ltr'><strong>quod</strong></span> <span class='ocrx_word' id='word_1_650' title='bbox 1537 4387 1598 4451; x_wconf 88' lang='lat' dir='ltr'><strong>sibi</strong></span> <span class='ocrx_word' id='word_1_651' title='bbox 1629 4388 1748 4452; x_wconf 86' lang='lat' dir='ltr'><strong>fecerat</strong></span> <span class='ocrx_word' id='word_1_652' title='bbox 1782 4386 1912 4451; x_wconf 87' lang='lat' dir='ltr'><strong>difficile</strong></span> <span class='ocrx_word' id='word_1_653' title='bbox 1941 4386 2128 4466; x_wconf 91' lang='lat' dir='ltr'><strong>impetratu.</strong></span> <span class='ocrx_word' id='word_1_654' title='bbox 2179 4379 2224 4443; x_wconf 86' lang='lat' dir='ltr'><strong>Et</strong></span> 
     </span>
     <span class='ocr_line' id='line_1_48' title="bbox 234 4466 2221 4554; baseline -0.004 -20"><span class='ocrx_word' id='word_1_655' title='bbox 234 4475 342 4534; x_wconf 88' lang='lat' dir='ltr'><strong>essent</strong></span> <span class='ocrx_word' id='word_1_656' title='bbox 369 4467 493 4550; x_wconf 90' lang='lat' dir='ltr'><strong>gratiae</strong></span> <span class='ocrx_word' id='word_1_657' title='bbox 515 4466 589 4547; x_wconf 92' lang='lat' dir='ltr'><strong>Dei,</strong></span> <span class='ocrx_word' id='word_1_658' title='bbox 619 4469 733 4532; x_wconf 87' lang='lat' dir='ltr'><strong>merito</strong></span> <span class='ocrx_word' id='word_1_659' title='bbox 757 4468 822 4534; x_wconf 93' lang='lat' dir='ltr'><strong>illic</strong></span> <span class='ocrx_word' id='word_1_660' title='bbox 846 4469 1067 4533; x_wconf 91' lang='lat' dir='ltr'><strong>testimonium</strong></span> <span class='ocrx_word' id='word_1_661' title='bbox 1090 4491 1201 4536; x_wconf 91' lang='lat' dir='ltr'><strong>recen·</strong></span> <span class='ocrx_word' id='word_1_662' title='bbox 1253 4487 1340 4538; x_wconf 90' lang='lat' dir='ltr'><strong>eerte</strong></span> <span class='ocrx_word' id='word_1_663' title='bbox 1371 4474 1424 4537; x_wconf 91' lang='lat' dir='ltr'><strong>ubi</strong></span> <span class='ocrx_word' id='word_1_664' title='bbox 1454 4473 1526 4553; x_wconf 91' lang='lat' dir='ltr'><strong>quis</strong></span> <span class='ocrx_word' id='word_1_665' title='bbox 1556 4470 1754 4539; x_wconf 90' lang='lat' dir='ltr'><strong>defunctorie</strong></span> <span class='ocrx_word' id='word_1_666' title='bbox 1785 4484 1913 4537; x_wconf 85' lang='lat' dir='ltr'><strong>tanturn</strong></span> <span class='ocrx_word' id='word_1_667' title='bbox 1942 4491 2003 4554; x_wconf 93' lang='lat' dir='ltr'><strong>pro</strong></span> <span class='ocrx_word' id='word_1_668' title='bbox 2032 4467 2221 4534; x_wconf 88' lang='lat' dir='ltr'><strong>remissione</strong></span> 
     </span>
     <span class='ocr_line' id='line_1_49' title="bbox 234 4552 2219 4642; baseline -0.003 -21"><span class='ocrx_word' id='word_1_669' title='bbox 234 4554 406 4621; x_wconf 91' lang='lat' dir='ltr'><strong>ciliationis</strong></span> <span class='ocrx_word' id='word_1_670' title='bbox 424 4573 501 4618; x_wconf 89' lang='lat' dir='ltr'><strong>suae</strong></span> <span class='ocrx_word' id='word_1_671' title='bbox 519 4553 695 4635; x_wconf 87' lang='lat' dir='ltr'><strong>quaesivit:</strong></span> <span class='ocrx_word' id='word_1_672' title='bbox 718 4554 802 4619; x_wconf 89' lang='lat' dir='ltr'><strong>sicut</strong></span> <span class='ocrx_word' id='word_1_673' title='bbox 821 4554 869 4618; x_wconf 92' lang='lat' dir='ltr'><strong>his</strong></span> <span class='ocrx_word' id='word_1_674' title='bbox 888 4552 1092 4621; x_wconf 85' lang='lat' dir='ltr'><strong>adminiculis</strong></span> <span class='ocrx_word' id='word_1_675' title='bbox 1103 4556 1201 4620; x_wconf 92' lang='lat' dir='ltr'><strong>fidem</strong></span> <span class='ocrx_word' id='word_1_676' title='bbox 1254 4570 1458 4641; x_wconf 88' lang='lat' dir='ltr'><strong>peccatorum</strong></span> <span class='ocrx_word' id='word_1_677' title='bbox 1492 4567 1569 4622; x_wconf 83' lang='lat' dir='ltr'><strong>vota</strong></span> <span class='ocrx_word' id='word_1_678' title='bbox 1604 4560 1759 4642; x_wconf 88' lang='lat' dir='ltr'><strong>concipit,</strong></span> <span class='ocrx_word' id='word_1_679' title='bbox 1802 4559 1945 4623; x_wconf 92' lang='lat' dir='ltr'><strong>nondum</strong></span> <span class='ocrx_word' id='word_1_680' title='bbox 1980 4553 2094 4619; x_wconf 92' lang='lat' dir='ltr'><strong>didicit</strong></span> <span class='ocrx_word' id='word_1_681' title='bbox 2125 4570 2219 4635; x_wconf 89' lang='lat' dir='ltr'><strong>quam</strong></span> 
     </span>
     <span class='ocr_line' id='line_1_50' title="bbox 235 4637 2220 4721; baseline -0.003 -17"><span class='ocrx_word' id='word_1_682' title='bbox 235 4650 379 4705; x_wconf 87' lang='lat' dir='ltr'><strong>nostram</strong></span> <span class='ocrx_word' id='word_1_683' title='bbox 401 4638 517 4704; x_wconf 92' lang='lat' dir='ltr'><strong>fulcire</strong></span> <span class='ocrx_word' id='word_1_684' title='bbox 540 4637 632 4703; x_wconf 89' lang='lat' dir='ltr'><strong>decet</strong></span> <span class='ocrx_word' id='word_1_685' title='bbox 654 4642 778 4720; x_wconf 88' lang='lat' dir='ltr'><strong>quotics</strong></span> <span class='ocrx_word' id='word_1_686' title='bbox 799 4651 927 4706; x_wconf 90' lang='lat' dir='ltr'><strong>mentes</strong></span> <span class='ocrx_word' id='word_1_687' title='bbox 949 4654 1078 4706; x_wconf 91' lang='lat' dir='ltr'><strong>nostrae</strong></span> <span class='ocrx_word' id='word_1_688' title='bbox 1100 4641 1200 4705; x_wconf 84' lang='lat' dir='ltr'><strong>vacil·</strong></span> <span class='ocrx_word' id='word_1_689' title='bbox 1254 4644 1417 4709; x_wconf 89' lang='lat' dir='ltr'><strong>horribilis</strong></span> <span class='ocrx_word' id='word_1_690' title='bbox 1441 4644 1483 4707; x_wconf 88' lang='lat' dir='ltr'><strong>sit</strong></span> <span class='ocrx_word' id='word_1_691' title='bbox 1501 4642 1564 4706; x_wconf 91' lang='lat' dir='ltr'><strong>Dei</strong></span> <span class='ocrx_word' id='word_1_692' title='bbox 1587 4644 1738 4709; x_wconf 87' lang='lat' dir='ltr'><strong>offensio:</strong></span> <span class='ocrx_word' id='word_1_693' title='bbox 1762 4643 1833 4709; x_wconf 92' lang='lat' dir='ltr'><strong>ideo</strong></span> <span class='ocrx_word' id='word_1_694' title='bbox 1858 4643 1967 4707; x_wconf 85' lang='lat' dir='ltr'><strong>beatos</strong></span> <span class='ocrx_word' id='word_1_695' title='bbox 1989 4661 2059 4705; x_wconf 87' lang='lat' dir='ltr'><strong>esse</strong></span> <span class='ocrx_word' id='word_1_696' title='bbox 2077 4658 2220 4721; x_wconf 90' lang='lat' dir='ltr'><strong>pronun·</strong></span> 
     </span>
     <span class='ocr_line' id='line_1_51' title="bbox 235 4720 2222 4811; baseline -0.003 -22"><span class='ocrx_word' id='word_1_697' title='bbox 235 4727 313 4791; x_wconf 85' lang='lat' dir='ltr'><strong>lant.</strong></span> <span class='ocrx_word' id='word_1_698' title='bbox 359 4724 430 4790; x_wconf 88' lang='lat' dir='ltr'><strong>Hoc</strong></span> <span class='ocrx_word' id='word_1_699' title='bbox 451 4747 528 4808; x_wconf 87' lang='lat' dir='ltr'><strong>ergo</strong></span> <span class='ocrx_word' id='word_1_700' title='bbox 550 4725 742 4808; x_wconf 87' lang='lat' dir='ltr'><strong>simpliciter</strong></span> <span class='ocrx_word' id='word_1_701' title='bbox 765 4725 868 4789; x_wconf 84' lang='lat' dir='ltr'><strong>voluit</strong></span> <span class='ocrx_word' id='word_1_702' title='bbox 891 4725 1007 4802; x_wconf 86' lang='lat' dir='ltr'><strong>David,</strong></span> <span class='ocrx_word' id='word_1_703' title='bbox 1030 4727 1146 4792; x_wconf 88' lang='lat' dir='ltr'><strong>efficax</strong></span> <span class='ocrx_word' id='word_1_704' title='bbox 1169 4735 1202 4790; x_wconf 92' lang='lat' dir='ltr'><strong>et</strong></span> <span class='ocrx_word' id='word_1_705' title='bbox 1254 4731 1312 4794; x_wconf 82' lang='lat' dir='ltr'><strong>tiat·</strong></span> <span class='ocrx_word' id='word_1_706' title='bbox 1335 4729 1476 4804; x_wconf 85' lang='lat' dir='ltr'><strong>Solomo,</strong></span> <span class='ocrx_word' id='word_1_707' title='bbox 1499 4730 1554 4810; x_wconf 91' lang='lat' dir='ltr'><strong>qui</strong></span> <span class='ocrx_word' id='word_1_708' title='bbox 1575 4731 1716 4811; x_wconf 91' lang='lat' dir='ltr'><strong>seipsos</strong></span> <span class='ocrx_word' id='word_1_709' title='bbox 1738 4739 1871 4804; x_wconf 92' lang='lat' dir='ltr'><strong>terrent,</strong></span> <span class='ocrx_word' id='word_1_710' title='bbox 1895 4726 2065 4804; x_wconf 81' lang='lat' dir='ltr'><strong>Prov.28,</strong></span> <span class='ocrx_word' id='word_1_711' title='bbox 2086 4724 2127 4788; x_wconf 90' lang='lat'><strong>14</strong></span> <span class='ocrx_word' id='word_1_712' title='bbox 2148 4720 2222 4806; x_wconf 90' lang='lat' dir='ltr'><strong>quia</strong></span> 
     </span>
     <span class='ocr_line' id='line_1_52' title="bbox 236 4807 2220 4897; baseline -0.003 -22"><span class='ocrx_word' id='word_1_713' title='bbox 236 4824 342 4876; x_wconf 93' lang='lat' dir='ltr'><strong>ratum</strong></span> <span class='ocrx_word' id='word_1_714' title='bbox 371 4811 405 4874; x_wconf 91' lang='lat' dir='ltr'><strong>in</strong></span> <span class='ocrx_word' id='word_1_715' title='bbox 434 4833 468 4876; x_wconf 89' lang='lat' dir='ltr'><strong>se</strong></span> <span class='ocrx_word' id='word_1_716' title='bbox 498 4812 568 4875; x_wconf 91' lang='lat' dir='ltr'><strong>fore</strong></span> <span class='ocrx_word' id='word_1_717' title='bbox 598 4808 684 4892; x_wconf 90' lang='lat' dir='ltr'><strong>quod</strong></span> <span class='ocrx_word' id='word_1_718' title='bbox 706 4808 798 4873; x_wconf 88' lang='lat' dir='ltr'><strong>Deus</strong></span> <span class='ocrx_word' id='word_1_719' title='bbox 828 4812 945 4892; x_wconf 92' lang='lat' dir='ltr'><strong>populo</strong></span> <span class='ocrx_word' id='word_1_720' title='bbox 974 4832 1033 4874; x_wconf 89' lang='lat' dir='ltr'><strong>suo</strong></span> <span class='ocrx_word' id='word_1_721' title='bbox 1065 4823 1202 4877; x_wconf 88' lang='lat' dir='ltr'><strong>testatus</strong></span> <span class='ocrx_word' id='word_1_722' title='bbox 1253 4815 1376 4880; x_wconf 88' lang='lat' dir='ltr'><strong>scilicet</strong></span> <span class='ocrx_word' id='word_1_723' title='bbox 1405 4814 1537 4876; x_wconf 88' lang='lat' dir='ltr'><strong>tristitia</strong></span> <span class='ocrx_word' id='word_1_724' title='bbox 1565 4836 1648 4897; x_wconf 87' lang='lat' dir='ltr'><strong>quac</strong></span> <span class='ocrx_word' id='word_1_725' title='bbox 1671 4837 1725 4881; x_wconf 90' lang='lat' dir='ltr'><strong>ces</strong></span> <span class='ocrx_word' id='word_1_726' title='bbox 1749 4815 1923 4893; x_wconf 89' lang='lat' dir='ltr'><strong>excruciat,</strong></span> <span class='ocrx_word' id='word_1_727' title='bbox 1952 4814 2084 4876; x_wconf 91' lang='lat' dir='ltr'><strong>ianuam</strong></span> <span class='ocrx_word' id='word_1_728' title='bbox 2106 4807 2148 4874; x_wconf 91' lang='lat' dir='ltr'><strong>ad</strong></span> <span class='ocrx_word' id='word_1_729' title='bbox 2172 4829 2220 4871; x_wconf 86' lang='lat' dir='ltr'><strong>ve·</strong></span> 
     </span>
     <span class='ocr_line' id='line_1_53' title="bbox 234 4893 2219 4982; baseline -0.003 -21"><span class='ocrx_word' id='word_1_730' title='bbox 234 4898 349 4962; x_wconf 89' lang='lat' dir='ltr'><strong>fuerat.</strong></span> <span class='ocrx_word' id='word_1_731' title='bbox 380 4896 490 4979; x_wconf 86' lang='lat' dir='ltr'><strong>Atque</strong></span> <span class='ocrx_word' id='word_1_732' title='bbox 509 4896 622 4960; x_wconf 91' lang='lat' dir='ltr'><strong>eadem</strong></span> <span class='ocrx_word' id='word_1_733' title='bbox 641 4893 733 4960; x_wconf 89' lang='lat' dir='ltr'><strong>nobis</strong></span> <span class='ocrx_word' id='word_1_734' title='bbox 752 4893 892 4959; x_wconf 90' lang='lat' dir='ltr'><strong>tenenda</strong></span> <span class='ocrx_word' id='word_1_735' title='bbox 910 4896 1200 4980; x_wconf 89' lang='lat' dir='ltr'><strong>esthodieregula.</strong></span> <span class='ocrx_word' id='word_1_736' title='bbox 1254 4920 1327 4965; x_wconf 91' lang='lat' dir='ltr'><strong>rum</strong></span> <span class='ocrx_word' id='word_1_737' title='bbox 1360 4899 1515 4982; x_wconf 86' lang='lat' dir='ltr'><strong>gaudium</strong></span> <span class='ocrx_word' id='word_1_738' title='bbox 1546 4904 1660 4980; x_wconf 88' lang='lat' dir='ltr'><strong>aperit.</strong></span> <span class='ocrx_word' id='word_1_739' title='bbox 1712 4901 1776 4966; x_wconf 82' lang='lat' dir='ltr'><strong>Sed</strong></span> <span class='ocrx_word' id='word_1_740' title='bbox 1813 4900 1865 4964; x_wconf 93' lang='lat' dir='ltr'><strong>hic</strong></span> <span class='ocrx_word' id='word_1_741' title='bbox 1895 4898 2077 4980; x_wconf 90' lang='lat' dir='ltr'><strong>quaeritur,</strong></span> <span class='ocrx_word' id='word_1_742' title='bbox 2110 4894 2219 4975; x_wconf 73' lang='lat' dir='ltr'><strong>Quum</strong></span> 
     </span>
     <span class='ocr_line' id='line_1_54' title="bbox 235 4979 2219 5070; baseline -0.002 -23"><span class='ocrx_word' id='word_1_743' title='bbox 235 4981 396 5062; x_wconf 82' lang='lat' dir='ltr'><strong>Quamvis</strong></span> <span class='ocrx_word' id='word_1_744' title='bbox 425 4983 510 5047; x_wconf 93' lang='lat' dir='ltr'><strong>enim</strong></span> <span class='ocrx_word' id='word_1_745' title='bbox 537 5003 603 5046; x_wconf 92' lang='lat' dir='ltr'><strong>non</strong></span> <span class='ocrx_word' id='word_1_746' title='bbox 625 4981 702 5046; x_wconf 91' lang='lat' dir='ltr'><strong>alibi</strong></span> <span class='ocrx_word' id='word_1_747' title='bbox 723 5001 819 5062; x_wconf 90' lang='lat' dir='ltr'><strong>quam</strong></span> <span class='ocrx_word' id='word_1_748' title='bbox 843 4981 875 5045; x_wconf 92' lang='lat' dir='ltr'><strong>in</strong></span> <span class='ocrx_word' id='word_1_749' title='bbox 900 4981 1022 5047; x_wconf 82' lang='lat' dir='ltr'><strong>Christi</strong></span> <span class='ocrx_word' id='word_1_750' title='bbox 1044 4983 1202 5066; x_wconf 89' lang='lat' dir='ltr'><strong>sanguine</strong></span> <span class='ocrx_word' id='word_1_751' title='bbox 1253 4987 1317 5050; x_wconf 87' lang='lat' dir='ltr'><strong>inm</strong></span> <span class='ocrx_word' id='word_1_752' title='bbox 1341 5006 1382 5048; x_wconf 89' lang='lat' dir='ltr'><strong>ex</strong></span> <span class='ocrx_word' id='word_1_753' title='bbox 1404 5006 1459 5048; x_wconf 94' lang='lat' dir='ltr'><strong>ore</strong></span> <span class='ocrx_word' id='word_1_754' title='bbox 1481 4984 1613 5048; x_wconf 89' lang='lat' dir='ltr'><strong>Nathan</strong></span> <span class='ocrx_word' id='word_1_755' title='bbox 1639 4988 1814 5070; x_wconf 91' lang='lat' dir='ltr'><strong>prophetae</strong></span> <span class='ocrx_word' id='word_1_756' title='bbox 1836 4984 1981 5049; x_wconf 89' lang='lat' dir='ltr'><strong>audisset</strong></span> <span class='ocrx_word' id='word_1_757' title='bbox 2000 4981 2111 5046; x_wconf 85' lang='lat' dir='ltr'><strong>David</strong></span> <span class='ocrx_word' id='word_1_758' title='bbox 2135 4979 2219 5046; x_wconf 86' lang='lat' dir='ltr'><strong>abla-</strong></span> 
     </span>
    </p>
   </div>
   <div class='ocr_carea' id='block_1_3' title="bbox 235 5064 2222 5327">
    <p class='ocr_par' dir='ltr' id='par_1_5' title="bbox 235 5064 2222 5327">
     <span class='ocr_line' id='line_1_55' title="bbox 235 5064 2219 5152; baseline -0.003 -20"><span class='ocrx_word' id='word_1_759' title='bbox 235 5064 417 5151; x_wconf 88' lang='lat' dir='ltr'><strong>quaerenda</strong></span> <span class='ocrx_word' id='word_1_760' title='bbox 448 5069 491 5134; x_wconf 88' lang='lat' dir='ltr'><strong>sit</strong></span> <span class='ocrx_word' id='word_1_761' title='bbox 513 5069 665 5150; x_wconf 89' lang='lat' dir='ltr'><strong>expiatio,</strong></span> <span class='ocrx_word' id='word_1_762' title='bbox 695 5068 771 5150; x_wconf 93' lang='lat' dir='ltr'><strong>quia</strong></span> <span class='ocrx_word' id='word_1_763' title='bbox 794 5081 902 5132; x_wconf 90' lang='lat' dir='ltr'><strong>tamen</strong></span> <span class='ocrx_word' id='word_1_764' title='bbox 926 5088 984 5132; x_wconf 88' lang='lat' dir='ltr'><strong>nec</strong></span> <span class='ocrx_word' id='word_1_765' title='bbox 1006 5069 1107 5134; x_wconf 88' lang='lat' dir='ltr'><strong>oculis</strong></span> <span class='ocrx_word' id='word_1_766' title='bbox 1130 5089 1202 5150; x_wconf 88' lang='lat' dir='ltr'><strong>per·</strong></span> <span class='ocrx_word' id='word_1_767' title='bbox 1254 5083 1323 5135; x_wconf 90' lang='lat' dir='ltr'><strong>tum</strong></span> <span class='ocrx_word' id='word_1_768' title='bbox 1351 5091 1421 5134; x_wconf 88' lang='lat' dir='ltr'><strong>esse</strong></span> <span class='ocrx_word' id='word_1_769' title='bbox 1444 5091 1537 5135; x_wconf 91' lang='lat' dir='ltr'><strong>suum</strong></span> <span class='ocrx_word' id='word_1_770' title='bbox 1561 5085 1739 5152; x_wconf 88' lang='lat' dir='ltr'><strong>peccatum,</strong></span> <span class='ocrx_word' id='word_1_771' title='bbox 1771 5071 1801 5136; x_wconf 81' lang='lat'><strong>2.</strong></span> <span class='ocrx_word' id='word_1_772' title='bbox 1827 5069 1916 5136; x_wconf 84' lang='lat' dir='ltr'><strong>Sam.</strong></span> <span class='ocrx_word' id='word_1_773' title='bbox 1942 5069 2219 5152; x_wconf 73' lang='lat' dir='ltr'><strong>12,130urn0n</strong></span> 
     </span>
     <span class='ocr_line' id='line_1_56' title="bbox 236 5150 2221 5239; baseline -0.002 -21"><span class='ocrx_word' id='word_1_774' title='bbox 236 5153 385 5235; x_wconf 91' lang='lat' dir='ltr'><strong>spicitur,</strong></span> <span class='ocrx_word' id='word_1_775' title='bbox 419 5175 479 5218; x_wconf 91' lang='lat' dir='ltr'><strong>nec</strong></span> <span class='ocrx_word' id='word_1_776' title='bbox 512 5153 663 5218; x_wconf 89' lang='lat' dir='ltr'><strong>manibus</strong></span> <span class='ocrx_word' id='word_1_777' title='bbox 696 5154 846 5237; x_wconf 90' lang='lat' dir='ltr'><strong>palpatur</strong></span> <span class='ocrx_word' id='word_1_778' title='bbox 877 5150 1054 5235; x_wconf 88' lang='lat' dir='ltr'><strong>spiritualis</strong></span> <span class='ocrx_word' id='word_1_779' title='bbox 1087 5154 1201 5237; x_wconf 88' lang='lat' dir='ltr'><strong>gratia,</strong></span> <span class='ocrx_word' id='word_1_780' title='bbox 1254 5155 1488 5220; x_wconf 86' lang='lat' dir='ltr'><strong>absolutionem</strong></span> <span class='ocrx_word' id='word_1_781' title='bbox 1512 5158 1597 5222; x_wconf 92' lang='lat' dir='ltr'><strong>hanc</strong></span> <span class='ocrx_word' id='word_1_782' title='bbox 1620 5158 1718 5223; x_wconf 89' lang='lat' dir='ltr'><strong>fuerit</strong></span> <span class='ocrx_word' id='word_1_783' title='bbox 1740 5158 1919 5239; x_wconf 91' lang='lat' dir='ltr'><strong>amplexus,</strong></span> <span class='ocrx_word' id='word_1_784' title='bbox 1942 5170 1979 5220; x_wconf 94' lang='lat' dir='ltr'><strong>ut</strong></span> <span class='ocrx_word' id='word_1_785' title='bbox 2000 5153 2125 5237; x_wconf 91' lang='lat' dir='ltr'><strong>placide</strong></span> <span class='ocrx_word' id='word_1_786' title='bbox 2148 5170 2221 5216; x_wconf 88' lang='lat' dir='ltr'><strong>rere</strong></span> 
     </span>
     <span class='ocr_line' id='line_1_57' title="bbox 236 5237 2222 5327; baseline -0.002 -26"><span class='ocrx_word' id='word_1_787' title='bbox 236 5258 300 5301; x_wconf 94' lang='lat' dir='ltr'><strong>non</strong></span> <span class='ocrx_word' id='word_1_788' title='bbox 322 5258 494 5321; x_wconf 88' lang='lat' dir='ltr'><strong>possumus</strong></span> <span class='ocrx_word' id='word_1_789' title='bbox 514 5239 577 5303; x_wconf 88' lang='lat' dir='ltr'><strong>nisi</strong></span> <span class='ocrx_word' id='word_1_790' title='bbox 596 5241 741 5304; x_wconf 87' lang='lat' dir='ltr'><strong>externis</strong></span> <span class='ocrx_word' id='word_1_791' title='bbox 758 5240 862 5322; x_wconf 87' lang='lat' dir='ltr'><strong>signis</strong></span> <span class='ocrx_word' id='word_1_792' title='bbox 881 5239 993 5314; x_wconf 88' lang='lat' dir='ltr'><strong>adiuti,</strong></span> <span class='ocrx_word' id='word_1_793' title='bbox 1016 5238 1203 5321; x_wconf 88' lang='lat' dir='ltr'><strong>tranquillis</strong></span> <span class='ocrx_word' id='word_1_794' title='bbox 1254 5239 1372 5323; x_wconf 91' lang='lat' dir='ltr'><strong>gaudio</strong></span> <span class='ocrx_word' id='word_1_795' title='bbox 1404 5240 1583 5322; x_wconf 89' lang='lat' dir='ltr'><strong>frueretur,</strong></span> <span class='ocrx_word' id='word_1_796' title='bbox 1614 5264 1691 5309; x_wconf 92' lang='lat' dir='ltr'><strong>nam</strong></span> <span class='ocrx_word' id='word_1_797' title='bbox 1724 5243 1821 5307; x_wconf 91' lang='lat' dir='ltr'><strong>fidem</strong></span> <span class='ocrx_word' id='word_1_798' title='bbox 1855 5243 2012 5327; x_wconf 89' lang='lat' dir='ltr'><strong>abrogare</strong></span> <span class='ocrx_word' id='word_1_799' title='bbox 2045 5237 2222 5323; x_wconf 86' lang='lat' dir='ltr'><strong>prophetae</strong></span> 
     </span>
    </p>
   </div>
   <div class='ocr_carea' id='block_1_4' title="bbox 0 0 2346 5856">
    <p class='ocr_par' dir='ltr' id='par_1_6' title="bbox 0 0 2346 5856">
     <span class='ocr_line' id='line_1_58' title="bbox 0 0 2346 5856; baseline 0 0"><span class='ocrx_word' id='word_1_800' title='bbox 0 0 2346 5856; x_wconf 95' lang='lat' dir='ltr'><strong> </strong></span> 
     </span>
    </p>
   </div>
  </div>
 </body>
</html>
