4658 5856
131 325 193 392 193
960 325 1176 394 PSALMUS
1199 324 1299 390 XIX.
2062 320 2125 386 194

123 535 187 581 neu
221 513 286 579 alia
317 535 413 596 quam
448 513 605 579 adversus
638 515 818 583 obstinatos
848 515 993 580 vindiota
1022 536 1095 598 per·
1148 521 1271 598 gerent,
1294 514 1326 578 2.
1351 511 1495 579 Samuel.
1517 530 1587 592 oap.
1612 510 1641 592 i,
1663 530 1740 574 vers
1763 510 1804 574 12
1828 531 1959 576 neeesse
1988 513 2051 576 fuit
2080 514 2121 578 ad

122 600 273 664 mittitur.
318 599 475 665 labemur
506 601 668 667 benefieiis
690 613 816 667 oertare
837 623 912 666 oum
936 602 1094 678 hostibus,
1148 621 1222 664 enm
1251 596 1455 675 deseendere,
1487 599 1543 679 qui
1574 617 1631 661 rex
1660 607 1814 661 aeternus
1843 619 1906 660 non
1931 600 2121 679 temporalis

122 707 181 768 pru
203 705 316 751 eurum
339 685 445 750 salute
467 688 607 768 preoari:
638 708 717 770 ergo
744 688 842 753 simul
865 686 1008 770 optanda
1030 687 1094 751 illis
1147 688 1277 750 iuturus
1299 696 1379 750 erat.
1417 683 1533 764 Itaque
1551 704 1663 747 semen
1682 704 1777 748 suum
1802 682 1894 747 uobis
1915 687 2122 750 commendat

122 787 170 837 est
204 770 438 853 resipiscentia,
472 784 505 835 et
537 773 661 837 sanitas
696 775 833 849 mentis,
871 774 973 838 donee
1005 783 1094 838 oerto
1147 771 1256 836 David
1279 772 1400 835 eximia
1429 769 1486 835 illa
1517 769 1732 851 promissione
1759 782 1922 845 ornatum,
1951 790 2032 850 quae
2060 792 2122 836 neo

121 868 246 922 uonstet
269 855 414 938 perditae
432 878 503 922 esse
522 876 559 922 ae
577 858 766 941 desperatae
784 859 939 934 malitiae,
962 858 1093 923 interim
1146 858 1179 921 in
1203 856 1423 933 Salomonem,
1454 876 1512 919 nee
1535 856 1568 918 in
1591 856 1692 918 alium
1715 858 1901 936 quempiam
1930 875 1970 918 ex
1993 875 2120 922 sueoes·

121 940 320 1026 resignanda
342 955 393 1008 est
414 943 549 1008 arbitrio
559 942 623 1008 Dei
643 945 796 1021 vindiota‚
820 967 860 1009 ne
875 958 951 1009 ante
963 956 1093 1026 tempus
1146 943 1273 1007 soribus
1306 942 1449 1024 perfeeto
1483 942 1647 1021 oompetit,
1681 943 1737 1004 sed
1767 940 1802 1003 in
1826 940 1928 1003 filium
1954 939 2016 1005 Dei
2047 946 2120 1007 uni·

120 1029 315 1112 praeeipites
337 1029 489 1093 feramur.
524 1027 653 1093 Deinde
675 1053 718 1095 ex
737 1032 888 1113 perieulis
906 1039 939 1094 et
957 1029 1093 1094 diffionl·
1145 1030 1309 1110 genitum:
1333 1028 1426 1093 siouti
1448 1027 1613 1108 apostolus
1636 1025 1738 1090 Hebr.
1761 1026 1846 1107 oepit
1864 1026 1893 1104 1,
1918 1047 1990 1089 vers
2012 1027 2034 1090 4
2056 1027 2119 1095 huo

120 1114 244 1179 tatibus
259 1112 385 1197 oolligit
399 1136 435 1179 se
449 1114 544 1179 aliter
559 1136 624 1179 nun
641 1120 785 1199 potuisse
799 1118 928 1183 salvum
944 1114 1092 1191 evadere,
1146 1113 1307 1197 dignitate
1328 1115 1435 1196 ipsum
1459 1112 1585 1195 angelis
1608 1111 1802 1175 anteeellere
1823 1109 1927 1175 deest.
1961 1112 2014 1176 lta
2032 1127 2119 1179 reete

122 1201 184 1266 nisi
209 1199 272 1264 Dei
295 1218 394 1264 manu
416 1208 567 1265 servatus
588 1213 683 1268 osset.
726 1203 803 1268 Huo
832 1205 920 1267 enim
950 1201 1094 1283 pertinet
1147 1200 1351 1282 profioiemns
1374 1200 1408 1263 iu
1428 1198 1489 1263 heo
1504 1198 1645 1274 Psalmo,
1668 1199 1696 1261 si
1718 1197 1835 1261 umbra
1858 1219 1917 1261 nos
1939 1197 1980 1259 ad
2003 1220 2120 1283 oorpus

121 1286 261 1351 elevatio
272 1286 312 1349 de
330 1304 396 1366 qua
413 1285 566 1368 loquitur,
588 1288 780 1353 mirabiliter
796 1290 897 1354 fuisse
915 1287 1093 1365 sublatum,
1146 1285 1295 1350 dednoat.

120 1394 162 1437 ne
186 1371 313 1436 viotrioi
337 1370 479 1435 hostium
502 1371 675 1438 violentiae
700 1376 935 1441 sueoumberet.

205 1456 257 1521 50.
280 1454 463 1540 (Propterea
492 1456 722 1546 0010000010.)
772 1461 845 1525 Hoo
874 1479 972 1524 versu
1001 1457 1094 1523 dooet

122 1543 278 1607 benefioia
309 1540 370 1604 Dei
399 1562 481 1624 quae
512 1544 635 1625 retulit,
664 1568 750 1610 novo
779 1556 814 1610 et
841 1545 970 1611 insolito
1002 1563 1092 1626 prae·

119 1630 212 1694 eonio
241 1628 342 1710 digna
371 1648 452 1706 osso,
481 1639 518 1693 ut
547 1648 659 1695 eornm
683 1634 769 1696 fama
791 1631 831 1696 ed
855 1644 968 1714 gentes
992 1649 1093 1710 usque
1466 1655 1674 1727 Pfflpffls
1693 1656 1797 1726 m

119 1723 279 1797 penetret
314 1712 434 1778 Subest
454 1714 540 1778 enim
562 1716 660 1781 taeita
682 1720 879 1800 temperatio
902 1719 988 1782 inter
1010 1711 1093 1778 ordi-

120 1800 251 1865 nanum
274 1798 338 1864 Dei
371 1802 496 1898 entium
529 1821 592 1882 <11¹⁰
626 1817 704 1900 tuno
736 1804 886 1903 solebant
916 1801 1028 1867 fidelos
1058 1800 1091 1862 ³¹¹
1146 1832 1451 1887 arremarensis.
1484 1830 1518 1882 aa
1545 1828 1767 1882 anstrannum
1794 1828 1843 1880 nei
1871 1828 1985 1897 gloriam
2016 1826 2119 1878 noem

120 1883 243 1966 templo
271 1883 416 1968 defungi,
446 1899 479 1948 01
507 1886 591 1952 hano
620 1905 802 1972 grauatum
826 1902 985 1954 astionem
1009 1906 1093 1968 quw
1247 1903 1350 1962 volens,
1370 1902 1461 1983 primo
1484 1901 1542 1951 eius
1560 1900 1697 2020 speoulum
1724 1900 1762 1978 in.
1780 1898 1916 1977 eoelqrum
1943 1895 2067 1949 maehina
2091 1900 2120 1947 et

120 1984 187 2035 tam
211 1991 253 2035 an
301 1971 361 2034 stis
380 1971 502 2036 finibus
523 1974 593 2054 oapi
618 1995 683 2038 000
706 1987 844 2057 poterat,
890 1976 1015 2039 sensus
1043 1981 1093 2035 est
1248 1972 1377 2040 exquisiti
1395 1970 1498 2023 ordinis
1517 1968 1568 2020 arti
1589 1968 1630 2021 oie
1648 1975 1790 2036 proponit:
1809 1965 1952 2019 deindead
1968 1967 2053 2034 legem
2070 1979 2119 2016 uos

118 2056 238 2139 igitur:
290 2056 399 2119 omine
418 2078 481 2120 non
500 2067 630 2123 tantum
649 2083 688 2125 ex
708 2063 909 2143 praesoripto
928 2059 1009 2140 legis
1028 2057 1091 2121 ritu
1249 2032 2121 2176 ξῗζθοζξοέζ10111ῗηξ1ζξ1ζΒξζᾚέὲζῖξξζιέθεὲξξὲζῗζξξζῗζ

117 2142 242 2228 gratim
276 2143 334 2207 ‘lbi
368 2161 463 2225 “gam
497 2144 530 2206 ln
560 2158 652 2246 009111
682 2146 843 2247 fidelium:
877 2146 934 2210 ⁸0¹¹
963 2143 1092 2225 ¹⁰¹¹ssl¹¹⁸
1247 2179 1339 2231 verbis
1363 2177 1545 2246 prosequitur,
1570 2175 1637 2242 legis
1661 2190 1738 2227 usum
1762 2173 1964 2226 oemmendsns.
1999 2171 2118 2224 Tandem

118 2226 300 2293 manabunt
338 2226 451 2292 laudes
491 2240 583 2308 tuae,
624 2247 718 2298 srouu
752 2254 811 2315 per
843 2243 946 2296 totum
981 2229 1091 2293 orbem
1248 2247 1383 2300 Palmum
1403 2243 1685 2313 mannestando.

101 2313 341 2378 memorabilis
362 2326 414 2378 est
435 2326 491 2379 tua
513 2315 545 2379 in
570 2337 622 2381 me
643 2319 760 2400 gratia.
805 2317 982 2383 Caeterum
1016 2314 1092 2377 hino

120 2399 311 2465 vatioinium
340 2397 380 2463 de
407 2397 517 2464 futuro
546 2401 671 2468 Christi
703 2425 804 2485 reguo
837 2403 984 2468 elioitur:
1017 2399 1093 2482 quia
1232 2403 1260 2466 1.
1291 2399 1452 2483 Praefecto
1480 2396 1633 2463 ooatmam
1662 2396 1809 2461 Doridis.
1857 2394 1939 2459 Coeli
1967 2397 2120 2458 enarrasti

118 2486 182 2550 nisi
223 2485 257 2549 in
295 2486 482 2550 sooietatem
516 2488 610 2553 eleoti
643 2490 753 2572 populi
786 2490 920 2554 alleotae
952 2486 1094 2552 fuissent
1141 2489 1278 2572 gloriam
1304 2487 1377 2561 Dei,
1407 2490 1435 2551 et
1462 2504 1556 2563 opero
1583 2502 1735 2547 manuam
1760 2483 1830 2546 eius
1863 2482 2031 2544 annuntiat
2064 2499 2119 2543 ea-

118 2582 249 2654 genteo,
282 2571 404 2634 frustra
434 2573 520 2636 inter
548 2574 665 2640 surdos
694 2585 727 2639 et
754 2573 914 2640 absurdae
943 2581 1093 2638 ouutatae
1141 2571 1305 2658 poesim).
1338 2570 1639 2638 amasaeorum
1660 2572 1777 2632 eructat
1797 2586 1976 2648 sermonem
2006 2569 2035 2628 et
2058 2584 2120 2628 aas

117 2658 257 2723 fuissent
277 2655 391 2721 landes
411 2657 486 2722 Dei.
521 2656 632 2739 Quare
653 2660 732 2726 soite
744 2662 869 2725 Paulus
891 2673 924 2724 et
945 2658 1094 2742 apposite
1145 2663 1189 2727 od
1209 2665 1324 2725 noctem
1345 2660 1511 2723 aasentias
1532 2655 1702 2721 scemam.
1739 2653 1770 2717 3.
1794 2653 1867 2717 Noa
1888 2671 1988 2717 sermo
2009 2655 2037 2713 ot
2057 2669 2118 2714 noa

118 2740 179 2807 hoo
208 2741 393 2807 testimonio
423 2744 538 2823 probat
567 2766 630 2811 nou
659 2768 730 2811 esse
753 2747 919 2811 fortuitam
943 2744 1091 2828 gentium
1144 2747 1247 2829 uerba,
1277 2744 1332 2809 oti
1361 2764 1423 2809 eoa
1448 2742 1600 2809 audietur
1626 2761 1683 2805 vox
1711 2759 1827 2804 eoram.
1870 2739 1901 2804 4.
1928 2735 1970 2801 Ia
1998 2755 2118 2802 onmem

120 2827 335 2903 snoudunam,
358 2828 454 2892 Rom
469 2829 519 2906 15,
532 2829 562 2895 9.
596 2831 754 2896 Pluribus
773 2833 859 2896 enim
880 2831 959 2896 loois
980 2840 1092 2912 postea
1145 2839 1263 2898 terram
1292 2831 1389 2896 eoiail
1415 2831 1575 2910 scripturo
1603 2828 1754 2906 ipsuum,
1783 2831 1811 2889 et
1834 2825 1878 2889 od
1899 2826 2119 2888 eetreraitotem

119 2912 302 2978 ridebimus
318 2914 381 2979 Dei
399 2914 550 2981 laudibus
567 2938 696 2982 suornm
714 2917 913 2983 domioilinm
932 2913 1092 2998 assignari
1144 2919 1239 2997 orbis,
1261 2936 1415 2982 sermones
1435 2917 1594 2996 ipsorum:
1619 2911 1679 2976 soii
1701 2912 1811 2991 posuit
1831 2907 2061 2976 tubernaculum
2083 2913 2120 2975 ia

117 2999 151 3063 in
174 2997 321 3064 eoelesia.
355 2997 467 3078 Quare
485 3002 563 3066 alibi
586 3024 683 3084 qnam
708 3004 741 3068 in
760 3003 881 3069 Iudaea
899 3023 964 3067 non
987 2999 1093 3084 potuit
1144 3005 1234 3088 ipsis.
1267 3002 1298 3069 5.
1322 3001 1366 3066 Et
1383 3003 1451 3083 ipse
1467 3006 1617 3081 tanquam
1634 3017 1767 3077 sponsas
1787 2994 2119 3079 egreditaretbolomo

119 3085 182 3149 rite
204 3095 240 3149 et
260 3104 332 3149 oum
356 3086 463 3151 lruotn
485 3086 641 3153 eelebrari
662 3089 725 3153 Dei
747 3110 874 3167 nomen,
898 3088 1000 3154 donee
1017 3106 1091 3168 per-
1144 3111 1220 3156 seo:
1252 3088 1386 3154 motat
1417 3091 1568 3168 tuaquom
1600 3084 1651 3148 vir
1682 3083 1827 3148 robustus
1859 3083 1902 3147 ud
1930 3085 2120 3150 canadam

118 3171 240 3235 lomtae
264 3183 377 3234 essent
397 3192 492 3236 aures
514 3173 684 3256 gentibus:
710 3175 795 3257 qnod
818 3177 940 3239 laotnm
964 3184 1014 3238 est
1036 3171 1092 3238 abi
1143 3177 1294 3257 spetiem.
1345 3173 1376 3238 6.
1408 3172 1461 3238 At
1489 3171 1676 3236 extremitate
1695 3169 1851 3234 coelorum
1871 3187 2017 3251 egressae
2039 3172 2118 3245 eius,

120 3277 175 3322 eas
197 3256 289 3321 Deus
311 3276 369 3338 per
390 3259 595 3342 evangelium
619 3260 766 3325 adscivit.
1143 3269 1172 3326 et
1191 3261 1340 3327 00041100
1352 3259 1421 3323 eiras
1441 3277 1537 3338 saper
1557 3259 1696 3319 extremo
1718 3274 1838 3318 mmm:
1861 3252 2026 3335 nullosque
2047 3255 2117 3319 oha-

203 3340 256 3406 51.
285 3339 516 3426 (Mopaifieoas
542 3344 685 3431 0010100.)
735 3345 858 3411 Versus
888 3347 942 3413 hio
975 3364 995 3409 a
1027 3342 1092 3408 fine
1142 3347 1285 3413 mediter
1306 3366 1326 3409 a
1347 3342 1450 3408 colore
1470 3344 1548 3407 eius.

120 3429 322 3494 demonstrat
353 3449 411 3494 our
445 3441 513 3494 tam
546 3430 725 3496 liberaliter
759 3431 849 3497 Deus
882 3430 987 3516 egerit
1016 3449 1089 3494 oum

119 3509 268 3578 Daside:
290 3515 368 3595 quin
389 3515 513 3581 soilioet
534 3536 608 3581 enm
632 3529 771 3582 unxerat
793 3517 829 3581 in
851 3537 972 3600 regom.
1005 3514 1090 3580 Nam
1231 3518 1259 3582 1.
1292 3514 1394 3602 (Coeli
1424 3510 1599 3598 enarraret.)
1652 3511 1733 3580 Dixi
1762 3515 1829 3578 iam
1864 3516 1961 3580 huius
1994 3514 2118 3579 Psalmi

119 3619 153 3665 se
170 3619 282 3681 regem
294 3597 358 3665 Dei
379 3601 534 3678 venando,
555 3623 591 3667 so
614 3623 674 3669 nee
696 3612 818 3668 temere
840 3603 1008 3685 irrupisse,
1031 3622 1091 3667 neo
1144 3603 1225 3669 duas
1258 3623 1329 3669 esse
1364 3611 1482 3688 partes,
1515 3619 1652 3683 quarum
1683 3600 1718 3662 in
1746 3602 1856 3683 priore
1884 3601 1948 3666 Dei
1980 3602 2117 3684 gloriam

119 3687 230 3767 pravis
251 3683 447 3753 tentionibus
468 3687 638 3754 obtrusum
662 3688 760 3754 luisse
783 3697 933 3765 testatur,
963 3708 999 3752 se
1019 3687 1092 3752 inre
1143 3689 1286 3755 eelebrat
1308 3685 1415 3754 David
1439 3686 1479 3753 ab
1502 3685 1669 3768 operibus:
1700 3689 1736 3751 in
1768 3688 1871 3752 altera
1899 3702 2010 3752 antem
2035 3688 2118 3750 noti·

119 3770 265 3854 legitimo
287 3791 452 3856 regnasse,
474 3774 608 3855 qniasio
622 3775 691 3839 Deo
712 3775 846 3858 plaouit,
868 3773 907 3839 Id
927 3773 1091 3839 uuotionis
1145 3778 1223 3840 tiam
1245 3776 1375 3859 plenius
1396 3773 1432 3836 in
1456 3771 1555 3837 verbe
1577 3770 1778 3839 relucentem
1799 3772 1972 3856 praedicat.
2003 3772 2117 3852 Quan-

118 3855 269 3941 symbolo
297 3858 432 3943 probat,
460 3859 539 3941 quia
566 3860 667 3939 Deus,
694 3860 858 3926 Samuelis
886 3880 985 3925 mauu
1015 3879 1092 3923 eum
1144 3883 1241 3946 qnam
1255 3859 1683 3925 autemnonnisiooelerum
1697 3861 1853 3937 meminit,
1864 3880 1929 3923 non
1941 3872 2051 3925 tamen
2063 3859 2122 3925 du·

121 3938 284 4023 ungendo,
306 3965 371 4010 uon
394 3965 489 4011 seens
511 3949 562 4010 ins
584 3948 741 4029 regnandi
763 3946 913 4024 asseruit,
943 3965 1040 4028 qnam
1063 3945 1091 4010 si
1144 3949 1233 4014 bium
1243 3949 1376 4029 estqnin
1389 3942 2121 4028 subnobilissimaparte,etouiuseroelleutia

117 4047 218 4094 manu
240 4047 301 4094 sua
322 4030 431 4113 palam
453 4050 471 4093 e
492 4030 581 4096 ooelo
603 4045 735 4098 exserto
764 4034 797 4096 in
828 4032 918 4115 regio
939 4032 1020 4096 solio
1047 4031 1092 4095 lo·
1144 4034 1250 4116 magis
1278 4032 1452 4115 oonspioua
1480 4043 1545 4108 est,
1576 4040 1682 4094 totum
1716 4028 1829 4095 mnndi
1863 4031 2027 4113 opifioinm
2061 4054 2119 4116 per

117 4126 232 4180 oasset.
286 4117 383 4183 Hane
423 4116 612 4181 alentionem
648 4119 803 4185 oontinna
834 4118 976 4183 salutum
1007 4117 1092 4182 serie
1145 4117 1370 4204 synoedoohen
1383 4115 1541 4198 designet
1571 4114 1662 4179 Nihil
1681 4127 1769 4182 oerte
1789 4128 1857 4181 tam
1876 4130 1927 4181 est
1944 4121 2116 4185 obsonrum

118 4197 294 4284 magnifiee
320 4204 419 4268 fuisse
447 4202 605 4268 sanoitam
635 4203 731 4270 dioit:
761 4202 848 4268 unde
870 4204 1027 4286 sequitur,
1050 4225 1091 4266 ex
1147 4204 1200 4269 vel
1221 4202 1465 4287 oontemptibilo
1487 4202 1521 4265 in
1544 4202 1690 4266 minimis
1713 4213 1820 4267 terrae
1842 4205 1981 4288 angulis,
2004 4207 2039 4270 in
2056 4228 2119 4288 qno

118 4285 266 4369 professo
293 4309 369 4354 num
392 4288 464 4353 Deo
493 4287 614 4352 bellare
644 4308 756 4354 omues
780 4288 902 4371 quibus
933 4302 1004 4353 rata
1025 4309 1092 4353 non
1146 4310 1212 4355 non
1233 4288 1341 4371 aliqua
1363 4287 1496 4353 virtutis
1519 4297 1551 4350 et
1572 4289 1752 4372 sapientiae
1764 4289 1827 4353 Dei
1852 4304 1931 4354 nota
1952 4303 2118 4356 oernatur:

118 4385 169 4437 ost
195 4371 266 4436 eius
294 4375 428 4440 voeatis.
474 4374 615 4439 Danaam
644 4376 742 4440 simul
765 4375 921 4442 adseribit
942 4373 1005 4439 Dei
1027 4375 1092 4440 ole·
1145 4375 1201 4440 sed
1224 4377 1300 4458 quia
1322 4374 1420 4441 ooelis
1440 4373 1606 4455 insoulpta
1629 4385 1679 4438 est
1700 4378 1886 4458 expressior
1911 4377 2029 4461 imago,
2060 4377 2121 4441 hos

121 4460 280 4526 montiae:
308 4473 345 4524 ut
369 4460 512 4527 soiamus
537 4461 574 4522 iu
596 4481 686 4525 mero
709 4458 771 4525 Dei
796 4460 994 4542 beneplacito
1016 4461 1092 4523 fun·
1145 4463 1318 4543 praecipue
1348 4461 1456 4527 David
1488 4459 1595 4542 elegit,
1627 4482 1767 4544 quorum
1798 4463 1953 4546 splendor
1987 4485 2045 4528 nos
2078 4462 2119 4526 ad

123 4544 236 4609 datum
258 4548 357 4612 fnisse
379 4545 460 4611 illud
483 4566 629 4629 regnum.
674 4545 745 4610 lam
769 4567 811 4610 ex
833 4545 980 4610 elausula
1003 4566 1093 4627 aper·
1146 4558 1251 4611 totum
1285 4547 1454 4612 mumdum
1488 4546 1696 4610 lustrandum
1728 4548 1893 4631 dirigeret.
1946 4550 2030 4613 Nam
2063 4550 2120 4612 ubi

123 4631 188 4695 tius
220 4645 347 4698 oensmt
377 4631 465 4714 quod
499 4632 589 4714 prius
622 4629 701 4707 dixi,
731 4631 895 4697 Davidem
928 4652 992 4695 non
1025 4645 1092 4696 tam
1146 4634 1218 4714 quis
1240 4653 1282 4696 ex
1304 4632 1384 4697 eoeli
1406 4631 1650 4696 intuituDoum
1673 4634 1853 4717 agnoverit,
1878 4655 1943 4697 non
1965 4636 2061 4699 modo
2084 4636 2118 4700 in

123 4715 276 4786 hismriee
317 4738 451 4783 narrare
482 4717 637 4782 mirifioas
669 4732 702 4780 et
731 4719 838 4782 varias
870 4718 995 4800 gratiae
1028 4716 1092 4781 Dei
1147 4731 1253 4783 terrae
1276 4720 1456 4801 superfioie,
1490 4717 1547 4781 sed
1576 4720 1610 4783 in
1641 4722 1785 4785 minimis
1813 4720 1995 4801 quibusque
2023 4721 2121 4804 plau·

123 4804 246 4884 speeies
268 4824 349 4887 quas
370 4805 405 4868 in
428 4824 463 4868 se
485 4814 640 4885 expertus
658 4815 737 4875 erat.
761 4824 859 4885 quam
877 4803 918 4866 de
935 4814 1093 4885 perpetuo
1146 4804 1224 4868 tulis
1247 4806 1318 4868 eins
1339 4803 1534 4885 sapientiam
1556 4818 1590 4868 et
1607 4806 1764 4870 virtutem
1782 4817 1935 4888 reputare
1953 4817 1986 4870 et
2005 4808 2120 4872 mirari

123 4891 215 4972 regui
236 4900 324 4955 statu
347 4890 530 4954 vaticinari.
575 4888 624 4954 Ao
654 4888 833 4953 notandum
856 4901 920 4954 est:
950 4888 1093 4954 Seminis
1146 4890 1256 4955 disoet.
1289 4890 1400 4954 Primo
1419 4911 1515 4954 versu
1534 4911 1603 4954 rem
1623 4912 1722 4956 unam
1745 4912 1803 4955 sno
1818 4913 1909 4956 more
1928 4891 1977 4956 bis
1991 4898 2120 4974 repetit.

125 4977 253 5041 nomine
276 4996 341 5040 nou
364 4975 525 5057 quoslibet
543 4989 689 5056 posteros
707 4974 855 5058 intelligi,
878 4973 936 5040 sed
953 4976 1092 5057 penalia·
1147 4975 1262 5041 Coelos
1288 4979 1376 5040 euim
1404 4974 1531 5041 indnoit
1563 4989 1717 5057 tanquam
1750 4989 1848 5041 testes
1878 4999 1915 5043 ao
1944 5000 2123 5061 praedones

123 5061 202 5126 riter
223 5063 330 5128 notari
351 5082 568 5127 snooessorem
591 5060 685 5125 illum
703 5059 755 5123 oui
773 5081 808 5124 se
826 5061 894 5125 fore
913 5063 1092 5143 inpetrem
1146 5062 1270 5145 gloriae
1306 5061 1380 5141 Dei,
1418 5083 1588 5145 personam
1628 5073 1736 5126 mutae
1772 5074 1941 5127 oreatnrae
1978 5067 2121 5131 alienam

124 5145 212 5213 Deus
240 5148 403 5231 pollioitus
431 5149 546 5212 iuerat.
591 5145 677 5210 Nam
699 5166 799 5227 qnnm
822 5147 988 5227 praedieta
1008 5156 1094 5213 esset

125 5235 217 5317 regni
239 5232 409 5311 stabilitae,
437 5231 593 5316 quamdiu
621 5231 668 5297 sol
699 5242 732 5295 et
759 5230 840 5296 luna
861 5233 897 5297 ln
918 5234 1008 5299 00010
1030 5234 1093 5298 lul·
1233 5249 1261 5317 ⁸)
1277 5249 1435 5314 l'estondne,
1457 5266 1490 5304 ea
1504 5265 1610 5319 merge:
1628 5266 1663 5304 on
1681 5250 1795 5304 l’entour
1813 5251 1849 5303 du
1867 5253 1918 5306 oiel
1937 5260 1966 5307 ot
1983 5255 2017 5309 de
2035 5255 2101 5312 l’air.

227 5334 343 5391 omos
357 5350 453 5404 epea.
472 5333 533 5390 aa.
548 5333 668 5390 xxxi.
1884 5340 1918 5394 1e
