4658 5856
211 355 273 423 547
1043 345 1260 415 PSALMUS
1284 344 1376 410 LVI.
2139 345 2203 410 548

299 542 326 608 1.
360 538 528 623 Praefecto
567 559 661 623 saper
699 536 840 605 colomba
873 541 959 602 maia
990 537 1026 601 ia
1058 535 1182 600 recretis
1234 533 1350 599 ultima
1380 535 1556 599 nenessitas
1577 532 1672 599 fidem
1696 534 1921 617 auxiliumque
1942 544 2035 598 tnum
2058 534 2202 618 flagitat:

212 627 351 695 Doridis
380 626 542 708 Mictbam,
572 645 668 708 qaam
695 622 966 706 apprehendissent
987 641 1056 687 eam
1079 619 1183 685 Phili-
1234 625 1311 703 qaia
1340 618 1381 684 ad
1412 641 1464 684 me
1492 618 1675 684 vorandam
1704 629 1791 685 totus
1813 619 1956 686 mundus
1977 619 2095 699 inhiat,
2126 640 2202 684 nam
2257 648 2263 671 ·

212 714 287 779 atini
309 713 344 778 io
368 712 451 779 Gad.
1233 706 1344 772 statim
1374 705 1493 788 plurali
1521 726 1658 770 numero
1686 705 1822 771 eandem
1853 706 2049 771 sententiam
2073 707 2202 789 repetit.

1233 791 1400 859 Particnla
1421 791 1557 873 quotidie
1574 789 1668 857 Sauli
1691 793 1823 874 eiusque
1845 792 1976 858 factioni
1998 791 2104 874 magis
2126 811 2202 856 con·

298 884 327 948 1.
359 882 508 950 Historia
539 880 631 948 cuins
662 879 812 945 meminit
843 878 1009 961 inscriptio
1043 876 1181 943 habetur
1232 876 1331 943 venit.
1383 876 1556 943 Caeterum
1588 877 1753 942 miseriam
1783 898 1876 943 suam
1906 877 2051 960 deplorat
2081 875 2203 953 David,

213 970 322 1054 priore
345 969 427 1034 libro
446 966 617 1046 Samuelis,
642 967 748 1049 eapite
772 966 923 1031 vicesimo
946 963 1061 1047 primo.
1095 962 1181 1027 Nam
1234 963 1312 1046 quia
1332 983 1451 1047 magna
1475 972 1507 1028 et
1529 963 1652 1046 potenti
1675 963 1818 1027 hostium
1842 961 2052 1027 multitudine
2075 982 2203 1045 prema·

213 1076 315 1139 quum
345 1054 434 1119 nulla
467 1055 531 1117 iam
561 1052 595 1118 in
623 1051 758 1119 latebris
788 1050 937 1115 omnibus
966 1051 1056 1131 quies
1085 1058 1182 1128 esset,
1235 1059 1302 1126 tur,
1332 1059 1363 1113 et
1391 1060 1597 1132 oppugnetur
1625 1069 1753 1113 summa
1782 1046 1983 1115 crudelitate.
2035 1048 2132 1129 Quod
2161 1047 2203 1113 ad

213 1151 344 1207 coaetus
367 1148 415 1205 est
438 1137 570 1204 tandem
592 1138 705 1222 fugere
728 1136 769 1200 ad
793 1156 904 1219 regem
925 1134 1037 1200 Achis.
1070 1133 1182 1214 Quan-
1234 1134 1333 1200 verba
1354 1145 1487 1217 spectat,
1517 1133 1648 1218 quidam
1680 1147 1769 1245 egem
1808 1144 1975 1217 exponunt
2017 1134 2202 1216 Respicere,

213 1246 312 1310 quam
339 1226 393 1291 hio
414 1246 448 1291 se
471 1222 548 1290 dicit
569 1222 671 1289 insse
692 1221 963 1305 comprehensum
988 1220 1024 1284 in
1047 1221 1181 1285 itinere:
1234 1220 1291 1285 sed
1314 1241 1379 1285 nan
1403 1219 1514 1286 dubito
1537 1220 1679 1303 eleganti
1695 1220 1885 1304 metaphora
1900 1220 2040 1302 exprimi
2054 1219 2202 1302 inexple-

214 1324 247 1378 et
275 1333 316 1377 ex
345 1331 437 1377 saera
465 1309 601 1375 historia
629 1308 716 1374 idem
739 1308 890 1392 colligere
913 1306 997 1385 licet,
1026 1306 1081 1371 ubi
1103 1305 1182 1369 dieit-
1234 1305 1332 1370 bilem
1361 1305 1452 1372 illam
1482 1306 1603 1371 rabiem
1633 1305 1762 1388 quaed
1785 1304 2129 1390 eumdeglutiendnm
2152 1327 2203 1369 ar·

213 1397 327 1464 Achis:
349 1396 434 1462 ane
456 1393 583 1460 vidistis
605 1395 770 1460 hominem
793 1393 954 1470 insanum,
975 1402 1012 1456 ut
1033 1389 1109 1474 quid
1131 1391 1180 1453 in·
1234 1391 1356 1457 debant
1377 1391 1497 1457 hostes.
1531 1389 1674 1457 Verbum
1697 1392 1796 1457 etiam
1814 1369 1896 1477 ons
1917 1389 2003 1474 quad
2027 1402 2100 1475 post
2122 1391 2204 1456 alios

214 1481 407 1548 traduxistis
433 1500 508 1545 eam
538 1479 580 1546 ad
608 1479 680 1545 me?
726 1479 771 1543 Et
800 1476 965 1561 probabile
995 1487 1054 1555 est,
1082 1476 1182 1540 inisse
1234 1476 1361 1543 reddidi
1398 1499 1456 1560 per
1496 1475 1631 1542 verbum
1669 1498 1874 1561 oppugnare,
1913 1477 2011 1541 etiam
2043 1476 2205 1542 Hebraeis

214 1575 401 1650 suspectam
429 1586 465 1631 ao
496 1567 524 1633 si
547 1575 632 1631 esset
653 1562 809 1648 proditor,
839 1562 891 1628 vel
913 1561 1035 1646 aliquid
1059 1561 1181 1627 machi·
1234 1562 1402 1629 comedere
1416 1563 1587 1646 significat,
1606 1564 1653 1628 ita
1668 1572 1754 1630 esset
1768 1563 1969 1629 continuatio
1984 1563 2203 1646 metaphorae.

213 1662 357 1720 naretar.
412 1652 485 1717 Etsi
524 1662 632 1716 autem
667 1651 781 1715 mortis
815 1648 989 1715 discrimen
1022 1648 1182 1713 stultitiae
1235 1648 1301 1716 Sed
1332 1649 1407 1731 qnia
1429 1649 1577 1731 pluribus
1599 1649 1677 1714 locis
1700 1651 1806 1731 priore
1827 1669 1925 1714 sensu
1948 1648 2085 1729 capitur,
2115 1648 2204 1713 nolui

214 1737 471 1805 dissimulatione
502 1737 626 1822 effugit,
655 1736 708 1801 hic
730 1750 838 1801 tamen
863 1735 941 1799 satis
965 1733 1117 1811 declarat,
1147 1753 1182 1797 se
1234 1743 1363 1800 mutare
1395 1735 1480 1817 quod
1513 1734 1617 1818 magis
1646 1745 1811 1818 receptum
1841 1745 1921 1800 erat.
1971 1733 2045 1800 Hoc
2067 1744 2204 1803 ,tantum

213 1824 391 1909 composita
423 1832 533 1889 mente
565 1830 750 1891 constanter
782 1823 950 1886 invocasse
982 1818 1107 1896 Deum,
1147 1827 1182 1882 nt
1234 1819 1378 1886 breviter
1410 1820 1588 1903 attingam,
1629 1821 1714 1885 male
1745 1841 1877 1886 sensum
1910 1839 2117 1902 corrumpere
2150 1821 2204 1903 qui

213 1910 294 1977 fides
335 1909 396 1974 sab
429 1908 487 1974 illa
519 1908 713 1973 infirmitate
744 1907 869 1972 occulta
902 1906 1054 1975 virtutem
1088 1924 1182 1969 suam
1235 1905 1377 1972 seeundo
1398 1905 1467 1971 loco
1490 1915 1633 1984 vertunt,
1662 1905 1762 1970 Multi
1787 1918 1972 1991 pugnantes
1994 1926 2137 1971 mecum:
2167 1926 2205 1970 ac

211 2015 320 2063 coram
351 1994 424 2059 Deo
451 2003 625 2059 exsereret.
669 1992 744 2057 Non
773 1992 837 2057 fnit
859 1992 961 2075 igitur
983 1990 1058 2055 talis
1080 1988 1183 2055 animi
1234 1993 1264 2056 si
1293 1990 1423 2068 diceret,
1456 1991 1603 2075 Angelos
1632 1991 1694 2057 sibi
1716 2013 1787 2058 esse
1815 1988 1975 2057 subsidio:
2006 1989 2206 2074 abrumpant

212 2081 412 2164 perturbatio
441 2100 524 2162 quae
546 2100 622 2144 eum
644 2078 684 2142 ad
708 2077 822 2144 illicita
843 2076 950 2141 media
972 2076 1183 2159 praeeipitem
1235 2077 1322 2144 enim
1345 2077 1590 2160 querimoniam,
1612 2097 1695 2159 quae
1717 2077 1872 2142 continua
1894 2087 1944 2142 est
1963 2086 2031 2142 toto
2055 2097 2162 2142 versu

212 2178 341 2251 ageret:
371 2163 427 2231 sed
457 2167 490 2229 in
514 2185 549 2230 re
571 2163 742 2246 desperata
764 2170 908 2228 astutum
930 2161 1101 2228 eonsilium
1124 2182 1182 2226 ex·
1320 2163 1351 2227 4.
1373 2161 1456 2248 (Quo
1476 2163 1528 2228 die
1548 2163 1662 2245 danai.)
1696 2161 1807 2229 Verba
1825 2173 1903 2228 sunt
1920 2162 2021 2227 futuri
2039 2163 2204 2246 temporis,

213 2253 355 2336 negitare
384 2252 490 2334 coegit
522 2271 595 2317 eum
628 2260 745 2332 metus,
778 2258 816 2314 nt
844 2248 932 2314 vitae
965 2268 1043 2312 snae
1075 2247 1183 2329 potius
1235 2246 1293 2315 sed
1321 2270 1404 2331 quae
1432 2248 1465 2313 in
1488 2249 1699 2330 praeteritum
1721 2248 1841 2314 resolvi
1863 2248 1989 2313 debent.
2034 2247 2205 2315 Confessio

212 2358 309 2422 quam
349 2336 502 2421 dignitati
540 2335 733 2402 consuleret.
789 2334 884 2415 Quod
924 2341 1034 2398 autem
1074 2333 1182 2397 minus
1235 2343 1345 2399 antem
1361 2333 1563 2399 infirmitatis
1577 2334 1676 2399 est-in
1693 2336 1824 2399 timore:
1842 2333 1897 2399 sed
1913 2354 1987 2399 cnm
2003 2334 2204 2417 exceptione,

212 2424 330 2489 enituit
356 2423 427 2488 eius
450 2421 701 2505 magnanimitas
723 2418 809 2502 apud
832 2419 988 2496 homines,
1018 2439 1056 2483 eo
1077 2418 1183 2499 magis
1236 2418 1321 2502 quod
1351 2427 1460 2485 umen
1490 2437 1555 2484 non
1585 2419 1793 2486 succubuerit
1821 2420 1940 2484 timori.
1985 2418 2205 2499 Quantumvis

212 2519 346 2576 suenus
367 2527 442 2573 oum
463 2508 567 2573 caecis
589 2507 762 2572 timoribus
784 2507 874 2570 intus
896 2505 1020 2569 luctata
1041 2513 1090 2569 est
1113 2505 1183 2568 eins
1235 2506 1324 2571 enim
1359 2515 1517 2589 angerent
1549 2526 1623 2571 eum
1654 2505 1813 2588 pericula,
1846 2515 1944 2589 negat
1977 2517 2087 2569 tamen
2114 2526 2204 2588 spem

212 2594 304 2672 fides,
326 2594 422 2660 sicuti
445 2614 486 2657 ex
507 2593 641 2658 Psalmo
664 2602 810 2675 apparet.
854 2588 951 2669 Quod
973 2597 1083 2655 autem
1106 2588 1184 2653 dicit
1236 2591 1297 2657 sibi
1331 2591 1431 2656 luisse
1460 2610 1641 2657 excussam.
1691 2590 1767 2655 Non
1800 2593 1899 2657 iactat
1931 2611 2009 2674 ergo
2041 2589 2205 2656 heroicam

212 2700 310 2761 super
326 2678 465 2745 colomba
482 2682 580 2757 meria,
597 2676 729 2759 quidam
749 2675 878 2741 initiam
896 2673 1184 2740 tritaeoantilenae
1236 2677 1337 2742 animi
1368 2676 1583 2754 altitudinem,
1614 2698 1678 2759 qua
1699 2696 1811 2742 secare
1833 2677 2069 2760 contempserit
2089 2697 2203 2741 omnes

213 2765 312 2830 fuisse
340 2772 468 2849 putant.
513 2761 597 2828 Aliis
626 2762 742 2846 placet,
770 2759 934 2825 Davidem
963 2759 1183 2842 metaphorice
1236 2783 1341 2841 casus,
1363 2760 1421 2827 sed
1442 2761 1609 2827 confessus
1630 2759 1670 2826 de
1692 2784 1749 2828 suo
1772 2772 1872 2840 metu,
1894 2782 1929 2826 se
1950 2772 2058 2826 tamen
2076 2782 2205 2845 semper

214 2850 324 2916 vocari
352 2849 543 2927 columbam,
574 2861 607 2913 et
634 2855 724 2915 certe
752 2856 945 2931 argumento
969 2846 1089 2929 optime
1112 2864 1185 2910 aon·
1236 2850 1271 2913 in
1293 2867 1351 2931 spe
1374 2848 1497 2931 gratiae
1517 2848 1578 2911 Dei
1601 2868 1826 2931 perseverasse
1848 2847 1935 2912 dicit.
1968 2847 2014 2912 Et
2033 2858 2121 2913 certe
2143 2847 2205 2912 hoe

214 2936 306 3002 venit
338 2934 399 3000 hoc
432 2933 610 3018 epitheton.
664 2926 790 2998 Eodem
823 2933 920 2997 etiam
953 2932 1110 3014 pertinet,
1149 2931 1185 2994 ira
1237 2955 1352 3001 veram
1374 2943 1424 2998 est
1444 2931 1522 2997 fidei
1544 2944 1674 2998 nostrae
1696 2954 1844 3011 examen,
1866 2933 1921 2999 ubi
1943 2953 2003 2999 nos
2024 2953 2084 3017 pro
2107 2954 2206 2998 sensa

213 3022 354 3087 recretis:
393 3021 468 3103 quia
501 3019 642 3084 hostium
676 3018 786 3083 furore
820 3017 932 3100 pulsus
964 3018 998 3083 in
1033 3016 1184 3082 hostilem
1237 3020 1360 3095 carnis,
1395 3020 1527 3084 timores
1560 3019 1749 3098 sollicitant,
1786 3040 1851 3084 non
1885 3029 1994 3083 tamen
2027 3018 2206 3084 exturbant

214 3118 345 3187 terram,
373 3107 490 3172 marito
519 3112 716 3186 conquestus
744 3111 803 3182 est,
834 3123 867 3168 se
897 3102 1009 3185 procul
1039 3101 1185 3168 velutin
1238 3105 1363 3170 animos
1394 3114 1522 3170 nostros
1552 3124 1570 3168 e
1599 3104 1712 3188 gradu.
1756 3102 1921 3169 Videntur
1949 3104 2079 3187 quidem
2109 3106 2207 3169 timor

215 3191 343 3259 deserta
364 3193 434 3258 loca
457 3192 594 3257 eiectum
617 3209 697 3255 esse.
739 3189 825 3255 Nam
848 3189 931 3271 qaod
954 3189 1009 3254 alii
1025 3188 1185 3270 palatium
1238 3203 1271 3257 et
1299 3212 1374 3274 spes
1403 3190 1509 3275 magis
1536 3211 1607 3255 esse
1634 3190 1789 3256 contrarii
1819 3191 1963 3269 affectus,
1993 3210 2091 3273 qnam
2114 3200 2151 3255 ut
2172 3192 2206 3253 in

214 3287 347 3344 vertunt
367 3287 514 3344 coactam
533 3287 590 3341 est.
625 3274 678 3340 De
697 3295 776 3342 voce
795 3275 948 3340 Mintham
967 3272 1043 3340 alibi
1061 3274 1184 3339 dictum
1238 3276 1351 3342 eodem
1373 3275 1470 3342 corde
1488 3275 1650 3341 habitent:
1672 3276 1728 3342 sed
1747 3277 1948 3360 experientia
1966 3275 2109 3341 ostendit
2131 3297 2206 3340 vere

215 3363 287 3428 fnit.
337 3363 534 3446 Quanquam
564 3371 673 3426 autem
701 3360 784 3425 nihil
812 3381 937 3440 assero,
968 3359 1024 3426 ubi
1052 3360 1185 3425 hebraei
1238 3364 1369 3428 demum
1388 3360 1453 3428 illic
1472 3382 1562 3444 spem
1580 3382 1719 3446 regnare
1737 3363 1791 3427 ubi
1810 3372 1935 3444 partem
1952 3360 2058 3426 cordis
2071 3373 2208 3445 occupat

217 3469 341 3531 quoque
370 3451 563 3531 interpretes
592 3447 678 3510 inter
706 3466 741 3512 se
771 3444 986 3513 dissentiunt:
1021 3443 1186 3528 probabile
1238 3449 1346 3514 timor.
1402 3447 1517 3529 Neque
1549 3448 1637 3512 enim
1669 3448 1845 3530 tranquillo
1879 3446 1978 3511 animi
2013 3457 2100 3511 statu
2132 3467 2207 3528 spes

217 3544 325 3599 tamen
355 3533 496 3612 videtur,
525 3542 563 3595 ut
589 3541 668 3597 tunc
697 3531 774 3607 dixi,
804 3532 943 3614 speciem
966 3532 1067 3597 luisse
1088 3532 1187 3595 melo·
1239 3543 1419 3612 exercetur,
1442 3534 1507 3598 imo
1530 3535 1620 3616 qnasi
1643 3533 1748 3615 sopita
1766 3544 1830 3598 est:
1853 3532 1909 3598 ssd
1928 3532 1994 3595 vim
2013 3550 2107 3597 suam
2127 3544 2208 3596 tuno

219 3618 299 3697 diae,
322 3617 375 3682 vel
397 3618 556 3683 musicum
578 3617 843 3682 instrumentum.
1239 3620 1371 3685 demum
1400 3620 1521 3684 exserit
1550 3617 1606 3683 nbi
1635 3622 1781 3683 animum
1809 3619 1898 3683 curis
1920 3617 2078 3683 deiectum
2102 3619 2209 3701 erigit,

1239 3703 1444 3790 aegritudine
1477 3705 1644 3770 turbatam
1677 3704 1786 3782 sedat,
1817 3701 1989 3768 formidine
2022 3706 2207 3786 perculsum

304 3789 335 3852 2.
357 3785 510 3852 Miserere
538 3788 599 3852 mei
628 3786 727 3867 Deus,
757 3788 832 3869 quia
860 3788 985 3855 devorat
1011 3807 1059 3851 me
1087 3785 1187 3870 leno,
1240 3791 1379 3856 sustinet
1406 3811 1444 3856 ac
1468 3791 1569 3857 fulcit.
1613 3790 1663 3856 Aa
1685 3789 1819 3874 proinde
1841 3788 1922 3853 haee
1943 3789 2028 3855 seria
2050 3789 2112 3854 luit
2134 3809 2208 3874 pro·

220 3874 355 3955 quotidie
385 3871 605 3957 oppaqraas*)
634 3878 767 3940 coarctat
795 3893 851 3938 me.
895 3873 925 3939 3.
948 3871 1108 3940 Devorasti
1126 3873 1187 3938 irai·
1239 3876 1327 3941 batia
1356 3875 1431 3941 fidei
1460 3876 1496 3941 in
1525 3875 1668 3955 Davide,
1700 3874 1784 3959 qnod
1810 3884 1960 3940 metuens
1988 3895 2055 3939 non
2084 3875 2209 3942 destitit

220 3960 294 4025 mici
308 3959 451 4040 quotidie,
462 3963 539 4025 certe
552 3956 700 4046 martir)
714 3959 757 4025 ad
771 3958 989 4024 coarctandum
1004 3979 1051 4024 me
1065 3959 1187 4024 excelse.
1240 3982 1370 4045 sperare
1390 3962 1424 4027 in
1442 3962 1602 4027 Domino:
1626 3982 1663 4027 ac
1685 3961 1818 4044 periculi
1835 3958 2061 4043 magnitudine
2079 3962 2207 4036 anxius,

221 4044 251 4108 4.
284 4044 349 4124 Quo
381 4044 430 4108 die
456 4044 566 4123 timui,
599 4064 654 4127 epo
686 4047 722 4111 ira
750 4049 778 4110 te
805 4047 939 4128 operam
988 4045 1018 4109 5.
1049 4042 1092 4108 In
1120 4044 1189 4111 Deo
1240 4047 1386 4112 animum
1419 4058 1526 4111 tamen
1559 4047 1704 4130 collegit,
1743 4045 1828 4129 quod
1860 4047 1967 4112 Deam
2001 4044 2207 4113 liberatorem

221 4128 354 4195 laudabo
385 4128 509 4192 rabam
542 4131 624 4193 eius:
658 4130 693 4195 ia
725 4128 793 4195 Deo
824 4131 960 4211 speravi,
993 4149 1054 4210 raon
1080 4130 1189 4196 timebo
1241 4134 1309 4197 fore
1330 4131 1517 4198 confideret.

220 4214 297 4298 quid
317 4214 415 4297 t'aer'at
437 4214 618 4280 caremihi.
1326 4219 1356 4284 5.
1379 4216 1437 4303 (Io
1463 4217 1530 4284 Deo
1556 4216 1712 4303 badam)
1754 4219 1828 4284 Hoc
1850 4238 1947 4282 versa
1970 4218 2158 4283 animums
2198 4254 2211 4267 ·

1241 4303 1344 4368 rando
1372 4305 1434 4368 sibi
1458 4302 1599 4369 crevisse
1621 4301 1732 4368 docet:
1761 4303 1847 4387 qnod
1868 4302 1950 4367 solet
1971 4303 2124 4369 omnibus
2180 4304 2208 4368 ei

305 4385 334 4450 2.
358 4383 524 4469 (Miserere
545 4382 631 4467 mei.)
674 4383 842 4450 Incertum
868 4394 919 4449 est
938 4384 980 4450 de
1002 4388 1188 4453 externisne
1240 4390 1344 4455 servis
1372 4386 1525 4456 accidere.
1570 4387 1654 4452 Nam
1677 4391 1738 4455 etsi
1759 4408 1856 4475 aegre
1880 4392 1914 4452 in
1936 4409 1993 4471 spe
2015 4389 2109 4454 initio
2131 4409 2208 4456 oon·

220 4470 376 4545 hostibus,
406 4489 448 4533 an
478 4468 665 4534 domesticis
694 4468 854 4552 loquatur.
900 4470 996 4536 Oerte
1025 4493 1124 4554 quum
1146 4471 1187 4536 ad
1240 4476 1373 4551 sistunt,
1404 4474 1470 4538 imo
1502 4493 1567 4537 non
1598 4473 1667 4538 sine
1697 4474 1799 4540 arduo
1828 4475 2005 4542 certamine
2035 4475 2207 4540 timoribus

221 4577 330 4642 regem
354 4554 456 4620 Achis
486 4553 644 4618 deductus
672 4566 766 4631 esset,
797 4557 888 4637 quasi
910 4557 1004 4623 unica
1025 4568 1094 4622 erat
1117 4560 1187 4624 ovis
1240 4561 1385 4642 oppressi
1414 4559 1449 4622 in
1479 4579 1569 4640 spem
1598 4575 1790 4644 assurgunt:
1824 4559 1957 4625 nitendo
1984 4571 2097 4625 tamen
2117 4560 2206 4626 vires

220 4646 306 4708 inter
328 4639 411 4706 duas
431 4641 582 4723 luporum
606 4647 745 4704 turmas:
771 4661 871 4723 quum
894 4653 978 4707 esset
1001 4643 1186 4708 Philistinis
1240 4646 1398 4729 colligunt
1429 4643 1469 4709 ad
1503 4645 1750 4728 emergendum,
1788 4645 1890 4712 donec
1922 4647 2045 4711 maiore
2077 4647 2207 4725 fiducia,

221 4727 401 4811 capitaliter
440 4746 575 4804 exosus,
614 4744 673 4791 nec
713 4726 821 4791 minus
860 4730 1011 4792 atrociter
1042 4729 1077 4792 in
1111 4750 1187 4793 eum
1239 4739 1395 4814 tanquam
1428 4728 1554 4794 strenui
1584 4729 1725 4796 athletae
1757 4731 1798 4796 ad
1830 4732 1972 4797 insultus
2006 4731 2207 4815 repellendos

222 4815 388 4878 saevirent
407 4811 565 4876 Gentiles.
595 4810 699 4875 Porro
714 4810 866 4875 laomirtem
880 4814 1039 4896 singulari
1051 4835 1187 4879 numero
1241 4835 1448 4899 progressum
1478 4815 1607 4879 faciant.
1650 4816 1754 4882 Porro
1784 4816 1916 4882 laudm
1938 4817 2131 4882 tantundem
2154 4817 2206 4883 hic

223 4899 346 4971 dicens,
366 4896 536 4961 indefinite
554 4897 767 4979 conqueritur
784 4916 819 4961 se
837 4897 918 4961 nihil
936 4900 1023 4964 inter
1041 4900 1188 4964 homines
1240 4901 1329 4966 valet
1358 4920 1394 4964 aa
1423 4899 1570 4982 gloriari:
1600 4922 1637 4966 aa
1667 4907 1693 4966 si
1719 4901 1850 4984 diceret,
1877 4925 1912 4968 se
1934 4905 2067 4970 victrice
2088 4903 2206 4970 fiducia

222 4982 436 5049 humanitatis
464 4983 624 5064 reperire:
659 5004 696 5048 ac
726 4982 754 5048 si
783 4981 919 5062 diceret,
952 4984 1092 5049 Domine
1122 4986 1187 5049 iam
1239 4987 1433 5051 instructum
1463 4985 1528 5049 iam
1558 5000 1646 5051 certa
1679 5009 1736 5071 spe
1766 4988 1942 5053 exsultare.
1986 4989 2098 5056 Huius
2129 5009 2206 5054 vero

226 5124 241 5131 -
261 5124 422 5131 ....,-
1240 5071 1383 5135 laetitiae
1400 5071 1570 5136 materiam
1588 5073 1704 5137 statuit
1722 5075 1754 5137 in
1773 5072 1836 5138 Dei
1857 5073 1966 5151 verbo,
1988 5074 2206 5151 subindicam,

311 5188 338 5253 a)
355 5187 533 5266 mmmm,
551 5199 585 5239 „,
602 5202 708 5255 mm„
726 5205 760 5240 on
779 5195 929 5267 mangeant.
1240 5165 1404 5253 utcunque
1438 5155 1539 5255 videri
1574 5159 1676 5239 possit
1708 5159 1748 5223 ab
1781 5178 1819 5223 eo
1853 5158 2016 5239 desertus,
2048 5170 2081 5225 et
2113 5163 2205 5260 quasi

294 5256 338 5324 ”l
356 5256 498 5324 plusieurs,
515 5268 550 5308 ea
566 5269 676 5323 mnae.-
694 5273 729 5310 on
747 5256 796 5309 des
812 5271 935 5325 pausans
954 5261 981 5309 et
998 5257 1130 5310 robustea.
1240 5239 1402 5323 proditus,
1437 5242 1498 5306 sabi
1531 5252 1640 5309 tamen
1670 5243 1767 5309 fidem
1796 5244 1905 5311 datam
1935 5247 2099 5325 sufficere,
2132 5265 2206 5330 qma
