4672 5864
19 4410 226 4465 mutem
262 4397 477 4482 interrogatio
511 4406 624 4462 notare
656 4416 766 4461 eorum
802 4394 999 4477 paucitatem
1032 4391 1088 4473 qui

117 355 179 422 aci
207 434 214 449 ⁶

117 543 225 611 David
247 563 346 625 quam
368 541 547 609 liberaliter
574 543 743 625 promittat
764 542 857 608 Deus
879 539 1089 607 custodienti·

119 633 177 697 bus
200 639 329 712 paetum
352 648 459 709 suum,
489 628 644 710 quidquid
674 627 715 693 ad
737 628 866 693 beatam
889 627 992 692 vitam
1015 645 1089 709 per·

118 719 215 782 tinet:
246 714 323 798 quia
352 724 461 779 tamen
488 713 586 779 simul
609 712 697 779 videt
725 734 823 795 quam
845 712 960 796 procul
980 712 1089 777 adhuc

117 827 136 869 a
166 798 311 885 perfeota
330 798 412 884 legis
433 800 560 864 iustitia
581 798 673 880 absit,
703 820 767 863 non
797 797 946 881 subsistit
976 799 1009 863 in
1032 797 1089 862 illa

115 888 243 963 fiducia,
277 883 336 949 sed
364 884 476 949 multis
506 885 644 963 delictis,
676 905 814 966 quorum
849 882 911 949 sibi
939 885 1088 949 conscius

115 986 175 1052 est,
203 970 385 1038 remedium
407 970 543 1053 quaerit,
572 970 629 1049 ita,
662 979 700 1035 ιιι
722 970 813 1035 Deus
843 988 902 1034 nos
924 968 1088 1034 inservis

115 1060 183 1127 suis
205 1066 345 1141 reputet,
367 1076 497 1139 semper
518 1055 684 1140 rogandus
702 1069 751 1121 est
768 1064 806 1120 ut
823 1067 962 1137 paterna
979 1054 1087 1119 indul·

117 1144 231 1232 gentia
260 1141 468 1206 infirmitates
497 1151 629 1207 nostras
657 1139 791 1207 toleret:
822 1139 899 1222 quia
920 1141 990 1205 sine
1012 1160 1087 1223 gra·

116 1230 200 1297 tuita
219 1227 408 1294 remissione
425 1239 632 1309 peecatorum
651 1226 744 1291 nulla
761 1247 895 1310 eperum
916 1224 1087 1290 retributio

116 1312 278 1400 speranda
299 1325 359 1377 est.
382 1311 558 1378 Caeterum
576 1332 640 1395 que
658 1312 781 1378 certius
800 1312 964 1394 exprimat
982 1318 1086 1376 totum

114 1426 149 1469 se
172 1419 303 1467 amera
324 1397 387 1462 Dei
410 1399 515 1482 gratia
536 1397 688 1481 pendere,
711 1396 831 1462 diserte
853 1396 961 1479 ponit:
983 1396 1087 1479 Prop-

115 1502 165 1554 ter
189 1506 311 1552 nomen
334 1496 439 1564 tuum,
469 1483 661 1567 significans
683 1482 792 1547 Deum
821 1483 949 1567 quoties
978 1482 1087 1566 ignos-

115 1575 160 1640 oit
189 1572 269 1652 suis,
305 1590 371 1634 non
401 1569 534 1634 aliunde
564 1590 693 1635 eausam
719 1589 850 1634 sumere
879 1588 975 1650 quam
1005 1588 1025 1632 a
1052 1588 1087 1633 se

113 1660 199 1743 ipso:
228 1655 325 1723 sicuti
346 1654 444 1737 paulo
467 1666 544 1720 ante
567 1654 652 1719 dixit
674 1654 788 1720 eodem
810 1674 924 1720 sensu:
946 1654 1087 1735 Propter

115 1744 294 1810 bonitatem
318 1750 418 1805 tuam.
463 1740 670 1823 Quamquam
694 1741 766 1822 ipsa
787 1738 903 1824 culpae
924 1739 1087 1823 magnitu-

114 1832 190 1896 dine
211 1817 341 1895 ooao'tus
362 1825 424 1893 luit
445 1827 485 1890 ad
504 1824 746 1909 implorandum
764 1825 829 1891 Dei
850 1844 987 1891 nomen:
1009 1824 1088 1906 quia

46 1934 51 1941 ’
113 1937 191 1981 mox
211 1913 359 1996 sequitur
380 1912 550 1991 confessio,
580 1910 667 1994 quod
696 1932 817 1995 magna
846 1911 890 1975 sit
912 1910 964 1975 vel
982 1909 1086 1975 multa

113 2000 271 2085 iniquitas
292 1997 442 2083 (utroque
471 1998 559 2064 enim
589 1997 685 2063 modo
714 1996 798 2063 verti
827 2005 936 2079 petest
964 2015 1085 2061 nomen

113 2085 183 2174 27)
203 2107 242 2153 ae
264 2085 293 2151 si
315 2083 466 2150 dixisset:
500 2083 624 2168 Magno
654 2081 785 2165 quidem
816 2101 916 2148 onere
938 2102 992 2146 me
1012 2101 1085 2162 pre·

113 2182 211 2239 munt
232 2179 376 2255 peecata,
398 2180 437 2234 ut
457 2170 530 2253 ipsa
546 2166 737 2252 magnitudo
755 2169 808 2234 vel
887 2166 974 2232 vitas
991 2186 1084 2248 spem

114 2261 229 2325 veniae
257 2255 445 2341 praecidere
473 2252 556 2319 mihi
578 2263 695 2337 queat:
725 2253 783 2319 sed
812 2254 918 2336 puris
946 2261 996 2318 est
1023 2251 1085 2315 im·

114 2364 228 2410 mensa
255 2343 303 2408 tui
333 2340 477 2407 nominis
507 2339 621 2423 gloria,
657 2339 811 2419 Domine,
839 2358 937 2427 quam
968 2344 1006 2402 ιιι
1032 2358 1084 2402 me

113 2428 275 2513 repudies.

199 2599 251 2666 12.
279 2598 359 2680 Quis
386 2601 431 2663 est
457 2597 509 2663 cir
536 2598 647 2663 timeus
676 2594 853 2664 Iebooom?
880 2594 995 2663 docebit
1015 2615 1086 2660 eum

115 2687 149 2752 ic
168 2686 225 2752 eia
246 2704 343 2768 φιαοι
360 2683 466 2767 eligat.
512 2683 562 2749 13.
584 2683 706 2750 Anima
733 2683 804 2749 eius
831 2682 868 2746 ic
888 2681 964 2748 boae
981 2700 1085 2747 mora·

115 2770 206 2849 bitum
240 2775 269 2836 et
299 2789 401 2836 secun
434 2771 504 2835 aas
535 2769 725 2836 Meditata
752 2766 927 2850 possidebit
958 2772 1086 2833 terrum⁸

116 2858 163 2923 14.
196 2852 408 2939 muscas)
439 2854 573 2921 Iebcoce
600 2854 781 2921 timentibus
807 2874 887 2937 mm,
919 2857 954 2918 ut
979 2857 1087 2918 cotum

114 2943 212 3024 [οοίοι
234 2941 303 3007 iilis
322 2942 433 3022 foedus
460 2960 564 3020 saum
611 2941 661 3006 15.
693 2940 784 3007 Oeaii
811 2938 873 3004 me
900 2959 1023 3021 semper
1042 2937 1087 3004 ad

116 3029 274 3111 laborem
295 3027 373 3108 quic
393 3028 462 3108 epse
482 3027 585 3094 educi
606 3048 623 3091 e
642 3027 701 3091 reti
716 3027 814 3107 pedes
834 3044 926 3090 meos.

199 3199 252 3264 12.
274 3197 372 3284 (Quis
391 3205 437 3264 est
454 3199 513 3277 vir,
536 3195 604 3284 etc.)
623 3197 751 3263 Iterum
768 3216 880 3262 secum
897 3193 1087 3259 meditando

106 3286 241 3368 qualem
264 3305 299 3350 se
321 3284 412 3350 Deus
434 3285 538 3348 servis
560 3285 628 3347 suis
650 3280 812 3357 exhibeat,
841 3300 963 3345 novum
992 3279 1085 3362 vige·

100 3389 181 3439 rem
203 3369 339 3453 colligit.
385 3369 540 3434 Diximus
563 3369 660 3446 enim,
689 3368 771 3431 nihil
795 3367 898 3448 magis
920 3384 990 3430 esse
1013 3384 1085 3446 pre-

96 3460 196 3526 clive
229 3477 329 3539 quam
362 3467 398 3520 ut
429 3457 599 3520 flaoeeseat
636 3453 791 3536 precandi
832 3450 981 3532 attentio,
1020 3449 1085 3514 nisi

80 3541 363 3620 promissionum
386 3541 451 3606 Dei
481 3539 662 3605 recordatio
684 3560 756 3604 eam
778 3546 948 3604 sustentet.
993 3534 1085 3600 Inte·

79 3646 166 3696 rea
189 3628 326 3694 dubium
348 3648 414 3692 uon
437 3637 487 3691 est
509 3626 590 3709 quin
612 3647 648 3691 se
670 3624 790 3708 partim
812 3634 944 3689 accuset
964 3620 1085 3700 David,

64 3714 233 3793 partim
257 3734 334 3779 vero
355 3712 490 3778 meliore
512 3734 568 3794 spe
591 3721 755 3794 concepta,
783 3708 823 3776 ad
846 3708 911 3773 Dei
934 3708 1084 3772 timorem

54 3793 273 3867 hortetur.
327 3799 476 3863 Primum
517 3798 603 3862 enim
644 3797 842 3879 significans,
881 3793 954 3858 ideo
995 3802 1085 3858 recta

43 3883 73 3942 i
88 3885 335 3969 ntelligentia
356 3904 498 3965 sanoque
520 3882 639 3949 iudicio
662 3882 797 3947 destitui
818 3880 977 3956 homines,
1007 3878 1084 3960 quic

34 3964 184 4038 Deo
217 3991 254 4037 se
286 3992 361 4038 cum
395 3969 582 4034 reverentia
614 3980 648 4033 et
680 3969 797 4034 timore
830 3964 989 4049 regendos
1017 3985 1083 4029 non

28 4059 273 4124 offerunt:
295 4077 374 4122 suae
396 4053 564 4120 socordiae
586 4053 738 4137 imputat,
767 4052 852 4136 quod
876 4047 1088 4114 obtenebrata

24 4153 227 4208 tuente
257 4156 330 4225 post
358 4162 434 4205 suas
467 4138 664 4221 cupiditates
698 4153 835 4223 vagatus
868 4136 921 4214 sit,
954 4155 1087 4199 rursum

21 4240 191 4294 vero
221 4227 250 4292 si
273 4230 345 4293 Deo
376 4248 411 4291 se
430 4224 561 4291 addicat
582 4236 615 4290 et
638 4224 774 4290 docilem
797 4222 962 4307 praebeat,
992 4219 1086 4301 spiri·

18 4316 184 4378 tum
213 4324 364 4379 sanetum
395 4311 457 4377 sibi
489 4312 562 4377 viae
592 4310 706 4377 ducem
731 4310 902 4392 promittit.
946 4303 1088 4371 Videtur
1134 4309 1169 4373 in
1193 4320 1340 4374 extrema
1362 4311 1472 4392 inopia
1493 4312 1602 4377 Deum
1632 4326 1741 4378 tamen
1766 4314 1827 4379 sibi
1854 4332 1927 4377 esse
1955 4331 2109 4394 praesen·

18 4472 224 4550 1Deum
254 4485 381 4550 timent.
425 4483 512 4548 Nam
540 4483 602 4548 etsi
631 4483 814 4564 promiscue
843 4498 956 4544 omnes
978 4486 1082 4554 orant,

24 4581 69 4623 Β
83 4576 137 4629 t
173 4592 250 4653 prae
279 4591 315 4636 se
337 4571 449 4635 ierunt
470 4567 600 4651 aliquod
623 4568 754 4648 pietatis
776 4565 931 4643 studium,
950 4578 1082 4646 quotus·

27 4656 251 4740 <illisque
281 4679 315 4722 se
337 4657 469 4739 penitus
492 4653 641 4720 excutit?
664 4655 730 4717 imo
752 4674 811 4719 suo
833 4651 954 4733 torpori
977 4647 1083 4712 indul·

34 4750 195 4811 gent
215 4744 282 4808 iere
303 4763 425 4808 omnes.
468 4741 585 4822 Itaque
608 4741 794 4804 rarissimus
816 4747 866 4804 est
887 4735 951 4800 Dei
970 4736 1081 4798 timor:

42 4835 180 4894 ‘luc
198 4829 237 4893 fit
260 4837 297 4895 ιιι
318 4827 435 4910 spiritu
456 4826 581 4894 consilii
612 4835 644 4890 et
666 4824 859 4908 prudentiae
882 4819 1024 4886 mundns
1047 4828 1083 4883 nt
1135 4823 1253 4902 lucere,
1295 4835 1331 4889 ut
1373 4838 1561 4891 sanctorum
1602 4827 1745 4895 conditio
1778 4828 1891 4892 melior
1931 4827 1988 4888 sit:
2030 4824 2108 4905 quia

51 4902 294 4982 t>larimum
324 4914 482 4996 privetur.
526 4911 624 4992 Quod
656 4910 788 4993 quidam
817 4909 1014 4991 interpretes
1047 4905 1082 4968 in
1136 4911 1262 4974 etiamsi
1274 4910 1368 4976 bonis
1386 4931 1453 4976 non
1471 4923 1672 4990 saturantur,
1691 4924 1866 4996 paternum
1878 4910 1942 4973 Dei
1959 4907 2106 4975 favorem

61 4998 212 5066 verbo
229 4999 345 5081 Etipat
365 5000 510 5064 futurum
531 5010 659 5079 tempus
676 4997 710 5061 in
734 5016 888 5078 praesens
905 4993 1082 5076 resolvunt,
1136 4994 1265 5061 assidue
1294 5010 1438 5079 gustant,
1468 5006 1567 5080 atque
1594 4999 1658 5065 huc
1686 5000 1826 5063 libenter
1854 4994 1960 5061 refero
1983 4997 2109 5061 animae

10 5434 22 5477 ἰ

19 5480 60 5779 ἰ

158 5206 317 5218 κ----..--

200 5275 230 5338 ’)
248 5274 287 5328 Le
304 5274 413 5338 conscii,
430 5288 464 5328 eu
480 5288 586 5340 merge:
604 5289 639 5325 eu
657 5277 751 5325 secret

212 5359 325 5418 Geloiai
338 5375 434 5429 opero.
471 5358 532 5413 Vol.
546 5357 662 5414 XXXI.

939 311 1155 420 cernuus
1172 351 1287 419 xxv.
1583 376 1608 431 ο

2050 359 2116 427 258

1142 541 1211 623 ipse
1240 539 1362 626 probat,
1392 550 1426 608 et
1455 563 1513 625 per
1542 564 1640 626 quarn
1669 544 1740 609 vult
1769 543 1917 610 homines
1946 544 2115 614 incedere:

1142 626 1224 691 mihi
1254 647 1320 692 non
1350 627 1466 710 placet,
1500 649 1577 694 nam
1609 629 1724 695 electio
1753 630 1834 696 haee
1863 629 1950 716 (meo
1981 630 2116 721 iudicio)

1142 713 1250 795 potius
1282 712 1324 778 ad
1357 734 1622 797 unumquemque
1655 715 1806 796 refertur,
1847 737 1885 782 ac
1924 716 1953 780 si
1985 717 2125 807 dictum,

1140 811 1241 863 esset:
1270 798 1371 864 Modo
1393 819 1453 865 nos
1474 798 1515 863 ad
1535 799 1601 865 Dei
1623 802 1773 866 timorem
1801 801 1903 867 simus
1931 805 2113 886 compositi,
2133 878 2136 885 ,

1140 884 1249 965 ipsum
1272 906 1336 949 non
1365 885 1476 950 defore
1498 906 1557 951 suo
1578 886 1695 967 clfioic,
1724 886 1805 970 quin
1827 887 1947 971 spiritu
1968 888 2112 970 pruden·
2134 892 2137 897 '

1141 970 1206 1034 tiae
1234 967 1276 1034 ad
1306 971 1393 1035 viam
1423 970 1608 1055 eligendam
1638 992 1698 1037 nos
1729 972 1856 1055 dirigat.
1900 971 2113 1055 Numquam

1140 1055 1233 1120 nobis
1253 1056 1454 1122 instituenda
1474 1068 1525 1122 est
1547 1057 1635 1122 vitae
1655 1059 1748 1138 ratio,
1772 1059 1862 1124 velut
1882 1059 1917 1123 in
1935 1056 2022 1125 bivio
2045 1075 2115 1126 sta·

1140 1161 1222 1219 mus,
1260 1142 1326 1206 imo
1363 1144 1396 1208 in
1429 1142 1568 1226 singulis
1608 1143 1676 1209 lere
1714 1144 1898 1212 aetionibus
1938 1144 2113 1213 haeremus

1139 1226 1291 1309 suspensi
1324 1236 1357 1292 et
1388 1227 1548 1311 perplexi,
1586 1229 1651 1294 nisi
1687 1230 1779 1295 Deus
1813 1228 1908 1295 nobis
1949 1229 1990 1295 ad
2023 1233 2114 1297 viam

1139 1309 1385 1378 monstrandam
1408 1326 1567 1380 ooeurrat.
1611 1314 1701 1381 Dicit
1728 1337 1806 1399 ergo
1830 1315 1956 1381 David:
1987 1315 2116 1396 Quam·

1141 1399 1189 1462 vis
1207 1398 1355 1463 nesciant
1373 1399 1523 1465 homines
1545 1400 1623 1483 quid
1646 1409 1772 1466 rectum
1794 1402 1846 1481 sit,
1867 1412 1901 1466 et
1922 1401 2000 1484 quid
2021 1403 2111 1486 ipsos

1139 1483 1259 1567 eligere
1280 1497 1445 1567 oporteat:
1475 1484 1571 1550 modo
1600 1498 1711 1552 umen
1741 1491 1794 1569 pia
1816 1485 1981 1553 docilitate
2010 1508 2046 1553 se
2068 1487 2111 1553 ad

1139 1569 1247 1634 Deum
1269 1570 1472 1652 sequendum
1501 1572 1683 1654 aecingant,
1708 1573 1800 1638 illum
1825 1593 1955 1654 semper
1982 1583 2111 1638 certum

1139 1676 1177 1721 ao
1206 1653 1308 1720 fidum
1338 1655 1454 1721 ducem
1482 1656 1563 1722 fore.
1607 1657 1713 1724 Porro
1742 1662 1819 1741 quia
1848 1658 1902 1723 hio
1923 1657 2024 1722 timor
2044 1658 2109 1724 Dei

1140 1762 1204 1806 non
1227 1752 1278 1806 est
1298 1739 1392 1807 nobis
1414 1742 1592 1827 ingenitus,
1615 1752 1739 1809 temere
1762 1745 1815 1811 hio
1832 1743 1992 1827 quispiam
2010 1744 2111 1809 ratio·

1139 1826 1266 1924 cinetur
1287 1826 1398 1892 Deum
1428 1849 1554 1895 cessare
1585 1828 1687 1895 donee
1717 1851 1776 1895 sua
1806 1828 2054 1913 praeparatione
2077 1852 2112 1895 se

1138 1914 1308 1977 insinuent
1330 1913 1479 1978 homines
1501 1915 1536 1978 in
1557 1914 1627 1980 sius
1645 1915 1795 1997 gratiam,
1818 1928 1856 1981 ut
1873 1923 1979 1980 rectos
1997 1936 2109 1980 eorum

1137 2004 1274 2063 conatus
1296 1997 1440 2064 adiuvet
1484 1998 1568 2064 Nam
1599 2000 1640 2065 de
1663 2000 1769 2082 prima
1790 2002 1852 2068 hac
1875 1998 1983 2083 gratia
2005 2021 2112 2082 nuper

1137 2083 1346 2149 concionatus
1375 2096 1426 2150 est
1454 2085 1575 2164 David,
1609 2085 1696 2168 quod
1725 2085 1818 2153 Deus
1851 2096 2113 2168 transgressores

1139 2168 1268 2234 doceat:
1292 2189 1381 2235 nuno
1403 2189 1481 2235 vero
1502 2171 1680 2236 secundam
1704 2171 1805 2250 addit,
1835 2170 1922 2255 quod
1950 2169 2111 2255 regendos

1137 2254 1295 2336 suscipiat
1332 2255 1388 2338 qui
1427 2257 1494 2320 iam
1531 2256 1647 2322 domiti
1691 2270 1769 2323 sunt
1809 2277 1848 2322 ao
1885 2257 2112 2335 mansuelaoti,

1139 2350 1175 2402 ut
1217 2349 1395 2426 praeeunte
1437 2341 1572 2424 spiritus
1613 2342 1688 2410 luce
1731 2349 1865 2408 teneam
1908 2340 1985 2423 quid
2027 2344 2112 2409 laete
2160 2407 2165 2418 ,

1137 2444 1220 2490 eus
1242 2426 1294 2491 sit.

1157 2444 1180 2507 p
1225 2510 1275 2575 13.
1296 2509 1433 2598 (Animo
1451 2511 1544 2598 eius.)
1588 2511 1626 2580 Si
1652 2534 1781 2580 summa
1803 2524 1852 2580 est
1872 2512 2015 2578 hominis
2042 2512 2114 2578 feli·

1137 2596 1228 2675 citas,
1264 2597 1348 2662 nihil
1384 2597 1520 2682 aggredi
1548 2600 1601 2665 vel
1629 2609 1757 2665 tentare
1793 2600 1856 2664 nisi
1885 2610 1998 2664 autore
2027 2597 2108 2677 Deo,

1137 2701 1305 2747 summum
1334 2702 1463 2766 quoque
1492 2693 1526 2748 et
1554 2683 1807 2768 incomparabile
1835 2684 2027 2750 beneficium
2050 2695 2111 2763 est,

1137 2767 1231 2832 illum
1251 2768 1371 2833 habere
1402 2770 1488 2835 vitae
1517 2769 1632 2836 ducem
1662 2793 1704 2837 ne
1732 2791 1875 2854 uuquam
1906 2770 2113 2836 aberremus:

1137 2851 1196 2918 sed
1216 2852 1407 2939 adiungitur
1429 2858 1620 2922 accessionis
1646 2859 1717 2922 vioe
1739 2869 1871 2923 terrena
1893 2857 1991 2921 etism
2014 2854 2110 2921 bene·

1139 2937 1248 3019 dictio,
1270 2940 1306 3004 in
1329 2962 1394 3022 qua
1411 2940 1529 3024 prioris
1547 2942 1672 3024 muas
1689 2943 1813 3008 fructus
1831 2941 1940 3024 palam
1959 2951 2113 3024 apparet:

1138 3024 1235 3091 sicuti
1275 3027 1374 3098 etiam
1415 3025 1511 3092 docet
1548 3028 1690 3093 Paulus:
1733 3028 1856 3093 Pietati
1898 3048 1964 3091 non
2004 3025 2111 3092 solum

1138 3120 1306 3175 aeternam
1335 3111 1483 3189 salutem,
1513 3112 1571 3177 sed
1601 3133 1683 3194 quae
1713 3113 1754 3178 ad
1777 3125 1984 3195 praesentem
2007 3111 2111 3176 vitam

1138 3204 1288 3276 spectant
1313 3196 1412 3261 etiam
1436 3197 1592 3278 promitti,
1618 3199 1646 3264 1.
1669 3199 1753 3264 aim.
1776 3197 1808 3278 4,
1829 3199 1860 3262 8.
1889 3198 2029 3262 Summa
2049 3208 2111 3276 est,

1138 3300 1233 3344 veros
1262 3279 1326 3345 Dei
1353 3280 1496 3348 cultores
1526 3303 1592 3348 nou
1621 3284 1838 3367 spiritualiter
1868 3281 1964 3348 modo
1998 3282 2112 3346 beatos

1137 3386 1218 3441 esse,
1240 3366 1297 3431 sed
1316 3365 1356 3431 ab
1378 3388 1416 3433 eo
1438 3388 1566 3451 quoque
1589 3368 1734 3435 benedici
1756 3366 1844 3453 quod
1867 3367 1909 3433 ad
1926 3367 2112 3449 praesentis

1137 3452 1225 3515 vitae
1253 3463 1385 3518 statum.
1431 3454 1556 3519 Verum
1587 3455 1718 3538 quidem
1741 3469 1799 3536 est,
1828 3475 1895 3520 non
1917 3473 2046 3535 semper
2068 3469 2134 3517 ex‘

1137 3536 1239 3600 animi
1261 3548 1337 3603 voto
1359 3560 1414 3606 eos
1432 3541 1575 3618 tractari,
1599 3563 1660 3607 neo
1677 3552 1765 3608 certo
1782 3550 1817 3607 et
1834 3538 1994 3624 aequabili
2011 3536 2110 3603 modo

1136 3623 1238 3687 fluere
1282 3645 1363 3706 quas
1402 3639 1557 3775 optarent
1599 3630 1862 3695 commoditates:
1906 3627 1973 3690 imo
2013 3643 2112 3705 saepe

1137 3729 1236 3789 quum
1281 3711 1373 3794 impii
1438 3711 1620 3792 elioiantur,
1665 3715 1821 3780 molestiis
1865 3722 1899 3776 et
1941 3709 2109 3774 aerumnis

1136 3797 1252 3861 vexari
1280 3817 1336 3861 eos
1368 3799 1538 3880 contingit.
1590 3798 1657 3864 Sed
1691 3799 1858 3865 sciendum
1889 3809 1949 3873 est,
1981 3795 2109 3876 quoties

1136 3900 1228 3945 suam
1260 3880 1517 3947 benedictionem
1545 3882 1638 3950 Deus
1671 3886 1830 3962 subducit,
1863 3901 1920 3947 eos
1953 3900 2109 3964 experge-

1135 3967 1207 4030 fieri
1241 3978 1278 4031 ut
1309 3987 1344 4031 se
1378 3967 1488 4048 prooul
1522 3969 1630 4035 adhuc
1662 3993 1682 4034 a
1715 3970 1857 4053 perlecto
1891 3966 1955 4030 Dei
1989 3967 2110 4031 timere

1136 4050 1257 4117 distare
1280 4054 1433 4117 sentiant.
1477 4052 1610 4119 Interea
1640 4071 1748 4121 tamen
1779 4066 1941 4138 quatenus
1963 4053 2109 4134 expedit,

1135 4137 1182 4200 sic
1204 4138 1358 4203 fruuntur
1380 4138 1442 4204 Dei
1465 4139 1642 4220 beneficiis,
1664 4154 1701 4206 ut
1723 4162 1800 4224 prae
1823 4138 2013 4205 hominibus
2035 4159 2109 4221 pro·

1135 4223 1219 4287 lanis
1242 4237 1276 4288 et
1296 4223 1359 4290 Dei
1382 4228 1664 4308 contemptoribus
1692 4248 1770 4292 vere
1792 4228 1860 4292 sint
1880 4224 2004 4290 felices:
2034 4227 2109 4307 quia

1136 4404 1202 4459 tem
1225 4398 1381 4478 persuasi,
1404 4399 1437 4460 in
1462 4398 1523 4464 hoo
1547 4409 1617 4463 tuto
1635 4401 1864 4466 consolationis
1886 4410 1982 4480 portu
2002 4399 2105 4478 quies·

1135 4495 1225 4545 cunt.
1275 4480 1350 4546 Ηοο
1381 4492 1469 4548 certe
1502 4485 1710 4550 verissimum
1743 4497 1802 4562 est,
1843 4507 1884 4551 ex
1918 4502 1984 4546 uuo
2018 4483 2108 4544 fonte

1136 4567 1212 4630 oriri
1243 4587 1356 4631 omnes
1385 4580 1514 4633 nostras
1544 4571 1701 4649 miserias,
1734 4574 1811 4653 quia
1843 4589 1974 4635 cursum
2010 4565 2107 4631 bene-

1135 4651 1287 4717 dictionis
1306 4651 1367 4719 Dei
1389 4656 1510 4720 nostris
1528 4658 1669 4738 peceatis
1687 4655 1921 4739 abrumpimus,
1945 4663 1978 4719 et
1997 4663 2107 4716 tamen

1135 4738 1206 4802 eius
1246 4739 1385 4821 gratiam
1426 4742 1461 4803 in
1502 4741 1563 4807 hac
1597 4756 1663 4807 tam
1696 4742 1831 4807 confusa
1863 4738 2109 4822 perturbatione
2143 4758 2145 4763 ⁴

76 5085 154 5139 tto
182 5087 208 5150 si
238 5085 362 5151 dictum
392 5100 486 5163 esset,
517 5084 626 5148 Deum
654 5091 836 5148 monstrare
865 5079 951 5145 viam
983 5098 1082 5162 quam
1136 5103 1270 5146 nomen:
1295 5083 1381 5164 quod
1404 5084 1528 5149 scilicet
1549 5086 1584 5149 in
1607 5084 1825 5167 percipiendis
1842 5081 1906 5146 Dei
1924 5079 2020 5146 donis
2042 5102 2106 5146 non

1135 5168 1203 5231 sint
1224 5167 1366 5250 insipidi,
1389 5180 1427 5233 ut
1448 5170 1488 5233 ad
1513 5193 1567 5236 eos
1589 5171 1763 5253 placandos
1785 5170 1880 5253 longe
1903 5167 1976 5249 plus
2001 5168 2109 5233 valeat

1136 5253 1350 5336 mediocritas,
1379 5276 1478 5338 quam
1508 5256 1618 5341 impiis
1647 5255 1825 5321 satisfaciat
1854 5276 1982 5320 summa
2005 5256 2110 5321 abun-

1869 5357 1901 5410 17
