4658 5856
158 348 224 413 819
940 346 1155 417 PSAliMUS
1179 350 1380 418 LXXXIX.
2098 354 2161 420 820

160 536 268 601 David
293 545 465 617 antequam
489 556 623 601 manum
647 536 738 601 Deus
771 536 962 621 porrigeret.
1006 536 1132 602 Eodem
1184 538 1216 602 ia
1240 539 1325 603 mari
1345 560 1473 607 tacitum
1494 541 1572 621 eius,
1596 546 1624 607 et
1644 542 1679 607 iii
1697 543 1880 622 flumiiiibns
1896 544 2057 609 demeum
2081 544 2160 609 eius.

159 631 285 704 spectat
307 621 391 705 qnod
414 620 511 701 addit,
534 644 550 688 e
565 622 691 704 papinio,
713 644 828 689 sensus
847 623 932 688 enim
952 630 1009 699 est,
1033 621 1132 706 Igne·
1184 625 1234 689 27.
1259 623 1335 706 Ipse
1355 626 1500 693 clamabit
1522 627 1564 692 ud
1585 648 1642 711 irie,
1669 627 1764 693 Peter
1783 649 1871 695 mena
1888 649 1929 706 es,
1951 627 2041 694 Deris
2060 649 2159 707 meris,

162 709 258 773 bilem
283 717 359 773 tuuc
382 716 413 772 et
436 729 475 772 ex
499 709 612 773 infima
636 709 729 790 plebe
758 708 875 786 fuisse,
906 716 938 773 ct
966 708 1020 792 qni
1050 708 1131 773 nihil
1183 730 1278 790 rupes
1299 712 1412 777 salutis
1433 732 1528 778 meac.
1572 713 1623 778 28.
1647 713 1757 779 Etiam
1779 734 1831 798 epo
1847 715 2159 798 primopeei'iempo

160 796 316 861 eximium
339 814 417 876 prae
439 813 473 858 se
497 795 610 877 ferret,
634 814 732 876 quum
756 794 891 859 ultimus
914 804 999 860 esset
1021 794 1056 857 in
1078 817 1132 858 ru·
1183 817 1259 861 noni
1280 816 1360 875 aviiii,
1390 799 1542 863 excelsum
1567 819 1649 880 prce
1669 799 1794 883 regibus
1825 805 1935 866 terrae.
1980 799 2033 865 29.
2057 800 2105 865 Et
2125 801 2161 865 iii

160 882 240 946 stieo
263 879 405 964 tugurio,
427 891 460 944 ct
481 880 569 944 inter
589 881 768 962 pecuarios.
813 879 853 945 In
872 900 951 946 voce
970 878 1052 945 electi
1073 900 1132 945 nos
1183 883 1343 947 saeculum
1364 883 1490 949 seruato
1523 884 1573 949 illi
1594 886 1842 951 misericordiam
1863 905 1973 965 meana
2002 892 2031 950 et
2047 887 2162 968 foedae

161 966 202 1032 ad
232 988 326 1033 suum
361 965 530 1031 arbitrium
564 976 693 1033 revocat
726 966 835 1033 Deus:
876 988 912 1031 ac
945 967 973 1032 si
1006 974 1133 1031 vetaret
1182 988 1284 1032 ineam
1303 969 1433 1050 firmum
1454 971 1513 1035 erit
1534 971 1571 1035 ei.
1616 970 1667 1035 30.
1689 971 1890 1036 Etstatnam
1912 973 2162 1054 inperpetuum

161 1054 259 1117 aliam
283 1072 414 1119 censam
437 1050 652 1133 investigare,
686 1073 783 1135 quam
813 1052 897 1133 quod
927 1054 970 1116 ita
999 1052 1131 1135 placuit.
1183 1074 1283 1120 senten
1305 1056 1382 1135 cius,
1405 1060 1432 1121 et
1453 1055 1565 1120 solium
1587 1057 1656 1122 eius
1676 1058 1769 1138 quasi
1790 1057 1857 1123 ates
1878 1057 2039 1123 coelorum.

248 1139 299 1203 21.
323 1137 447 1224 (Dinoni
468 1136 602 1221 David.)
639 1137 823 1202 Confirmat
845 1138 980 1203 eandem
1001 1146 1131 1203 sentcn-
2219 1198 2225 1207 ,

162 1224 242 1288 tiam
267 1224 433 1307 propheta,
457 1222 539 1287 nihil
567 1222 669 1287 fnisse
691 1225 818 1308 regiiim
842 1225 875 1288 in
898 1224 1038 1302 Davide,
1070 1223 1130 1287 uisi
1266 1225 1317 1291 25.
1341 1226 1399 1312 (Ei
1426 1228 1543 1293 neriim
1573 1226 1665 1311 mea.)
1708 1225 1829 1306 Docet,
1862 1229 2052 1294 continuum
2091 1229 2162 1295 eius

161 1321 323 1392 quatenus
356 1310 533 1374 antevertit
566 1330 638 1373 enm
672 1309 766 1375 Deus
787 1331 857 1389 ‚sua
890 1314 1004 1396 gratia.
1060 1308 1132 1373 Hoc
1183 1312 1307 1395 gratiae
1340 1334 1436 1394 qnam
1459 1312 1551 1378 initio
1574 1312 1695 1378 Davidi
1725 1312 1867 1379 ostendit
1901 1324 2048 1379 tenerem
2080 1315 2161 1393 fore,

162 1397 249 1460 enim
283 1397 478 1478 exprimitur
510 1395 699 1461 inveniendi
732 1398 848 1462 verbo:
885 1419 921 1465 ac
954 1402 981 1466 si
1011 1398 1133 1462 diceret
1184 1398 1376 1463 tantundem
1411 1400 1497 1463 enim
1527 1400 1638 1463 valcat
1669 1400 1749 1465 haee
1776 1398 1874 1465 verba
1897 1422 1934 1465 ac
1957 1401 1984 1464 ei
2009 1399 2160 1476 dixisset,

162 1481 261 1559 Deus,
284 1482 424 1565 gratiss
446 1503 481 1547 se
503 1492 706 1563 assumptum
740 1484 847 1565 luisse,
882 1485 1016 1570 ideoque
1048 1480 1133 1550 sarai
1184 1493 1221 1547 ut
1242 1505 1276 1548 se
1298 1505 1447 1550 veracem
1471 1495 1623 1568 praestet,
1646 1485 1716 1550 fere
1738 1505 1867 1567 semper
1884 1485 2077 1551 beneficum.
2109 1485 2162 1550 Ita

162 1587 280 1631 nomen
304 1588 370 1632 non
393 1566 546 1631 meritum
565 1567 696 1649 aliquod
719 1579 819 1648 notat,
846 1574 902 1638 sed
925 1576 965 1639 ad
988 1567 1131 1639 vocatio·
1157 1569 1343 1653 videmus,
1377 1593 1441 1635 non
1476 1571 1570 1637 modo
1599 1592 1618 1633 a
1648 1571 1807 1654 principio
1830 1572 1938 1636 Deum
1967 1570 2162 1637 exhibuisse

161 1674 237 1717 nem
271 1654 419 1732 refertur,
454 1672 491 1718 ae
522 1655 549 1717 si
583 1656 725 1721 sanciret
749 1658 838 1723 Dens
871 1681 931 1726 sua
960 1658 1132 1726 autoritate
1157 1658 1162 1737 l
1184 1655 1339 1720 bonitatis
1372 1677 1450 1721 suae
1483 1657 1647 1740 specimen
1680 1659 1714 1721 in
1745 1656 1883 1734 Davido,
1921 1657 1976 1721 sed
2019 1658 2160 1722 eandem

161 1741 232 1807 eine
266 1740 448 1822 imperium,
482 1740 556 1823 qnia
588 1741 615 1803 si
645 1740 716 1806 Deo
749 1743 917 1826 probatur,
949 1749 1131 1830 legitimum
1184 1742 1390 1806 clementiam
1424 1743 1523 1808 fnisse
1556 1752 1807 1825 prosequutnm:
1852 1742 1938 1825 quod
1979 1742 2021 1807 ad
2055 1754 2159 1807 totam

161 1848 231 1893 csse
265 1826 399 1891 dubium
433 1848 497 1891 non
532 1836 589 1891 est.
635 1826 790 1892 Gratuita
817 1831 902 1895 euim
934 1834 1048 1900 electio
1082 1850 1131 1895 se·
1184 1826 1307 1892 Christi
1330 1827 1497 1893 eeclesiam
1521 1836 1655 1911 spectat,
1678 1839 1715 1894 ut
1738 1829 1778 1909 in¹
1796 1837 1864 1893 toto
1886 1829 2004 1894 salutis
2027 1840 2160 1894 nostrae

161 1912 267 1977 eundo
301 1912 446 1977 membro
479 1913 598 1977 iterum
636 1914 864 1981 confirmatur:
905 1920 981 2001 quia
1022 1918 1132 1986 unctio
1184 1935 1282 1979 cursu
1306 1924 1460 1996 appareat
1482 1915 1547 1979 Dei
1568 1914 1704 1991 bouitas,
1738 1937 1802 1979 nou
1838 1923 1966 1978 tantum
2001 1913 2036 1977 in
2058 1916 2159 1980 vesti·

161 2019 258 2081 qnam
282 1997 393 2062 David
416 1999 486 2081 ipse
509 2019 575 2062 noir
598 1999 759 2079 qnaesivit
793 2006 922 2086 propria
960 2003 1132 2079 industria,
1155 1999 1159 2101 1
1184 1998 1269 2076 bulo,
1293 2000 1387 2065 sienti
1409 2011 1574 2085 nugantur
1597 2000 1769 2082 sophistae.
1816 1998 1920 2065 Carau-
1938 2000 2158 2079 Daeidishic,

160 2084 215 2149 sed
238 2090 369 2165 praeter
392 2105 481 2166 spem
506 2084 643 2166 adeptus
673 2092 731 2161 est,
764 2086 897 2156 honoris
931 2113 1029 2157 caiisa
1059 2093 1131 2157 fnit.
1184 2096 1220 2149 ut
1243 2104 1338 2166 saepe
1361 2084 1450 2163 aliae,
1473 2107 1531 2168 pro
1553 2086 1665 2169 gloria,
1697 2085 1858 2168 dignitate
1880 2095 1913 2149 et
1935 2087 2084 2167 potentia
2106 2107 2160 2150 su·

160 2170 248 2250 Quia
281 2190 359 2251 crgo
392 2178 507 2253 sponte
538 2180 682 2234 otmaro
705 2192 763 2236 sno
787 2173 986 2258 beneplacito
1009 2178 1132 2243 Davidi
1156 2106 1159 2239 i
1183 2171 1293 2235 mitur.
1327 2171 1470 2253 Ideoque
1488 2193 1602 2237 seusus
1621 2184 1679 2250 ost,
1704 2173 1765 2237 Dei
1788 2171 1944 2237 beneficio
1967 2192 2161 2254 prosperum

160 2257 302 2320 occurrit
324 2253 425 2330 Deus,
458 2266 494 2319 ui
527 2277 600 2320 oum
635 2276 733 2321 manu
766 2257 929 2328 Samuelis
963 2264 1131 2343 irrogem
1184 2277 1313 2338 semper
1345 2272 1377 2320 et
1409 2259 1581 2322 florentem
1614 2259 1681 2322 fore
1715 2259 1808 2340 regni
1838 2265 1971 2322 statum.
2019 2256 2161 2323 Additur

162 2352 316 2424 ungeret,
356 2341 471 2406 merito
515 2342 708 2424 pronuntiat
750 2365 784 2408 sc
824 2347 916 2413 ilium
957 2351 1131 2417 invenisse.
1184 2363 1259 2406 mox
1284 2342 1472 2424 amplitudo.
1518 2344 1601 2407 Nam
1626 2343 1702 2425 quia
1723 2344 1862 2425 popolus
1885 2343 1953 2406 suis
1982 2342 2161 2408 sceleribus

160 2429 280 2492 Postea
302 2426 451 2511 adiungit
473 2448 508 2491 se
530 2429 697 2494 custodem
716 2429 785 2494 fere
803 2433 901 2501 huius
917 2437 1019 2519 regni,
1039 2439 1132 2504 ouius
1185 2429 1272 2493 viani
1288 2429 1508 2509 praecluserat
1520 2429 1582 2493 Dei
1602 2429 1829 2505 benedictioni,
1848 2428 2030 2494 restrictior
2052 2430 2161 2493 suerat

161 2522 273 2580 auctor
296 2524 365 2578 est:
389 2513 486 2578 sicuti
510 2535 574 2579 non
598 2514 681 2579 solet
703 2517 856 2585 inchoata
878 2543 937 2587 sua
960 2542 1059 2603 opera
1077 2523 1131 2587 de·
1185 2514 1257 2577 11118
1280 2514 1462 2579 haereditas
1485 2536 1582 2597 quam
1605 2515 1731 2579 ferebat
1754 2515 1932 2596 promissio.
1973 2514 2160 2597 Nuncpro·

160 2620 278 2679 serere,
312 2598 368 2664 scd
399 2600 554 2664 continuo
577 2621 751 2682 progressu
775 2607 952 2685 perducere
974 2607 1014 2671 ad
1037 2630 1130 2673 sunm
1185 2599 1318 2663 nuntiat
1336 2599 1437 2679 Dens,
1471 2600 1531 2666 sub
1560 2600 1689 2665 Davide
1723 2621 1837 2664 11118118
1866 2610 2085 2683 1110Ρὸ31211ῑῦ
2110 2601 2160 2675 iri,

159 2689 268 2752 finem.
1156 2736 1160 2779 ἰ
1186 2697 1222 2748 ut
1252 2693 1355 2748 totam
1389 2688 1552 2769 regionem
1581 2707 1600 2750 a
1631 2686 1711 2750 mari
1748 2706 1849 2767 usqne
1883 2685 1922 2749 ad
1952 2685 2160 2766 Euphratem

247 2772 298 2835 23.
334 2768 421 2917 φοι
456 2771 515 2835 erit
547 2772 692 2857 eandm.)
737 2772 936 2840 Nominatim
967 2780 1131 2861 exprimit,
1157 2782 1160 2813 ¹
1184 2770 1321 2852 populns
1343 2781 1488 2851 occupet.
1531 2772 1627 2837 Unde
1648 2771 1843 2853 colligimus,
1866 2793 1930 2835 uon
1953 2771 2018 2835 nisi
2037 2773 2072 2834 in
2094 2771 2161 2835 Da·

161 2857 311 2940 quamvis
366 2856 489 2921 ostibus
521 2876 585 2919 non
618 2868 727 2924 careat
747 2856 866 2940 David,
900 2872 1029 2944 praesto
1063 2864 1132 2931 loro
1185 2856 1269 2920 vidis
1302 2877 1440 2937 persona
1474 2858 1572 2921 fnisse
1604 2857 1798 2937 completum
1834 2856 1919 2939 quod
1952 2878 2011 2937 per
2041 2858 2159 2922 Mosen

161 2943 224 3008 Dei
246 2944 404 3006 virtutem
428 2939 467 3005 ad
491 2962 566 3006 eum
589 2943 756 3026 tuendum,
780 2968 821 3011 ne
838 2948 1131 3015 iniustaviolentia
1183 2940 1274 3005 Deus
1297 2941 1404 3007 fuerat
1428 2943 1596 3024 pollicitus.
1642 2942 1706 3006 Per
1725 2943 1839 3021 (laotos
1862 2952 1928 3007 tam
1960 2942 2067 3007 solum
2094 2944 2159 3007 Eu·

160 3038 337 3113 promatur.
382 3027 489 3112 Negat
507 3029 608 3111 igitur
630 3027 794 3095 Davidem
817 3034 886 3098 foro
908 3035 1130 3101 h05tibusiri.
1184 3027 1332 3108 pliratem
1372 3029 1553 3112 intelligere
1588 3027 1682 3105 licet,
1724 3028 1780 3110 qui
1815 3030 1849 3092 iu
1885 3027 2005 3092 maltos
2046 3028 2160 3094 alveos

159 3114 342 3181 butarium:
382 3114 480 3179 sicuti
515 3115 568 3197 qni
603 3113 686 3180 bollo
720 3116 866 3184 devictus
900 3130 963 3199 cst,
1004 3123 1131 3205 cogitur
1183 3112 1360 3196 scinditur,
1404 3135 1499 3197 quant
1540 3114 1649 3180 vicina
1693 3115 1790 3178 11ίί11111
1829 3114 1965 3178 flumina
2005 3136 2024 3177 11
2064 3128 2161 3196 parte

159 3202 268 3268 subire
290 3199 418 3281 iniquas
443 3200 574 3264 victoris
597 3198 694 3284 leges.
740 3203 876 3269 Interim
905 3207 989 3287 quod
1020 3208 1131 3273 hostes
1185 3197 1308 3277 Silia&
1933 3264 1941 3282 ,

160 3288 230 3353 cius
254 3296 346 3350 vocat
366 3284 450 3365 filios
472 3286 660 3366 iiiiqui‘iali's,
680 3288 778 3353 tacite
797 3291 938 3356 ostendit
959 3293 1128 3357 innoxium
1268 3285 1319 3350 27.
1344 3284 1432 3369 (Ipse
1464 3285 1608 3351 clamabit
1636 3286 1678 3349 aci
1706 3284 1776 3369 me.)
1821 3284 2035 3366 Praecipuam
2069 3286 2161 3368 regis

159 3373 227 3437 iore
250 3372 480 3436 dominationis
502 3393 614 3455 genus,
638 3373 723 3453 qnod
746 3396 841 3440 nemo
870 3377 989 3459 absque
1011 3379 1131 3443 iniuria
1183 3370 1282 3435 11111118
1304 3372 1537 3453 praestantiam
1560 3373 1595 3435 i11
1618 3391 1655 3435 e0
1678 3371 1746 3436 f0r0
1768 3376 1936 3448 memorat,
1960 3369 2045 3451 qu⁰d
2069 3370 2161 3435 filius

159 3467 193 3524 et
215 3457 336 3523 scelere
359 3466 507 3522 evertere
529 3457 677 3522 tentabit.
724 3458 861 3525 Summa
883 3473 942 3545 cst,
969 3464 1130 3530 Davidem
1183 3456 1245 3521 Dei
1268 3457 1459 3522 censebitur.
1506 3459 1577 3523 Etsi
1600 3466 1707 3520 autem
1731 3476 1939 3539 qiicsciiuqne
1961 3455 2055 3520 Dens
2078 3478 2160 3521 eou-

159 3547 293 3627 eiusqne
316 3553 462 3626 posteros
485 3543 547 3608 Dei
571 3543 729 3625 praesidio
752 3554 839 3611 tutos
861 3546 940 3630 fore,
970 3558 1003 3613 et
1034 3551 1132 3632 probe
1183 3542 1290 3606 stituit
1313 3563 1417 3626 reges,
1440 3543 1552 3609 ⁰0d⁰m
1585 3543 1706 3607 honore
1741 3542 1911 3625 dignatur:
1946 3539 2043 3626 (sieut
2076 3542 2157 3606 alibi

158 3631 311 3708 munitos,
346 3651 387 3694 ue
420 3629 563 3694 hostium
597 3628 723 3695 libidini
756 3633 821 3696 sint
854 3634 1003 3714 expositi.
1059 3635 1129 3699 Iam
1156 3588 1336 3717 (Vidimus,
1366 3628 1438 3710 Ego
1461 3627 1539 3705 dixi,
1570 3628 1721 3711 dileetio,
1743 3638 1775 3691 ot
1797 3626 2007 3693 filiiEmelei
2030 3648 2158 3709 omnes,

159 3717 245 3799 quod
269 3714 458 3797 pessundari
483 3736 617 3797 reguum
642 3738 758 3798 passus
792 3726 841 3783 est
870 3718 973 3799 Dens,
1006 3728 1044 3785 ut
1067 3721 1133 3785 Da·
1183 3712 1271 3779 Psal.
1295 3713 1346 3796 82,
1370 3712 1403 3797 6)
1436 3714 1489 3779 hic
1523 3725 1632 3779 tamen
1662 3713 1827 3796 singulare
1854 3712 1975 3794 aliquid
1998 3710 2038 3776 dc
2061 3734 2158 3778 sacro

159 3801 246 3867 vidis
277 3820 478 3867 successores
508 3802 630 3865 exteris
659 3811 691 3866 et
713 3804 858 3885 profanis
879 3805 1010 3888 regibus
1031 3826 1132 3889 grave
1156 3832 1159 3867 i
1183 3810 1215 3863 et
1238 3821 1256 3863 a
1280 3820 1314 3863 ec
1336 3798 1437 3864 electo
1461 3821 1537 3882 rege
1570 3800 1770 3882 pronuntiat,
1804 3806 1837 3862 et
1868 3798 1931 3862 alio
1965 3798 2060 3863 modo
2096 3800 2159 3863 sibi

160 3888 318 3953 tributum
343 3885 484 3969 pendere
507 3888 606 3952 coacti
630 3888 706 3968 siut,
736 3910 810 3954 cum
833 3889 894 3955 hae
917 3892 1131 3973 promissione
1183 3884 1284 3948 filium
1300 3886 1369 3949 iore
1387 3884 1551 3969 intelligit.
1582 3886 1625 3950 Et
1644 3885 1739 3967 paulo
1758 3892 1830 3967 post
1846 3881 2026 3947 videbimus
2039 3884 2159 3950 altiore

160 3994 225 4037 non
259 3983 400 4055 pugnat:
436 3972 512 4055 qnia
540 3974 620 4037 satis
650 3974 722 4054 luit,
757 3976 869 4041 aceisis
892 3978 986 4060 regni
1008 3977 1131 4060 opibus,
1183 3971 1217 4035 in
1241 3970 1344 4053 gradu
1367 3970 1464 4035 locari
1483 3992 1579 4053 qnam
1599 3982 1745 4036 terrenos
1764 3987 1867 4053 reges,
1886 3969 2036 4051 quamvis
2055 3970 2159 4036 latius

159 4080 292 4123 manere
315 4068 422 4123 tamen
441 4057 594 4137 radicem,
613 4060 794 4141 usquedum
813 4062 958 4143 prodiret
970 4061 1131 4143 Christus,
1183 4057 1401 4121 dominentur.
1446 4056 1539 4121 Hace
1572 4057 1673 4139 igitur
1706 4056 1804 4120 nnius
1837 4065 1964 4119 tautum
1998 4056 2089 4139 regis
2125 4057 2159 4120 iii

159 4147 192 4210 iu
216 4145 308 4210 euius
331 4143 460 4208 domum
484 4164 584 4208 mana
613 4144 729 4210 stabile
762 4147 824 4212 fuit
852 4169 1000 4231 regnum.
1046 4149 1129 4213 Nam
1183 4142 1303 4206 mundo
1323 4142 1548 4225 praerogativa
1566 4142 1638 4221 init,
1657 4142 1760 4206 filium
1781 4139 1845 4204 Dei
1864 4140 1983 4205 vocari.
2018 4141 2160 4225 Alioqui

159 4251 259 4314 quum
294 4235 420 4293 tantam
452 4227 515 4294 Dei
551 4228 806 4297 benedictionem
840 4241 906 4299 tam
942 4255 1000 4299 rex
1033 4255 1130 4316 qnam
1183 4249 1247 4292 non
1282 4227 1397 4309 frigide
1427 4227 1521 4291 niodo
1554 4228 1609 4293 sed
1643 4225 1782 4293 absurde
1815 4226 2028 4290 ratiocinatus
2069 4236 2161 4292 esset

158 4317 299 4400 populns
331 4314 431 4396 impie
463 4314 649 4394 abiicerent,
683 4337 794 4382 eornm
818 4319 913 4399 cnlpa
935 4339 1032 4401 saepe
1054 4340 1130 4384 con·
1183 4313 1346 4395 apostolus
1369 4313 1453 4377 ch.
1478 4314 1550 4391 1,4
1583 4312 1752 4378 Christum
1781 4309 1978 4376 contendens
2006 4314 2159 4395 superio-

159 4422 291 4468 enssnm
314 4420 452 4484 reguum
475 4399 553 4466 init:
577 4400 693 4466 deinde
711 4403 931 4484 imminutum,
951 4411 983 4469 et
998 4404 1129 4469 taudem
1182 4419 1250 4462 rem
1283 4419 1354 4463 esee
1387 4398 1523 4482 augelis,
1557 4399 1633 4480 qnia
1663 4398 1865 4477 dictumest,
1893 4396 1959 4460 Ero
1983 4396 2013 4461 ei
2036 4397 2072 4461 in
2098 4419 2160 4480 pa-

159 4489 347 4571 collapsum.
394 4485 507 4567 Neque
530 4493 637 4549 tamen
661 4488 786 4553 destitit
815 4490 940 4554 interea
962 4489 1064 4567 Deus,
1095 4501 1130 4554 ut
1183 4494 1280 4563 trem,
1315 4484 1438 4565 etipse
1466 4486 1527 4548 erit
1550 4484 1632 4548 mihi
1663 4484 1695 4547 in
1720 4482 1835 4548 filium.
1879 4482 1969 4565 Ergo
2000 4486 2160 4564 quamvis

159 4574 325 4639 oraculum
350 4570 490 4636 sanciret
513 4570 552 4635 de
575 4574 668 4653 regni
698 4574 925 4657 perpetuitate,
959 4595 1034 4638 oiim
1057 4575 1128 4639 illo·
1182 4580 1249 4633 tam
1279 4568 1397 4653 angeli,
1431 4589 1526 4650 qnam
1561 4590 1655 4652 reges
1688 4569 1871 4651 quicunque
1903 4568 2043 4650 regeniti
2075 4586 2161 4634 sunt

160 4682 232 4724 rnm
263 4657 497 4741 ingratitudine
528 4656 692 4736 certando,
726 4682 815 4741 spem
848 4660 987 4742 aliquam
1019 4660 1129 4725 fovere
1180 4654 1365 4736 adoptionis
1399 4655 1526 4736 spiritu,
1559 4655 1617 4720 filii
1652 4666 1819 4731 vocentur,
1853 4654 2009 4717 eximitur
2043 4658 2158 4721 tamen

159 4758 192 4810 et
215 4746 307 4809 tueri.
346 4743 439 4807 Adde
462 4742 556 4825 quod,
580 4763 691 4808 osores
712 4756 746 4808 ot
767 4766 973 4827 oppressores
989 4745 1128 4811 Davidis
1179 4740 1288 4804 David
1313 4741 1432 4823 insigni
1454 4739 1723 4824 praerogativae
1745 4739 1909 4806 eomiiinni
1932 4738 2077 4802 omnium
2105 4762 2158 4805 or-

159 4830 368 4908 naminando,
398 4828 550 4894 admonet
579 4829 641 4895 hoc
663 4830 779 4895 solium
803 4853 868 4895 noir
893 4832 961 4895 fore
983 4831 1128 4895 immune
1181 4828 1265 4906 dinc,
1299 4846 1399 4908 quum
1423 4827 1513 4890 Dens
1535 4825 1698 4908 promittit
1720 4825 1780 4890 sibi
1804 4824 1872 4889 scre
1895 4824 2006 4889 filium.
2054 4823 2158 4905 Quod

160 4918 199 4981 ab
223 4914 435 4982 incommodis
458 4923 490 4978 et
511 4915 684 4982 molestiis:
709 4916 786 4997 qn'ni
807 4938 934 4999 semper
957 4917 1056 4999 aliqui
1079 4918 1127 4981 in·
1180 4934 1221 4976 cx
1244 4911 1391 4994 proximo
1414 4932 1509 4977 versn
1538 4911 1659 4978 elarius
1686 4910 1797 4993 liquet,
1826 4912 1882 4975 ubi
1903 4910 2159 4991 priincpeiii'leim

159 5003 232 5068 festi
257 5011 362 5079 erunt,
385 5000 449 5065 nisi
471 5022 506 5064 se
528 5001 618 5066 Dens
640 5008 791 5085 opponat.
1180 5018 1305 5080 qnoque
1328 4996 1486 5078 appellat:
1517 4998 1592 5079 qnia
1620 4997 1762 5062 emineat
1789 5017 1887 5077 super
1909 5016 2020 5060 omnes
2045 5006 2158 5063 terrae

268 5173 281 5187 .
453 5172 458 5185 Ι
801 5174 807 5187 ·
1152 5144 1156 5173 ,
1180 5103 1289 5183 regest
1311 5082 1366 5164 qui
1385 5082 1489 5148 honor
1508 5091 1574 5182 tam
1592 5083 1681 5148 omni
1700 5080 1845 5182 hnmana
1862 5080 2028 5181 dignitate,
2053 5103 2155 5181 qnam

168 5258 174 5271 ⁸
245 5174 302 5271 2ο..
329 5172 373 5237 Ei
393 5176 510 5237 aazias
530 5192 599 5271 mea
621 5177 649 5236 et
671 5172 828 5274 clementia
848 5193 918 5238 mea
939 5193 1008 5238 ciini
1029 5192 1080 5237 eo:
1101 5175 1128 5236 el
1152 5178 1156 5281 ἱ
1181 5169 1328 5253 angelica
1351 5168 1562 5234 excellentior
1584 5177 1648 5269 est..
1677 5165 1714 5234 Si
1733 5188 1806 5250 quis
1824 5168 1963 5267 obiiciat,
1986 5167 2156 5235 Davidem

159 5279 196 5323 eii
218 5278 339 5323 nomine
360 5279 425 5324 meo
442 5257 630 5323 monebitur
650 5278 836 5326 coniuctus.
870 5260 921 5324 26.
934 5258 976 5324 Ei
990 5263 1128 5324 deluam
1152 5286 1157 5304 ι
1181 5278 1281 5322 unum
1315 5274 1355 5318 ex
1389 5275 1488 5339 grege
1521 5254 1716 5333 mortalium,
1751 5274 1816 5320 non
1850 5254 1948 5319 luisse
1981 5254 2156 5336 aequalem
