4658 5856
171 288 236 356 289
805 321 811 333 ·
977 284 1195 353 PSALMUS
1216 283 1351 352 XXIX.
2016 230 2032 356 ·.
2097 293 2163 360 290

172 484 352 552 amitant,
375 496 417 541 ne
440 472 480 540 ad
503 494 616 540 eorum
638 494 770 541 sensum
794 493 858 539 vox
869 471 1017 552 Domini,
1038 493 1141 556 quan·
1194 473 1351 559 diximus)
1385 476 1482 540 taeits
1515 477 1722 559 temperatio.
1777 478 1840 543 Est
1861 479 1947 543 enim
1969 480 2042 562 plus
2065 501 2162 566 quam

172 563 296 630 tumvis
324 581 453 639 sonora,
489 571 649 646 penetret.
706 560 820 642 Neque
848 559 935 623 enim
966 557 1006 624 de
1033 559 1141 624 oausis
1192 559 1370 625 absurdum
1403 572 1436 624 et
1467 573 1615 628 monstro
1647 563 1762 641 simile,
1796 562 1947 631 homines
1979 565 2043 631 Dei
2081 587 2163 634 vooe

171 648 377 717 inferioribus
420 647 499 712 satis
541 659 657 731 argute
699 644 760 711 sibi
798 642 951 709 sidentur
983 644 1142 710 disserere
1192 665 1260 711 non
1282 645 1378 728 affini,
1408 645 1502 711 ouius
1524 649 1574 712 vis
1597 658 1663 712 tam
1686 649 1861 714 effiosoiter
1883 670 1918 714 se
1939 652 2062 716 exserit
2084 674 2164 736 erga

172 731 366 821 philosophi,
393 731 458 797 nisi
487 732 588 814 longa
617 731 773 796 distantia
802 729 911 795 Deum
934 749 954 793 a
975 730 1044 796 suis
1065 750 1141 812 ope·
1193 731 1279 795 feras
1309 729 1438 797 baetim.
1490 732 1561 797 Iam
1589 733 1720 816 quidem
1751 734 1845 799 foeda
1873 736 2074 820 ingratitudo
2104 752 2163 818 est,

172 822 263 887 ribus
284 826 448 901 separent.
491 817 662 884 Diabolioa
689 824 799 882 autem
822 815 903 880 haee
924 814 1061 880 seientia
1082 824 1141 894 est,
1192 817 1228 880 in
1250 824 1319 882 toto
1340 826 1477 882 naturae
1500 816 1624 896 ordine,
1654 839 1720 883 non
1749 821 1872 885 sentire
1894 823 1964 885 eius
1987 825 2162 905 providen-

171 928 254 990 quae
273 906 308 970 in
326 912 464 969 naturae
482 902 756 986 oontemplntione
773 922 833 966 nos
861 901 1007 967 retinens
1029 900 1140 965 aDeo
1193 903 1272 966 tiam
1296 910 1329 966 et
1348 903 1537 986 imperium:
1559 904 1616 968 sed
1637 903 1838 970 detestabilis
1856 915 1908 971 est
1924 907 1989 972 ista
2006 910 2162 988 eooordia,

171 993 300 1058 avertit.
356 987 394 1055 Si
435 989 508 1071 quie
547 989 713 1054 hominem
747 1005 941 1071 eognosoere
973 992 1140 1070 appetens,
1194 988 1276 1052 raris
1297 987 1413 1053 saltem
1444 999 1478 1054 et
1504 989 1646 1054 insolitis
1675 990 1745 1055 eius
1776 991 1938 1074 operibus,
1968 1014 2049 1076 quae
2077 997 2163 1060 feras

172 1075 445 1163 praesentatore
471 1075 563 1152 faeie,
590 1075 746 1139 intuitum
769 1074 804 1137 in
827 1082 990 1137 extremos
1013 1084 1140 1136 tentum
1194 1073 1314 1139 bestias
1346 1073 1387 1138 ad
1426 1073 1617 1156 obsequium
1651 1085 1782 1160 augunt,
1825 1079 1913 1159 ipsos
1946 1100 2014 1143 non
2046 1079 2162 1147 dooeri.

264 1183 299 1228 es
320 1158 449 1245 defigat,
472 1161 590 1227 merito
609 1159 770 1226 ridebitur
787 1160 858 1223 eius
875 1159 1027 1237 stultitia,
1050 1159 1141 1240 atqui
1194 1157 1290 1238 Quod
1316 1178 1424 1225 cemus
1460 1161 1667 1242 potissimum
1701 1163 1872 1227 nominare
1901 1163 2032 1246 quidam
2061 1167 2163 1231 inter·

172 1269 293 1315 maiore
314 1248 457 1313 unientis
488 1246 640 1312 laborant
660 1243 855 1330 philosophi,
884 1245 939 1327 qui
961 1265 1003 1308 ex
1024 1241 1141 1309 mediis
1193 1253 1302 1327 pratas
1320 1246 1509 1311 existimant
1527 1247 1566 1312 oh
1585 1244 1749 1313 difiioilem
1762 1260 1902 1332 partum,
1926 1271 1990 1313 non
2003 1249 2163 1333 displioet.

172 1346 206 1401 at
225 1333 419 1420 propinquis
435 1331 542 1398 oausis
566 1334 638 1398 vela
655 1330 717 1397 sibi
735 1338 925 1409 oontexunt,
947 1350 989 1394 ne
1006 1349 1139 1394 manum
1193 1330 1323 1395 Dioitur
1344 1341 1451 1396 autem
1473 1351 1534 1396 vox
1554 1331 1690 1398 Domini
1708 1334 1808 1400 alvea
1826 1334 1973 1416 detegere,
2004 1336 2056 1400 vel
2087 1338 2165 1420 qnia

171 1422 234 1487 Dei
256 1420 364 1504 palam
391 1429 580 1501 operantem
608 1438 784 1501 agnosoere
812 1427 980 1499 ungantur.
1013 1414 1141 1486 ,Cedros
1193 1415 1294 1480 nullis
1310 1416 1544 1498 integumentis
1563 1429 1691 1484 aroetur
1707 1421 1880 1502 quominus
1898 1423 1931 1483 in
1943 1421 2165 1488 abditissimos

172 1506 290 1573 Liberti
310 1505 485 1589 praeeipue
509 1514 750 1579 nommemorat,
778 1503 855 1584 quia
876 1500 943 1566 illio
964 1499 1140 1566 admodum
1193 1521 1339 1584 quosque
1368 1521 1515 1568 recessus
1545 1515 1579 1569 et
1613 1525 1771 1570 cavernae
1798 1514 1963 1587 penetret:
2001 1507 2052 1571 vel
2088 1507 2165 1590 quia
2287 1504 2291 1515 '

171 1611 323 1676 prooerse
360 1600 395 1655 et
433 1589 593 1655 formosae
631 1597 735 1673 erant.
797 1587 918 1653 Libani
955 1593 990 1650 et
1020 1586 1141 1651 montis
1193 1585 1342 1664 fulmina,
1370 1588 1500 1666 imbres,
1530 1598 1563 1654 et
1588 1589 1760 1672 proeellosi
1792 1593 1882 1656 venti
1912 1591 1997 1656 foliis
2020 1591 2164 1659 deonssis

171 1679 331 1753 Hermon,
362 1676 443 1740 item
476 1676 590 1742 deserti
624 1670 725 1740 Undae
756 1673 916 1750 meminit,
952 1671 1029 1755 quis
1061 1670 1141 1737 haee
1193 1670 1324 1737 arbores
1347 1671 1523 1739 denudant.
1568 1674 1715 1757 Uterque
1742 1677 1830 1740 enim
1851 1696 1966 1742 sensus
1988 1698 2055 1743 non
2079 1678 2164 1744 male

173 1767 241 1831 loon
262 1761 393 1829 Iudaeis
421 1764 550 1826 no'tiora
579 1770 684 1825 erant.
728 1758 923 1841 Metaphora
945 1778 1024 1824 vero
1045 1758 1141 1840 plane
1192 1758 1356 1823 eonvenit.
1400 1758 1460 1842 (Ιιι
1480 1760 1590 1841 templo
1612 1760 1704 1847 eiua)
1747 1761 1859 1842 Quum
1880 1781 1945 1827 vox
1967 1761 2032 1828 Dei
2056 1772 2161 1828 toturn

171 1850 304 1934 pontina,
333 1859 368 1912 et
388 1846 442 1912 oui
463 1847 635 1912 ooniunota
656 1858 706 1911 est
727 1842 914 1930 hyperbole,
946 1844 1061 1923 utitur,
1092 1841 1140 1907 di·
1192 1843 1353 1909 mundum
1376 1844 1520 1927 impleat,
1543 1866 1641 1929 seque
1664 1847 1827 1912 diffundat
1847 1848 1883 1912 in
1906 1848 2039 1914 ultimas
2060 1870 2163 1932 nsque

171 1957 255 2014 oens,
284 1933 443 1999 libram
470 1933 589 1999 saltare
608 1933 652 1998 ed
672 1950 773 1998 vocem
797 1930 861 1997 Dei
883 1930 978 2011 quasi
999 1928 1141 2008 atnam,
1217 1929 1316 2012 lagae,
1352 1930 1423 1995 eius
1451 1938 1561 1996 tamen
1591 1933 1729 2016 gloriam
1759 1935 1793 1998 in
1824 1933 1893 1998 sola
1923 1929 2058 1999 eeclesia
2079 1934 2162 2000 eele-

172 2020 282 2087 Sirion
303 2039 384 2084 vero
416 2017 486 2104 (qui
519 2018 608 2083 idem
643 2026 694 2082 est
715 2037 810 2082 mons
843 2013 1006 2099 Hermon)
1038 2015 1142 2079 inetur
1193 1951 1282 2080 brari
1311 2012 1390 2081 dioit
1418 2015 1596 2099 propheta:
1629 2019 1707 2103 quia
1734 2019 1858 2085 soilioet
1885 2018 1979 2084 Deus
2008 2020 2074 2086 illio
2096 2041 2161 2085 non

171 2106 341 2182 amorne,
371 2104 457 2187 quod
486 2104 607 2170 seimus
629 2102 891 2185 pernioiesimum
913 2121 986 2166 esse
1007 2099 1139 2165 animal.
1193 2099 1288 2164 modo
1318 2101 1489 2167 artioulate
1517 2103 1670 2186 loquitur,
1702 2106 1759 2170 sed
1789 2104 1906 2170 blande
1929 2105 2028 2169 etiam
2050 2105 2163 2170 fideles

171 2191 300 2259 Alludit
327 2200 438 2255 autem
470 2190 512 2255 sd
545 2190 724 2255 terrifioum
755 2188 933 2252 tonitruum
966 2187 1138 2269 fragorem,
1194 2184 1234 2249 ad
1256 2205 1292 2251 se
1313 2187 1443 2251 invitat.
1488 2189 1644 2254 Terrifioa
1665 2192 1753 2255 enim
1776 2192 1846 2255 eius
1865 2211 1938 2266 vox,
1961 2210 2044 2272 quae
2062 2191 2164 2258 variis

171 2279 225 2362 qni
247 2287 375 2342 montes
396 2274 529 2340 videtur
550 2296 570 2340 a
591 2277 659 2340 suis
682 2274 843 2340 radioibus
860 2273 929 2337 fere
945 2269 1139 2337 eonvellere.
1193 2270 1297 2337 modis
1320 2272 1355 2336 in
1384 2285 1459 2337 aere
1482 2283 1583 2348 tonat.
1617 2277 1664 2341 sio
1693 2275 1844 2341 verberat
1867 2276 2034 2340 hominum
2058 2298 2163 2356 aures,

172 2362 300 2429 Similis
321 2371 372 2427 est
392 2362 508 2444 figura,
542 2361 599 2425 ubi
621 2360 700 2424 dioit
721 2358 869 2424 Iebooam
889 2358 1030 2423 exedere
1046 2357 1139 2436 flom-
1192 2367 1226 2420 et
1242 2357 1340 2422 eorda
1362 2357 1479 2439 pulsat,
1504 2373 1541 2423 ut
1565 2369 1672 2426 tamen
1696 2362 1845 2427 reoedere
1867 2382 1964 2444 quam
1988 2363 2162 2445 appropin-

170 2469 239 2515 mes
271 2448 367 2532 ignia,
406 2447 484 2512 dum
524 2447 648 2512 soilioet
687 2445 912 2511 exhalationes
943 2442 1038 2525 quasi
1068 2442 1140 2508 eius
1192 2463 1293 2525 quare
1315 2443 1439 2509 malint.
1484 2443 1611 2511 Omitto
1634 2449 1719 2529 quod
1743 2448 1828 2512 bons
1849 2467 1926 2529 pars
1947 2449 2056 2512 surdis
2075 2448 2163 2512 auri·

171 2534 286 2600 malleo
307 2553 490 2617 persuasae,
514 2533 549 2596 in
572 2531 716 2615 fulgetra
737 2538 771 2596 et
792 2529 932 2595 fulmina
950 2536 1137 2610 erumpunt.
1191 2529 1252 2593 bus
1274 2527 1419 2593 sonitum
1454 2530 1541 2596 roois
1574 2531 1706 2598 divinae
1738 2533 1771 2597 in
1803 2531 1961 2616 proeellis,
1993 2532 2161 2609 imbribus,

170 2621 221 2686 De
252 2619 306 2685 his
335 2619 432 2684 rebus
464 2619 653 2683 tentissime
687 2615 882 2681 Aristoteles
913 2617 949 2680 in
982 2613 1138 2678 Meteoris
1192 2614 1327 2697 tonitru,
1350 2623 1383 2678 et
1405 2613 1600 2683 fulminibus
1622 2619 1789 2702 praeterit
1834 2617 1921 2699 Quia
1939 2638 2017 2701 ergo
2035 2638 2101 2683 non
2125 2640 2162 2683 eo

171 2706 326 2790 disputat,
346 2716 505 2787 quantum
528 2702 568 2767 ad
592 2703 790 2787 propinquas
812 2722 935 2779 oausas,
968 2699 1031 2764 nisi
1052 2699 1138 2781 quod
1191 2720 1294 2781 usque
1316 2701 1491 2783 proiioiunt
1521 2702 1671 2769 homines
1703 2707 1739 2768 in
1761 2704 1819 2768 illa
1840 2702 2020 2769 universali
2043 2703 2164 2784 sohola,

170 2792 378 2875 praeeipuam
407 2800 505 2872 eaput
534 2789 664 2854 omittit.
708 2789 807 2853 Esset
839 2786 970 2869 quidem
993 2784 1084 2848 utilis
1105 2794 1139 2849 et
1191 2798 1229 2848 ιιι
1251 2805 1286 2850 se
1308 2786 1379 2851 Deo
1401 2786 1593 2853 subiioiant:
1616 2792 1697 2855 snite
1719 2789 1829 2856 David
1846 2788 2031 2874 speoialiter
2049 2789 2163 2854 fideles

169 2875 329 2944 ineundae
346 2896 442 2941 arum
463 2896 575 2941 rerum
596 2874 817 2957 investigatio,
840 2874 869 2936 si
891 2893 961 2949 nos,
983 2887 1021 2935 ut
1044 2871 1137 2936 deae·
1191 2870 1270 2936 dioit
1290 2868 1403 2937 laudes
1425 2871 1491 2937 Dei
1512 2874 1548 2939 in
1572 2877 1692 2959 templo
1714 2877 1783 2942 eius
1804 2897 1941 2941 oanere:
1974 2885 2088 2957 utpote
2105 2875 2163 2958 qui

171 2960 232 3041 bat,
255 2983 355 3027 manu
378 2963 512 3026 duoeret
533 2959 574 3025 ad
596 2961 704 3042 ipsum
727 2970 865 3024 naturae
886 2968 1049 3022 autorem:
1079 2956 1137 3022 sed
1190 2956 1396 3022 familiariter
1417 2958 1521 3024 edoati
1543 2973 1680 3041 paterna
1701 2964 1771 3026 eius
1796 2981 1883 3039 vooe,
1907 2970 1992 3025 totos
2014 2982 2049 3024 se
2070 2960 2162 3026 addi·

170 3049 225 3116 ubi
257 3047 392 3113 totidem
424 3046 601 3112 obstaoulis
639 3067 698 3111 nos
731 3052 879 3108 moratur
911 3064 949 3108 ao
981 3043 1136 3119 retardat,
1190 3052 1269 3108 eunt
1289 3043 1323 3106 in
1348 3044 1419 3108 eius
1437 3043 1562 3109 uultum
1580 3056 1615 3111 et
1631 3057 1832 3112 oonseorant.
1877 3047 1981 3110 Nemo
2000 3048 2087 3109 enim
2100 3047 2163 3124 rite

170 3144 246 3218 quot
267 3146 442 3199 oeeurrunt
463 3132 589 3197 mediae
607 3152 733 3208 eausae,
756 3130 839 3195 nihil
855 3138 907 3194 est
923 3128 1029 3212 magis
1046 3146 1136 3210 pras·
1189 3127 1328 3210 gloriam
1350 3128 1414 3194 Dei
1437 3128 1611 3210 praeditat,
1634 3133 1697 3197 nisi
1720 3133 1775 3215 qui
1798 3132 2004 3197 voluntarius
2024 3142 2075 3195 est
2092 3132 2163 3196 eius

169 3229 343 3302 posterum,
372 3217 510 3301 perinde
541 3217 630 3281 enim
660 3228 710 3281 est
738 3236 776 3280 ao
805 3216 832 3280 si
862 3215 936 3296 quis
966 3213 1137 3294 inprimis
1189 3214 1303 3278 oultor.
1370 3217 1419 3278 Ao
1457 3227 1567 3296 posset
1608 3215 1668 3283 hoe
1705 3219 1739 3281 in
1772 3218 1904 3282 modum
1939 3216 2162 3297 querimoniae

169 3304 362 3370 rudimentis
393 3312 463 3369 tota
495 3303 565 3368 vita
597 3301 760 3367 subsistat.
816 3299 967 3380 Denique
997 3298 1058 3362 hoe
1086 3310 1138 3362 est
1189 3299 1298 3379 toeipi,
1329 3308 1367 3362 ut
1396 3299 1505 3364 David
1540 3313 1669 3368 aoouset
1700 3304 1801 3367 totius
1830 3302 1945 3366 mundi
1975 3301 2161 3367 silentium:

169 3392 214 3457 ita
235 3391 370 3470 disoere,
404 3400 440 3453 ut
469 3387 552 3453 nihil
580 3408 725 3469 unquam
755 3386 847 3451 seiae.
892 3384 1003 3450 Unum
1036 3385 1137 3466 igitur
1189 3385 1264 3465 quia
1297 3404 1399 3465 quum
1431 3384 1550 3468 ubique
1590 3409 1655 3454 vox
1688 3390 1758 3454 eius
1793 3396 1953 3471 personet,
2000 3406 2161 3470 nusquam

168 3477 262 3542 laude
285 3475 419 3558 dignum
450 3495 587 3540 aoumen
610 3483 669 3549 est,
698 3472 859 3537 vehioulis
881 3471 952 3534 istis
974 3469 1079 3533 attolli
1101 3470 1136 3534 in
1188 3467 1417 3552 praedioentnr
1459 3474 1530 3537 eius
1570 3474 1684 3539 laudes
1724 3475 1787 3538 nisi
1826 3476 1863 3538 in
1898 3473 1992 3538 unioo
2029 3473 2160 3554 templo.

167 3563 293 3628 eoelum
311 3582 423 3643 usque,
444 3572 567 3625 utnon
586 3570 712 3623 tantum
732 3557 883 3623 oonfusus
901 3558 1029 3620 sonitus
1041 3575 1137 3620 aures
1188 3553 1332 3620 Videtur
1362 3566 1471 3621 tamen
1501 3558 1628 3640 piorum
1660 3560 1810 3642 exemplo
1844 3571 1949 3625 totum
1977 3557 2159 3623 humanum

167 3663 296 3714 nostras
317 3646 423 3725 feriat,
446 3668 481 3711 ee
526 3667 591 3709 vox
616 3645 749 3708 Domini
766 3640 808 3706 ad
827 3643 979 3724 pietatem
999 3639 1136 3706 erudiat.
1188 3661 1292 3724 genus
1315 3641 1440 3706 hortari
1462 3642 1503 3708 ad
1526 3646 1756 3719 eelebrandum
1779 3646 1843 3710 Dei
1867 3665 1993 3720 nomen,
2027 3654 2060 3707 et
2082 3665 2158 3708 oon·

167 3732 310 3814 Quidam
333 3729 471 3796 verbum
509 3730 583 3810 ἰηι,
615 3729 709 3794 aliter
731 3736 909 3810 exponunt,
939 3725 1025 3809 quod
1049 3726 1137 3792 Deus
1188 3726 1273 3792 sulto
1306 3729 1465 3809 templum
1499 3739 1642 3796 statuere
1681 3733 1772 3815 quasi
1807 3731 2004 3796 auditorium
2038 3729 2158 3808 gloriae

161 3819 329 3900 perierim
358 3816 458 3898 feriet
489 3819 644 3882 desertm
681 3814 792 3893 Gades,
836 3815 911 3895 quia
951 3816 985 3876 in
1026 3813 1136 3895 populi
1188 3812 1268 3877 Dei:
1291 3821 1329 3877 ut
1350 3814 1516 3891 eoiremue,
1547 3817 1587 3880 ad
1611 3820 1720 3883 Deum
1745 3838 1822 3883 vere
1844 3814 2103 3898 eognoscendum
2126 3826 2159 3879 et

167 3906 308 3970 transitu
331 3902 434 3968 multa
455 3905 490 3967 in
513 3924 551 3966 eo
572 3900 731 3967 miraeula
752 3901 840 3966 edita
860 3900 1009 3968 fuerunt:
1039 3919 1136 3980 quem
1188 3896 1398 3975 laudandum,
1421 3898 1485 3963 alia
1509 3922 1585 3967 vooe
1607 3924 1688 3986 opus
1707 3924 1785 3974 esse,
1809 3923 1906 3984 quam
1926 3921 1983 3983 per
2001 3899 2159 3982 tonitrua,

169 4011 302 4056 sensum
332 4000 488 4071 tanquam
517 3989 613 4071 longe
640 3987 780 4070 petitum
813 3996 847 4049 et
869 3985 967 4051 nimis
988 3991 1136 4049 ooaotum
1188 3985 1308 4048 imbres
1330 3994 1363 4046 et
1385 3985 1543 4065 proeellas
1566 3988 1600 4051 in
1633 4002 1709 4053 aere
1731 3987 1896 4052 montibus
1918 3997 1952 4051 et
1973 3985 2066 4050 silvie
2099 4006 2157 4049 au·

165 4075 312 4159 repudio.
358 4073 497 4139 Videtur
526 4073 615 4137 enim
646 4072 757 4156 potius
784 4071 932 4136 alludere
963 4068 1073 4135 David
1095 4069 1135 4134 ad
1189 4069 1286 4150 ditur,
1316 4070 1379 4134 nisi
1408 4071 1495 4134 enim
1525 4073 1696 4139 artioulate
1726 4094 1784 4138 nos
1813 4073 1934 4146 dooeat,
1964 4080 1998 4136 et
2027 4070 2156 4153 quidem

165 4181 369 4228 eommunem
408 4160 576 4224 hominum
607 4178 752 4236 sensum,
785 4177 861 4221 nam
894 4177 993 4238 quum
1022 4177 1080 4238 per
1101 4177 1136 4221 se
1188 4156 1315 4238 paterni
1337 4156 1458 4222 amoris
1480 4167 1612 4240 gustum
1636 4159 1804 4241 praebens,
1826 4158 1868 4223 ad
1891 4178 1926 4222 ee
1947 4156 2067 4222 blande
2085 4156 2158 4219 alli·

167 4246 320 4312 horridae
347 4247 416 4311 sint
442 4243 646 4322 solitudines,
677 4244 753 4326 plus
782 4243 850 4307 illio
880 4241 1014 4306 terroris
1045 4242 1135 4306 inon-
1188 4241 1261 4323 aiat,
1289 4241 1371 4304 muti
1390 4262 1519 4324 semper
1536 4245 1720 4310 iaoebimus.
1757 4244 1837 4310 Sola
1855 4251 1905 4308 est
1921 4243 2026 4325 igitur
2043 4242 2157 4307 salutis

167 4334 254 4397 tiunt
275 4333 429 4408 tonitrua,
452 4329 631 4415 grandines
652 4339 686 4394 et
703 4328 880 4412 proeellas:
902 4349 968 4392 non
987 4326 1137 4409 displioet
1188 4326 1337 4392 doctrina
1367 4347 1449 4409 quae
1477 4329 1547 4393 eius
1575 4331 1725 4412 gratiam,
1760 4339 1927 4412 totamque
1955 4328 2155 4394 voluntatem

166 4428 289 4495 tamen,
321 4438 382 4500 pro
409 4416 489 4482 feris
517 4415 597 4498 ipsis
627 4413 793 4479 desertum
816 4413 918 4498 aeoipi
940 4434 999 4495 per
1019 4433 1135 4495 syneo·
1187 4415 1280 4479 nobis
1301 4413 1389 4478 olare
1410 4414 1615 4496 patefsoiens,
1640 4416 1738 4481 eorda
1758 4425 1871 4482 nostra
1893 4414 2063 4491 exhilarat,
2085 4435 2156 4478 ora·

167 4504 312 4571 doohen:
341 4515 438 4585 atque
464 4504 509 4565 ita
539 4500 709 4583 proximus
730 4520 852 4577 versus,
887 4499 942 4565 ubi
965 4520 1134 4565 cervarum
1188 4521 1251 4580 que
1273 4507 1386 4563 nostra
1457 4501 1519 4564 erit
1540 4500 1579 4564 ad
1601 4501 1765 4568 oenandae
1787 4502 1857 4566 eius
1878 4500 2000 4566 laudes.
2046 4501 2156 4581 ltaque

166 4590 205 4654 fit
226 4589 360 4669 mentio,
383 4588 550 4671 exegetica
572 4584 702 4650 additus
725 4588 797 4651 erit.
1141 4617 1143 4623 ·
1190 4586 1266 4650 hino
1287 4584 1357 4651 eius
1379 4585 1433 4650 lau
1457 4583 1535 4649 andi
1552 4589 1636 4653 ratio
1655 4588 1808 4653 disoenda
1826 4597 1891 4652 est:
1913 4596 1946 4650 et
1965 4598 2050 4650 uerte
2070 4585 2157 4648 vide-

519 4694 524 4705 ·
690 4724 696 4736 .
809 4723 816 4736 .
1130 4725 1137 4738 .
1188 4693 1272 4747 mus,
1305 4671 1433 4736 nullum
1466 4682 1545 4735 tuno
1578 4674 1612 4737 in
1646 4682 1713 4738 toto
1736 4674 1821 4752 orbe,
1857 4679 1993 4754 exeepta
2026 4670 2158 4748 Iudaea,

252 4728 283 4793 9·
315 4725 381 4793 V⁰³⁹
409 4723 542 4790 Imm
565 4729 731 4806 parturire
750 4722 828 4803 sam
849 4743 965 4804 mast
994 4727 1137 4809 ereren
1188 4759 1288 4822 fuisse
1310 4758 1440 4840 pietatis
1462 4757 1588 4823 lumen:
1617 4759 1682 4824 imo
1704 4758 1889 4841 philosophi
1910 4758 1966 4840 qui
1988 4757 2154 4821 visisunt

168 4814 346 4966 {glagbhei
384 4812 418 4876 θ’
457 4809 573 4910 timim
611 4810 680 4908 iius
721 4829 824 4907 Omne?
862 4809 968 4906 ‘imm
1001 4809 1135 4875 laudem·
1188 4842 1229 4907 ad
1262 4844 1325 4908 Dei
1358 4843 1509 4907 notitiam
1543 4846 1678 4928 propius
1712 4846 1872 4921 aooedere,
1907 4841 1990 4906 nihil
2024 4863 2157 4923 prorsus

211 4951 218 4965 ·
263 4918 362 4964 8οΜ
378 4895 498 4963 dam
509 4897 680 4980 Praeffldeb
698 4894 1004 4977 P'Wdemquam
1022 4894 1136 4961 sem
1188 4930 1331 4994 afferunt
1352 4927 1438 5012 quod
1468 4949 1542 4993 eum
1572 4952 1646 4995 vere
1666 4931 1834 5013 glorifieet.
1877 4926 2045 5008 Quidquid
2068 4929 2154 4991 enim

165 5006 241 5086 Μ.
256 4986 291 5050 ⁵7³
318 4987 532 5079 perpetuum&
571 4982 620 5046 ll·
656 4979 771 5045 leima
807 4979 902 5078 idm
926 4980 1046 5063 P⁰P¹⁴l⁰
1079 5001 1136 5046 ³²⁴⁰
1188 5014 1228 5079 de
1250 5015 1407 5099 religione
1429 5011 1605 5096 disserunt,
1627 5036 1693 5080 non
1715 5015 1810 5079 modo
1832 5013 1988 5097 frigidum
2011 5022 2069 5092 est,
2099 5015 2154 5079 sed

163 5070 264 5151 ‘m’
287 5069 405 5134 lema
427 5067 576 5133 bmedwet
590 5065 711 5149 ²²⁰²⁹¹d⁰
732 5085 789 5132 ⁸¹⁴⁰
810 5085 846 5129 m
862 5085 949 5147 9⁰⁰⁶·
1187 5101 1254 5165 fere
1294 5099 1482 5182 insipidum.
1536 5102 1627 5184 Ergo
1668 5103 1701 5164 in
1734 5101 1802 5165 eolo
1835 5101 1904 5164 eius
1937 5099 2037 5164 verbo
2070 5100 2157 5167 lueet

165 5186 168 5191 ’
251 5190 283 5256 9.
305 5189 393 5275 (Vos
426 5187 556 5253 Ieltovae
583 5187 748 5267 parturire
776 5183 880 5270 feeit.)
931 5184 1053 5253 Subest
1084 5186 1136 5273 (ut
1186 5187 1318 5267 veritas,
1340 5206 1423 5270 quae
1445 5207 1505 5252 nos
1527 5186 1567 5252 ad
1590 5188 1744 5268 pietatem
1767 5184 1917 5250 addueat.

267 5290 378 5348 odoini
392 5306 487 5359 opera.
508 5289 568 5344 Vol.
584 5288 702 5344 XXXI.
1917 5287 1951 5342 19
