4658 5856
210 344 253 408 95
1063 336 1281 406 PSALMUS
1304 336 1366 406 IX.
2171 341 2215 407 96

210 538 261 596 est
282 528 425 613 ingenio,
447 529 503 611 qui
525 528 554 592 si
577 528 700 611 aperiat
722 529 840 604 oculos,
870 547 933 592 non
956 526 1068 593 videat
1090 526 1186 592 mira-
1237 525 1387 592 modulos
1424 525 1624 609 compositus
1657 527 1719 591 fuit
1752 526 1914 593 Psalmus.
1970 527 2067 608 Quod
2101 539 2214 594 autem

211 616 270 680 bili
293 616 357 680 Dei
387 613 595 698 providentia
618 613 688 678 fieri
711 621 748 677 ιιι
769 612 843 696 equi
866 623 900 678 ιι
922 614 1022 679 boves
1045 611 1184 676 homini·
1238 610 1406 694 disputant
1428 610 1624 693 interpretes
1644 633 1743 694 quani
1776 612 1946 678 victoriam
1969 614 2023 679 hie
2046 613 2216 696 praedicet

212 703 273 768 bns
294 722 353 766 sua
377 701 532 782 obsequia
555 698 745 781 praebeant:
770 710 806 763 ut
829 697 870 762 ιιι
893 698 1022 763 eosdem
1047 698 1186 763 vestisn·
1238 696 1360 782 David,
1399 717 1471 762 meo
1512 697 1632 763 iudicio
1673 699 1772 762 inane
1812 707 1870 764 est.
1927 698 2078 763 Primum
2125 700 2214 783 quod

210 786 269 852 dos
290 787 402 852 lanam
424 787 608 868 producant
629 805 714 862 oves,
738 793 776 849 ut
797 783 912 849 iisdem
930 784 1125 848 alimentum
1144 805 1186 847 ex
1237 783 1417 867 epinicinm
1446 804 1518 848 esse
1548 784 1748 863 existimant,
1778 783 1812 847 in
1836 804 1900 867 quo
1923 784 2117 866 simpliciter
2140 786 2214 851 Deo

212 873 344 955 propria
380 893 478 937 earne
514 891 610 935 omne
636 891 741 952 genus
776 869 931 935 animalia
965 869 1184 951 suppeditent.
1237 869 1362 952 gratias
1405 877 1482 951 agat
1528 867 1645 947 David,
1689 876 1865 935 contextus
1908 890 2020 934 eorum
2066 891 2215 936 eri-orem

210 957 286 1039 Quo
310 958 415 1041 magis
438 956 565 1022 visibile
593 964 642 1020 est
664 954 798 1020 dominii
822 955 920 1019 huius
944 955 1186 1032 documentum,
1237 955 1394 1037 coarguit.
1448 955 1520 1019 Etsi
1555 955 1642 1019 enim
1672 954 1776 1021 maior
1806 976 1882 1036 pars
1912 956 1945 1018 in
1969 955 2125 1022 canendis
2149 957 2216 1022 Dei

212 1044 339 1126 quoties
382 1042 432 1106 vel
467 1042 538 1107 cibo
580 1041 748 1119 vestimur,
794 1040 845 1105 vel
879 1040 1019 1104 fruimur
1053 1040 1185 1123 reliquis
1237 1039 1388 1104 laudibus
1409 1039 1621 1120 eonsumitur,
1645 1049 1755 1104 tamen
1779 1040 1840 1106 hoc
1863 1049 1969 1105 totum
1993 1040 2033 1105 ad
2051 1043 2216 1125 precatio·

211 1127 399 1207 eommodis,
427 1126 557 1192 divinae
584 1127 709 1210 gratiae
739 1148 838 1192 sensu
867 1147 926 1191 nes
958 1125 1064 1209 magis
1094 1125 1186 1190 decet
1237 1147 1312 1189 nem
1336 1125 1449 1189 referri
1474 1125 1578 1204 debet,
1608 1146 1686 1190 nani
1717 1135 1753 1189 ut
1776 1126 1921 1190 animum
1946 1148 2040 1191 suum
2064 1126 2107 1192 ad
2127 1127 2216 1194 fidu-

211 1215 307 1279 affici.
347 1214 420 1278 Non
444 1233 522 1294 ergo
545 1210 735 1292 simpliciter
758 1211 913 1294 intelligit
934 1211 1056 1288 David,
1080 1212 1183 1275 omni·
1236 1212 1320 1276 eiam
1350 1212 1464 1294 erigat,
1494 1232 1670 1277 more-suo
1701 1221 1935 1277 commemorat
1963 1233 2061 1295 quam
2089 1214 2217 1298 insigni

212 1300 272 1364 bus
301 1300 363 1364 Dei
393 1297 545 1380 operibus
573 1298 770 1379 praefectum
802 1319 872 1361 esse
901 1297 1076 1374 hominem,
1108 1296 1185 1378 quia
1236 1296 1299 1360 Dei
1331 1297 1476 1379 potentia
1506 1306 1638 1380 ereptus
1667 1309 1744 1360 ante
1774 1298 1887 1362 suisset
1917 1298 2021 1363 ex.‚vi
2051 1309 2084 1363 et
2114 1320 2218 1365 manu

211 1405 247 1449 se
278 1385 353 1448 lana
384 1393 416 1448 et
448 1382 586 1464 pellibus
618 1383 744 1456 vestiat,
774 1384 850 1465 quia
873 1383 1065 1447 animalium
1087 1403 1185 1446 earne
1237 1381 1390 1447 hostium.
1414 1380 1525 1462 Quare
1548 1382 1726 1446 absurdum
1750 1395 1808 1460 est,
1832 1384 2017 1466 gratiarum
2040 1383 2214 1460 actionem,

210 1481 362 1536 vescatur
403 1470 476 1550 quia
517 1488 628 1532 corum
662 1468 806 1532 laborem
841 1468 881 1533 ιιι
923 1489 980 1533 sua
1015 1467 1185 1533 commoda
1236 1488 1333 1549 quam
1374 1468 1496 1533 multas
1539 1466 1748 1532 liberationes
1792 1470 1964 1552 complecti
2001 1469 2125 1547 ¹soluit,
2173 1470 2215 1536 ad

211 1557 367 1639 applicet:
397 1555 454 1620 sed
485 1562 613 1617 tantum
637 1551 838 1619 demonstrat
860 1555 894 1617 in
918 1553 978 1618 hoe
1000 1553 1184 1635 spectaculo
1237 1553 1409 1618 victoriam
1432 1574 1531 1618 unam
1555 1554 1767 1638 restringere.

210 1641 390 1705 dominium
432 1639 512 1703 illud
548 1659 613 1720 quo
644 1638 750 1720 ipsuin
786 1639 878 1705 Deus
911 1641 1052 1703 ornavit.
1108 1637 1185 1702 Huc

209 1740 319 1791 autom
349 1735 476 1807 spectat
503 1745 640 1801 summa,
678 1723 785 1788 Deum
815 1726 848 1788 in
881 1725 1014 1788 homine
1043 1721 1185 1790 creando
1323 1724 1352 1787 2.
1378 1722 1540 1789 Celebrate
1564 1725 1712 1790 Iehevem
1734 1725 1769 1792 ιιι
1790 1727 1955 1792 totocorde
1971 1746 2053 1791 meo:
2073 1727 2217 1792 canobo

210 1814 372 1894 specimen
397 1813 575 1874 immensae
598 1830 675 1892 erga
696 1831 770 1873 oiim
790 1812 914 1893 gratioe
937 1821 969 1874 et
992 1809 1184 1892 plusquam
1236 1810 1342 1873 omnio
1364 1809 1528 1874 mirabilia
1550 1816 1613 1876 tua.
1658 1812 1688 1874 3.
1713 1809 1870 1880 Lactobor
1892 1817 1921 1876 et
1941 1812 2098 1876 exsultabo
2119 1813 2156 1876 ιἰι
2176 1818 2217 1890 te,

209 1898 336 1980 paterni
372 1897 493 1960 amoris
526 1894 674 1970 edidisse,
709 1896 793 1978 quod
828 1897 944 1959 merito
978 1917 1037 1959 nos
1071 1914 1185 1958 omnes
1230 1895 1374 1975 psallam
1403 1895 1522 1960 nomini
1550 1902 1610 1973 tuo,
1640 1917 1658 1960 o
1687 1896 1828 1966 Excelsa
1873 1898 1904 1963 4.
1927 1899 2017 1964 Dum
2050 1903 2220 1963 vertantur

211 1984 348 2046 reddere
387 1980 503 2045 debeat
533 1981 697 2044 attonitos.
754 1981 824 2044 lain
859 1982 1009 2062 quamvis
1039 1979 1184 2043 hominis
1236 1981 1359 2046 inimici
1396 1981 1456 2045 mei
1486 1985 1671 2062 retrorsum,
1699 1988 1869 2052 concident
1896 1989 1926 2049 et
1950 1985 2167 2066 profiteantur
2196 2004 2220 2048 a

212 2069 393 2132 defectione
424 2065 566 2131 conditio
599 2065 657 2128 illa
688 2066 754 2129 fere
782 2087 914 2149 pessum
937 2067 1021 2143 ierit,
1051 2086 1184 2129 manere
1234 2066 1317 2148 faeie
1338 2072 1404 2130 tuo.

211 2165 321 2216 tamen
357 2153 464 2217 adhue
497 2148 652 2234 quasdam
686 2150 776 2217 illius
813 2151 944 2216 divinae
977 2151 1184 2215 liberalitatis

211 2239 376 2321 reliquias,
411 2259 493 2321 quae
527 2236 567 2300 ad
601 2236 773 2301 creandam
807 2238 901 2302 nobis
933 2237 1183 2301 admirationem
1208 2260 1240 2329 1·
1321 2237 1351 2300 2.
1374 2235 1549 2321 (Celebrate
1573 2236 1748 2325 lehooam.)
1778 2241 1832 2306 Ita
1854 2238 2025 2323 praefatur
2046 2247 2082 2302 ut
2104 2237 2218 2304 Deum

210 2326 384 2390 sufficiant.
435 2321 502 2387 Sed
535 2320 610 2405 quia
642 2322 676 2385 in
711 2322 771 2388 hac
805 2323 939 2406 lugubri
974 2322 1185 2404 dissipatione
1236 2321 1276 2385 ad
1307 2343 1400 2404 opem
1431 2323 1464 2386 in
1488 2325 1713 2404 praesentibus
1736 2327 1831 2392 malis
1861 2323 2030 2390 ferendam
2053 2324 2113 2389 sibi
2137 2346 2219 2390 con·

210 2432 276 2475 non
310 2409 449 2492 amplius
476 2408 616 2491 refulget
645 2406 812 2490 legitimus
843 2409 898 2472 ille
928 2420 1068 2487 naturae¹
1095 2404 1184 2483 ordo,
1236 2406 1334 2472 ciliet.
1387 2407 1472 2471 Nam
1502 2412 1578 2489 quia
1609 2410 1702 2476 Deus
1735 2414 1891 2478 continuo
1926 2424 2036 2474 tenore
2072 2409 2215 2491 gratiam

210 2494 321 2560 fideles
345 2510 465 2571 tamen,
500 2515 580 2576 quos
604 2491 696 2556 Deus
719 2492 779 2557 sub
801 2493 933 2556 Christo
957 2494 1062 2575 eapite
1085 2491 1127 2554 ad
1150 2512 1185 2553 se
1237 2512 1331 2555 suam
1366 2514 1445 2575 erga
1484 2493 1599 2557 fideles
1633 2506 1851 2579 prosequitur,
1893 2495 2050 2577 quidquid
2084 2495 2120 2559 in
2154 2517 2217 2560 iios

209 2581 344 2665 colligit,
376 2580 507 2644 residua
529 2579 699 2652 bonorum,
729 2577 846 2658 quibus
868 2578 900 2639 in
926 2577 1032 2640 Adam
1056 2575 1186 2656 spoliati
1210 2604 1213 2697 Ι
1239 2575 1384 2651 contulit,
1416 2598 1506 2657 spem
1533 2587 1675 2643 nostram
1702 2583 1735 2645 in
1759 2595 1927 2665 posterum
1952 2594 2081 2663 tempus
2103 2581 2217 2647 fovere

210 2667 348 2744 fuerant,
371 2677 466 2747 parte
490 2666 535 2726 sie
556 2662 663 2742 potiri,
687 2669 723 2723 ut
743 2661 851 2741 ampla
873 2661 939 2724 illis
961 2659 1186 2725 admirationis
1239 2661 1343 2724 debet.
1391 2662 1450 2724 Est
1478 2662 1607 2742 quidem
1638 2667 1673 2728 in
1702 2668 1742 2731 iis
1761 2668 1869 2733 verbis
1898 2666 2112 2750 gratitudinis
2141 2687 2217 2749 pro·

209 2753 348 2814 materia
370 2755 532 2829 suppetat,
556 2745 641 2827 quod
665 2753 733 2807 tam
757 2744 897 2828 benigne
920 2747 960 2811 ab
983 2767 1022 2810 ιο
1045 2757 1185 2810 traeten·
1211 2710 1214 2819 l
1239 2746 1344 2824 fessio,
1374 2746 1429 2810 sed
1461 2756 1570 2811 tamen
1601 2770 1636 2813 se
1670 2752 1731 2816 hac
1766 2755 1922 2818 memoria
1954 2752 2051 2815 siniiil
2085 2753 2216 2816 animat

209 2845 272 2899 tur.
327 2833 399 2897 litai
434 2841 545 2895 autem
577 2829 687 2893 David
722 2838 849 2893 tantum
882 2831 918 2894 in
952 2831 1186 2914 temporalibus
1211 2824 1214 2947 l
1241 2830 1350 2895 David
1380 2830 1421 2894 ad
1452 2831 1532 2895 bene
1560 2838 1776 2914 sperandum:
1806 2850 1839 2904 et
1868 2839 1929 2904 hoe
1959 2837 2058 2901 modo
2078 2836 2216 2902 ienuam

210 2919 273 2982 Dei
306 2917 473 2981 beneficiis
505 2914 655 2990 subsidit,
692 2929 841 2978 nostrum
872 2925 980 2980 tamen
1012 2929 1061 2981 ost
1085 2917 1186 2980 altius
1240 2937 1319 2980 suae
1356 2917 1549 2998 precationis
1585 2923 1700 3001 aperit.
1746 2925 1867 2989 Totum
1903 2945 1958 2990 eor
1991 2944 2049 3004 pro
2085 2923 2216 3006 integro

208 3002 371 3086 progredi,
395 3012 428 3064 et
450 2998 703 3074 inaestimabiles
726 3000 872 3065 coelestis
891 3002 985 3083 regni
1003 3002 1185 3078 thesauros,
1239 3001 1405 3083 accipitur,
1436 3002 1489 3065 vel
1511 3003 1647 3081 sincero,
1679 3010 1763 3090 quod
1786 3012 1961 3093 opponitur
1984 3006 2115 3090 duplici.
2161 3007 2216 3073 Ita

211 3110 291 3170 quos
317 3091 347 3153 in
373 3085 507 3152 Christo
531 3085 697 3167 explicuit,
729 3094 762 3148 et
784 3105 996 3169 quaecunque
1026 3088 1067 3151 ad
1090 3087 1186 3170 spiri·
1238 3109 1272 3152 se
1309 3109 1373 3150 non
1406 3088 1510 3152 solum
1545 3111 1564 3154 a
1597 3096 1714 3158 crassis
1747 3094 1928 3178 hypocritis
1956 3092 2122 3169 discernit,
2157 3095 2213 3177 qui

211 3175 334 3239 tualem
370 3174 473 3238 'vitam
504 3172 673 3258 pertinent
702 3169 797 3248 dona,
836 3183 998 3256 reputare,
1039 3183 1076 3238 ut
1106 3176 1185 3239 haee
1238 3175 1376 3237 summis
1417 3183 1544 3238 tantum
1585 3176 1697 3261 labris,
1739 3180 1860 3262 absque
1893 3179 2050 3244 interiore
2082 3179 2213 3258 affectu,

209 3259 426 3326 consideratio
457 3259 554 3323 corda
584 3265 696 3321 nostra
726 3257 766 3321 ad
796 3257 926 3341 pietatis
960 3259 1104 3324 studium
1134 3282 1186 3326 ac·
1238 3259 1347 3323 Deum
1387 3260 1537 3324 laudant:
1579 3261 1635 3326 sed
1668 3264 1824 3348 quidquid
1857 3264 2021 3349 praeclare
2054 3264 2214 3330 haetenus

208 3347 337 3426 candet,
368 3366 426 3410 uec
453 3356 583 3427 torpere
617 3363 676 3408 nos
709 3345 796 3408 sinat
825 3344 860 3406 in
890 3343 1094 3411 celebrandis
1117 3347 1185 3410 eius
1237 3347 1347 3428 gessit,
1377 3366 1412 3409 se
1442 3347 1475 3409 in
1499 3346 1639 3413 solidum
1672 3360 1812 3415 testatur
1834 3369 2009 3434 agnoscere
2031 3350 2214 3432 proiectum

209 3430 370 3496 laudibus.
1238 3453 1256 3495 a
1279 3451 1369 3495 mera
1392 3432 1453 3496 Dei
1476 3435 1590 3514 gratia.
1627 3435 1712 3499 Nam
1736 3439 1886 3518 quamvis
1909 3436 2062 3518 profanos
2084 3454 2214 3518 quoque

1237 3516 1393 3594 homines,
1417 3516 1473 3581 ubi
1496 3517 1604 3600 aliqua
1623 3521 1826 3586 memorabili
1849 3522 1988 3588 victoria
2011 3520 2106 3602 potiti
2125 3530 2214 3602 sunt,

1238 3600 1346 3664 Deum
1375 3624 1434 3666 sua
1465 3601 1559 3666 laude
1588 3603 1740 3670 fraudare
1772 3606 1900 3689 pudeat,
1930 3606 2080 3671 videmus
2103 3619 2214 3671 tamen

1239 3695 1409 3766 postquam
1433 3708 1497 3749 nno
1522 3687 1623 3750 verbo
1645 3693 1785 3756 confessi
1807 3701 1886 3756 sunt
1916 3714 1935 3756 a
1959 3692 2030 3755 Deo
2053 3710 2088 3757 se
2110 3691 2214 3757 fuisse

549 3762 758 3834 Petilius
780 3763 846 3830 IX.
1238 3768 1374 3843 adiutos,
1398 3771 1509 3834 statim
1533 3769 1710 3837 advenam
1734 3777 1922 3843 iactantiam
1945 3776 2065 3841 relabi:
2093 3787 2128 3841 et
2149 3777 2213 3842 sibi

1239 3853 1317 3934 ipsis
1347 3873 1463 3918 canere
1494 3856 1687 3937 triumphos,
1715 3880 1752 3925 ac
1781 3863 1808 3927 si
1832 3862 1906 3927 Deo
1936 3861 2018 3927 nihil
2042 3861 2211 3927 deberent.

211 3959 297 4013 nite.
316 3958 570 4035 Davidupostquiim
589 3953 723 4007 recensuit
740 3954 894 4022 superiores
911 3970 979 4021 quaa
994 3953 1109 4021 adeptus
1128 3956 1189 4003 erat
1240 3939 1390 4019 Denique
1419 3940 1501 4002 nihil
1532 3940 1619 4004 aliud
1646 3963 1743 4024 quam
1772 3946 1900 4023 ludunt,
1935 3946 2065 4029 quoties
2098 3947 2216 4012 obten-

316 4028 453 4085 vietorias,
476 4040 507 4076 ae
525 4041 552 4075 iu
577 4039 669 4075 eorum
692 4038 816 4074 successu
835 4022 884 4073 Dei
908 4022 1024 4088 gratiam
1051 4028 1080 4072 et
1101 4020 1186 4072 virtu-
1239 4021 1323 4085 dunt
1346 4023 1408 4087 Dei
1435 4045 1550 4090 nomen
1574 4027 1641 4089 guig
1664 4029 1762 4094 rebus
1784 4035 1899 4115 gostis:
1932 4035 2007 4115 quja
2030 4041 2104 4115 post
2125 4032 2216 4098 obla,

314 4092 785 4228 fffiibffi¹z⁰srigfffi¹gl¹lh²nfflt
800 4090 1088 4210 flffiffiusssse‘i'nfflibess
1107 4105 1188 4225 {iffi
1239 4117 1308 4171 tum
1322 4109 1393 4171 Deo
1406 4108 1557 4186 libamen,
1577 4112 1761 4179 sacrificant
1772 4120 1840 4184 suis
1852 4119 2007 4195 consiliis,
2019 4118 2215 4198 industriae,

315 4232 492 4284 liberatorem
516 4239 575 4281 erat
599 4234 735 4293 expertus,
760 4241 907 4292 eorumque
939 4227 1091 4293 superbiam
1125 4241 1188 4292 pro·
1239 4192 1362 4269 virtuti,
1398 4194 1515 4276 θοι)ἰίὓε
1548 4198 1592 4293 lt?
1615 4198 1709 4299 enlm,
1735 4203 1796 4266 sub
1826 4205 1921 4269 uniufl
1955 4204 2089 4303 ffllpffi'bi
2123 4204 2215 4288 1²0ng

315 4300 402 4353 sterni
421 4304 505 4365 optat
1238 4297 1388 4376 persona,
1418 4299 1600 4345 eommunis
1623 4302 1769 4351 omnium
1793 4288 1926 4354 ambitio
1949 4301 2029 4355 scite
2050 4291 2216 4374 perstrin-

932 4444 938 4456 ι
1120 4445 1126 4456 1
1239 4370 1328 4446 gitur
1350 4363 1543 4446 apropheta
1561 4366 1692 4433 Abacuc
1714 4374 1819 4454 capite
1844 4378 1870 4454 1,
1892 4377 1941 4440 16.
1964 4374 2038 4440 Iino
2061 4376 2217 4442 videmus

304 4455 328 4516 ι.
359 4450 520 4531 Praefecto
549 4445 681 4511 Armet
710 4446 825 4525 Laden,
854 4448 1009 4508 matteum
1038 4445 1186 4510 Doridis.
1239 4454 1368 4513 veteres
1397 4448 1471 4513 illos
1499 4462 1533 4513 et
1563 4452 1700 4518 famosos
1734 4457 1841 4536 duces,
1871 4482 1974 4542 quum
1997 4481 2056 4526 suo
2078 4461 2217 4525 nomine

712 4615 718 4628 ⁶
896 4614 903 4628 ι
1178 4615 1185 4628 .
1239 4534 1492 4614 supplicationes
1522 4534 1650 4603 decerni
1680 4552 1838 4624 peterent,
1867 4545 1949 4610 nihil
1982 4547 2091 4611 minus
2110 4565 2216 4628 quam

300 4620 476 4703 Inscriptio
526 4618 607 4681 haee
651 4635 739 4679 varie
786 4624 969 4696 exponitur.
1025 4614 1187 4678 Nonnulli
1238 4617 1395 4682 salsorum
1437 4618 1570 4684 deorum
1605 4623 1760 4690 honorem
1795 4649 1944 4696 curasse:
1987 4630 2044 4695 sed
2080 4640 2216 4696 tantum

213 4712 301 4778 enim
335 4707 558 4771 transferunt:
594 4700 700 4782 Super
733 4709 836 4763 morte
867 4698 998 4762 Laberi:
1034 4708 1067 4761 st
1100 4698 1188 4764 huno
1239 4701 1346 4766 fallaci
1388 4702 1481 4767 titulo
1521 4705 1560 4767 ad
1593 4729 1685 4772 suam
1726 4713 1915 4778 iactantiam
1949 4716 2049 4779 fuisse
2082 4715 2216 4784 abusos.

215 4797 427 4879 praecipuum
470 4789 611 4871 aliquem
650 4806 692 4847 ex
733 4783 868 4849 ducibus
909 4782 1053 4873 hostium
1088 4784 1188 4849 luisse
1239 4785 1350 4866 Quare
1368 4789 1483 4851 merito
1496 4789 1602 4854 David
1622 4794 1696 4859 filiis
1708 4796 1806 4860 buius
1818 4801 1938 4864 saeculi
1958 4822 1994 4864 so
2013 4799 2214 4868 dissimilem

213 4880 340 4945 volunt.
385 4876 453 4941 Alii
476 4873 613 4949 malunt,
643 4870 794 4934 fictitium
825 4868 924 4963 luisse
955 4887 1093 4932 nomen:
1129 4890 1187 4950 pu·
1240 4892 1311 4934 esse
1340 4871 1492 4951 affirmat,
1522 4895 1659 4955 quorum
1691 4880 1851 4945 fallaciam
1876 4884 2000 4969 detegit
2028 4906 2133 4969 prava
2157 4888 2218 4953 illa

213 4973 350 5044 tantque
373 4963 407 5026 in
431 4960 492 5024 hoo
514 4957 645 5022 Psalmo
675 4955 780 5018 notari
804 4952 949 5015 Goliath.
996 4954 1063 5015 Alii
1087 4954 1187 5016 musi·
1239 4955 1382 5035 partitio,
1420 4955 1494 5019 duni
1524 4961 1593 5024 eius
1621 4962 1736 5040 laudis,
1767 4986 1864 5047 quain
1901 4991 1935 5034 ιι
1965 4971 2037 5035 Deo
2065 4973 2217 5039 tribuere

211 5070 288 5116 eum
312 5047 411 5112 fuisso
429 5047 683 5110 instrumentum
704 5038 828 5101 docent.
853 5037 938 5099 Mihi
963 5057 1040 5099 vero
1059 5038 1187 5115 rectius,
1240 5039 1412 5115 finxerant,
1454 5043 1606 5108 maiorem
1640 5047 1679 5110 ad
1714 5072 1747 5114 se
1782 5063 1909 5133 partem
1943 5056 2091 5138 rapiunt:
2133 5081 2217 5125 nam

214 5134 266 5200 vol
291 5133 405 5199 saltem
430 5130 534 5215 (utin
559 5150 594 5192 ro
615 5122 763 5206 obscura)
786 5120 1080 5219 magisprobabile
1101 5121 1186 5218 vide·
1211 5130 1214 5229 ι
1240 5133 1327 5183 certe
1352 5122 1417 5218 ¹hoe
1447 5147 1512 5191 non
1535 5140 1583 5194 est
1605 5132 1714 5196 Deum
1737 5134 1873 5202 laudare
1897 5139 1932 5202 in
1956 5143 2154 5222 totocorde,
2186 5149 2218 5212 si

215 5232 280 5300 tui,
321 5219 451 5282 initium
491 5215 591 5280 fuisse
629 5209 765 5277 celebris
809 5226 975 5285 carminis,
1016 5204 1056 5268 ad
1095 5224 1187 5269 cuius
1211 5232 1215 5270 ι
1241 5204 1293 5267 ιιι
1317 5208 1484 5274 minimum
1508 5236 1548 5277 ex
1572 5217 1643 5281 eius
1664 5218 1769 5301 gloria
1792 5220 1914 5288 delibat
1932 5226 2081 5292 mortalis
2104 5229 2219 5312 homo,
