4658 5856
239 352 302 418 647
1048 348 1263 418 PSALMUS
1287 349 1417 415 LXIX.
2160 345 2225 410 648

324 538 376 603 23.
412 534 461 602 stt
489 556 597 602 taenea
624 557 731 602 eorum
760 557 861 603 eorem
889 538 970 619 ipsis
992 538 1024 601 ιἰι
1049 537 1203 618 laqueum,
1229 568 1234 578 =
1257 548 1293 601 ut
1307 536 1353 601 sol
1369 537 1439 619 ipse
1451 536 1623 602 sanitatem
1641 535 1675 599 in
1689 535 1748 601 alis
1766 536 1834 600 suis
1845 546 1990 618 portans,
2004 533 2149 602 Malach.
2161 533 2225 614 4,2

240 630 268 691 et
290 623 426 704 pacifice
456 642 563 687 eorum
592 624 626 688 iu
654 628 724 688 rete.
775 623 826 687 24.
860 621 1096 688 obtenebrentur
1126 623 1205 687 cearli
1256 623 1388 688 nonnisi
1410 623 1601 706 pestiferum
1624 621 1755 686 odorem
1777 621 1843 686 illis
1864 621 1976 704 spiret.

239 729 346 776 eorem
372 729 411 774 rte
438 709 571 791 sideest,
602 712 630 772 et
649 707 766 773 lumbes
788 729 890 773 eorum
920 729 1039 789 semper
1064 710 1116 790 suc
1144 712 1205 772 tre·
1342 709 1393 773 24.
1414 707 1668 794 (obtenebrentur
1686 707 1767 774 oceli
1787 727 1891 772 earum
1909 728 1946 772 rte
1964 704 2108 789 uideant.)
2138 703 2224 785 Quia

240 796 376 861 miseere.
421 793 472 860 25.
496 794 634 876 Efferrde
655 813 750 874 saper
772 814 824 859 eos
844 795 928 859 irene
950 800 1045 873 lucra,
1068 799 1096 858 et
1115 793 1207 874 saror
1229 764 1233 873 l
1258 794 1339 859 duas
1361 794 1415 860 hic
1437 795 1613 876 praecipue
1634 793 1804 859 facultates
1826 800 1930 871 notat,
1952 791 2091 857 libenter
2113 811 2224 856 eorum

242 881 468 964 iradipaett'ouis
483 883 555 944 tuae
574 879 804 960 muuuebentlct
821 899 880 945 eoa.
914 878 1206 961 reserpentem
1229 884 1233 965 Ι
1258 879 1453 945 sententiam
1488 879 1664 962 amplector
1696 879 1753 960 qui
1790 877 1875 942 hanc
1909 878 2025 943 volunt
2063 896 2224 942 summam

240 986 347 1032 eorum
368 966 531 1045 desertum,
560 966 594 1029 ιἰι
616 965 822 1030 tabernaculis
848 987 954 1031 eoram
975 985 1035 1029 aea
1056 967 1099 1030 sit
1120 965 1205 1030 bebi·
1258 986 1343 1043 esso,
1384 964 1524 1030 Domine
1554 965 1648 1046 priva
1683 984 1738 1029 eos
1770 965 1895 1030 ratione
1927 978 1961 1028 et
1990 962 2227 1046 intelligentia:

240 1058 321 1118 terte.
366 1051 418 1116 27.
450 1051 532 1133 Quia
553 1070 643 1132 quem
663 1055 697 1116 te
720 1052 906 1133 percussisti
921 1051 1103 1133 persequuti
1124 1057 1205 1126 sant,
1259 1050 1375 1116 deinde
1398 1072 1653 1116 enervatorum
1672 1050 1769 1127 vires,
1794 1058 1829 1115 ut
1846 1070 1981 1133 prorsus
2001 1049 2134 1113 inutiles
2159 1047 2225 1111 sint

241 1143 268 1202 et
296 1158 390 1221 super
417 1136 549 1203 dolerent
577 1136 806 1203 uulneratorum
836 1142 960 1203 tucrum
991 1143 1204 1203 rtumerarurrt.
1259 1136 1298 1202 ad
1319 1157 1448 1202 omnem
1467 1137 1634 1201 actionem.
1669 1134 1798 1202 Scimus
1818 1136 1905 1201 enim
1924 1134 2007 1199 nihil
2027 1146 2114 1199 reete
2131 1153 2226 1216 posse

241 1223 293 1290 28.
322 1224 413 1288 Adde
433 1223 627 1303 iniquitatem
649 1242 744 1303 super
764 1224 959 1305 iniquitatem
981 1243 1095 1302 eorum,
1122 1228 1207 1286 etue
1260 1224 1322 1306 agi,
1354 1222 1417 1287 nisi
1446 1221 1634 1304 praeluceat
1662 1221 1844 1300 consilium,
1877 1220 2040 1302 simulque
2069 1218 2110 1284 ad
2133 1240 2225 1283 exse·

243 1309 460 1391 irrpredieutar
490 1309 525 1372 iu
553 1307 707 1372 iustitiam
739 1313 833 1372 tuctu.
887 1310 937 1374 29.
969 1307 1143 1373 Delectatur
1171 1309 1209 1372 de
1260 1307 1424 1390 quendum
1458 1307 1589 1374 accedat
1628 1306 1775 1373 facultas.
1829 1307 1900 1371 lam
1936 1327 2034 1389 quum
2073 1304 2227 1370 ecclcsiae

243 1395 324 1459 libre
344 1393 520 1472 viruerunt,
541 1399 568 1457 et
585 1413 654 1457 eum
677 1394 771 1459 iustis
792 1415 830 1460 ue
847 1397 1035 1461 scribuntur.
1070 1394 1121 1460 30.
1140 1393 1208 1477 Epo
1260 1395 1408 1460 hostibus
1437 1393 1608 1458 immineat
1637 1393 1717 1459 haee
1746 1392 1939 1470 maledictio,
1970 1412 2035 1456 non
2064 1399 2113 1455 ιιι
2143 1389 2225 1472 quod

242 1486 343 1546 eutem
360 1498 486 1561 pauper
506 1484 534 1544 et
555 1478 674 1544 debas:
696 1480 784 1545 selus
807 1487 861 1546 tue
882 1480 1031 1546 exultabit
1047 1500 1104 1545 me.
1261 1501 1318 1545 uos
1346 1491 1467 1544 terreat
1494 1480 1666 1562 impiorum
1691 1479 1743 1543 vel
1765 1478 1900 1558 malitia,
1923 1476 1976 1543 vel
1999 1478 2122 1543 rabies:
2152 1476 2226 1557 quia

1232 1632 1235 1639 ,
1261 1566 1294 1630 in
1317 1586 1416 1630 mauu
1439 1566 1503 1629 Dei
1526 1578 1577 1629 est
1598 1565 1705 1630 subito
1728 1587 1781 1630 eos
1804 1576 1973 1647 percutere
1999 1564 2163 1641 caecitate,
2193 1573 2227 1624 ut

328 1649 379 1713 23.
403 1646 467 1733 (stt
488 1670 595 1714 metesa
618 1669 722 1715 emera
743 1671 846 1716 cerem
868 1651 949 1732 ipsis
976 1651 1012 1715 ia
1040 1650 1208 1737 lrtpueum.)
1261 1651 1343 1716 nihil
1373 1648 1524 1730 videant,
1558 1658 1592 1716 et
1620 1650 1748 1717 lumbos
1778 1650 2000 1733 confringere,
2034 1658 2070 1714 ut
2101 1650 2226 1712 iaceant

243 1736 436 1818 Sequuntur
457 1734 546 1801 dirae
564 1736 820 1817 imprecationes,
842 1737 876 1800 iu
895 1737 1012 1818 quibus
1031 1735 1208 1802 tenendum
1261 1736 1398 1802 confusi.

244 1834 293 1887 est
316 1820 401 1903 quod
424 1818 499 1885 alibi
523 1821 702 1899 docuimus,
724 1821 884 1887 Davidem
907 1842 971 1887 nou
995 1822 1056 1888 sibi
1079 1824 1209 1889 laxasse
1347 1823 1397 1888 25.
1421 1821 1571 1907 (Ellendt
1592 1842 1688 1901 seper
1705 1842 1754 1887 eos
1771 1822 1855 1887 iram
1873 1821 1982 1906 taem.)
2013 1819 2088 1885 Nou
2107 1817 2226 1883 mirum

239 1908 393 1983 habenas,
424 1917 460 1970 ut
482 1907 578 1972 bilem
609 1928 703 1972 suam
734 1907 943 1990 profunderet
972 1907 1079 1992 (sicuti
1106 1911 1210 1974 maior
1262 1919 1327 1988 est,
1357 1909 1520 1974 Davidem
1550 1909 1681 1991 lougius
1711 1907 1863 1973 insistere
1896 1908 1930 1970 in
1960 1909 2039 1971 istas
2068 1906 2226 1986 impreca·

239 2015 316 2078 pars
328 1993 497 2057 homiuum
507 1993 636 2058 iniuriis
647 1994 763 2058 affecta
775 1991 878 2059 dolori
887 2015 946 2059 suo
956 1995 1210 2079 intemperanter
1263 1995 1381 2060 tiones:
1406 1995 1483 2076 quia
1500 1994 1638 2059 furiosos
1657 1993 1810 2058 eeclesiae
1828 1993 1946 2070 hostes,
1970 1992 2086 2074 quibus
2105 1999 2227 2054 metum

241 2076 402 2162 indulget)
425 2078 479 2143 sed
504 2078 585 2144 duce
608 2079 725 2160 spiritu
746 2087 860 2145 sancto
888 2080 1012 2145 iustum
1035 2080 1099 2145 Dei
1129 2081 1209 2146 iudi·
1262 2082 1393 2145 iniicere
1415 2080 1526 2159 voluit,
1554 2080 1673 2145 scimus
1696 2099 1761 2143 nen
1784 2079 1876 2144 facile
1899 2079 2034 2143 moveri.
2080 2076 2172 2158 Ergo
2194 2084 2228 2139 ut

240 2167 327 2231 cium
350 2163 541 2246 implorasse
562 2173 674 2231 eontra
692 2164 861 2247 reprobos:
885 2165 1003 2230 deinde
1021 2188 1086 2231 non
1105 2169 1211 2251 egisse
1262 2165 1422 2231 desistant
1444 2187 1464 2230 a
1485 2186 1545 2231 sua
1566 2165 1759 2248 petulantia,
1781 2163 2009 2229 vehementius
2038 2170 2153 2229 ιιιιιιι
2176 2181 2228 2225 ιιι

242 2253 407 2334 privatam
428 2269 568 2326 eausam,
592 2249 647 2314 sed
665 2263 777 2316 sancte
794 2251 919 2334 gloriae
937 2251 1001 2316 Dei
1023 2253 1092 2317 zelo
1111 2253 1211 2321 fuisse
1262 2252 1412 2335 insurgit.
1458 2251 1642 2333 (laetorum,
1666 2250 1778 2316 fideles
1801 2250 1974 2335 praecipue
1996 2247 2141 2330 respexit
2164 2246 2227 2310 Da·

243 2336 419 2418 impulsum
444 2344 479 2400 ut
497 2334 537 2400 ad
557 2335 626 2400 eius
649 2337 791 2402 tribuual
815 2337 930 2402 citaret
952 2339 1077 2419 impios.
1115 2339 1210 2406 Unde
1235 2324 1239 2423 l
1263 2338 1336 2416 rid,
1369 2338 1424 2420 qui
1448 2338 1542 2402 malis
1564 2341 1709 2419 oppressi
1739 2358 1806 2400 non
1836 2336 1901 2400 alie
1924 2335 2047 2401 fultura
2069 2333 2229 2408 nituntur,

244 2423 341 2488 etiam
376 2421 496 2485 factum
526 2434 577 2486 est
606 2431 643 2486 ut
673 2423 860 2488 turbulenta
893 2425 1042 2505 passione
1077 2426 1211 2492 minimo
1264 2425 1325 2488 nisi
1349 2422 1426 2487 dum
1449 2424 1585 2487 audiunt
1608 2444 1648 2486 ex
1670 2443 1725 2486 ore
1747 2421 1820 2500 Dei,
1851 2441 1946 2504 quam
1972 2419 2139 2505 horribilis
2161 2439 2227 2483 ma-

243 2507 395 2589 abreptus
426 2507 538 2585 fuerit,
568 2508 663 2573 sicuti
686 2509 741 2590 qui
764 2529 800 2574 se
822 2510 908 2592 ipsos
932 2510 1041 2574 ulcisci
1065 2513 1209 2592 eupiunt.
1264 2518 1340 2574 neat
1362 2510 1443 2573 ultio
1464 2510 1610 2592 ipsorum
1633 2508 1751 2584 hostes,
1782 2507 1962 2589 siquidem
1991 2505 2119 2588 reprobi
2142 2512 2229 2569 suut.

245 2592 355 2674 Quum
379 2612 457 2677 ergo
479 2593 615 2674 spiritus
637 2593 838 2677 prudentiae,
861 2594 1065 2659 rectitudinis
1086 2612 1118 2661 et
1142 2620 1211 2662 me·
1263 2596 1349 2660 Nam
1379 2595 1541 2661 sanabiles
1571 2602 1714 2678 optasset
1738 2591 1845 2657 David
1875 2592 1988 2677 poenis
2015 2590 2144 2674 corrigi,
2173 2587 2226 2654 sod

244 2679 421 2743 durationis
445 2679 504 2743 has
526 2679 776 2761 imprecationes
799 2681 971 2744 dictaverit
989 2680 1122 2761 Davisii,
1145 2705 1210 2749 nou
1264 2680 1450 2763 desperatos
1483 2680 1581 2744 exitio
1615 2701 1673 2744 suc
1706 2678 1862 2745 devovet:
1903 2699 1945 2742 ue
1976 2696 2114 2760 poenam
2148 2695 2228 2757 quae

244 2776 294 2829 ιιι
324 2785 383 2829 ιιι
412 2765 482 2828 eius
512 2764 699 2846 exemplum
733 2764 912 2831 obtendant
943 2767 998 2847 qui
1030 2768 1083 2832 vel
1118 2790 1209 2833 suam
1264 2767 1330 2831 illis
1349 2764 1478 2830 decreta
1497 2781 1556 2839 est,
1579 2773 1611 2830 et
1629 2785 1726 2847 quam
1751 2775 1926 2840 merentur,
1949 2763 2118 2846 effugiant.
2149 2761 2227 2825 Pro·

244 2848 449 2914 iracundiam
479 2862 636 2914 evomunt
663 2850 696 2913 in
720 2851 895 2933 quoslibet,
925 2852 979 2916 vel
1007 2853 1211 2937 impatientia
1264 2855 1353 2918 ximo
1377 2872 1475 2916 versu
1506 2850 1591 2915 ultra
1620 2849 1839 2934 progreditur.
1870 2869 1987 2932 nempe
2009 2856 2047 2913 ut
2068 2846 2162 2912 Deus
2190 2844 2227 2911 ad

244 2955 416 3018 perperam
448 2936 596 3000 feruntur
618 2937 658 3000 ad
681 2935 874 3014 vindictam,
903 2946 1066 3020 utusque
1094 2940 1211 3006 intenti
1263 2945 1411 3024 posteros
1433 2958 1535 3020 usque
1556 2936 1639 3001 iram
1662 2957 1753 3000 suam
1778 2934 1940 3000 effundat:
1970 2935 2065 3000 sicuti
2088 2953 2155 2998 non
2173 2953 2227 2996 no·

244 3021 311 3086 sint
333 3021 369 3084 iu
387 3032 512 3117 rectum
534 3021 647 3101 finem,
669 3042 775 3103 neque
798 3023 928 3088 modum
953 3036 1094 3091 servent.
1128 3027 1210 3092 Pru·
1236 3070 1238 3135 t
1263 3046 1342 3090 uum
1367 3034 1416 3088 est
1445 3033 1575 3105 patrum
1606 3021 1727 3087 scelera
1756 3022 1847 3085 reiici
1875 3021 1908 3085 in
1938 3020 2046 3085 sinum
2077 3018 2229 3084 filiorum.

244 3107 355 3171 dentia
376 3127 465 3171 curm
484 3128 563 3189 opus
581 3118 640 3184 est,
662 3127 744 3189 quae
766 3107 928 3174 discernat
946 3110 1032 3175 iuter
1048 3113 1211 3194 reprobos,
1263 3110 1349 3175 Nam
1379 3109 1473 3174 sicuti
1504 3108 1642 3191 spiritus
1671 3107 1829 3173 instinctu
1859 3104 1948 3171 diras
1977 3107 2056 3171 istas
2085 3103 2229 3185 concepit

244 3192 355 3275 etqui
377 3192 483 3256 adhuc
505 3204 583 3258 sunt
612 3194 793 3259 sanabiles:
824 3195 1027 3276 rectitudine,
1059 3209 1094 3263 ut
1117 3221 1211 3264 nemo
1263 3194 1382 3273 David,
1399 3195 1447 3259 ita
1465 3195 1560 3260 etiam
1580 3193 1718 3275 sumpsit
1736 3214 1775 3257 ex
1794 3193 1866 3275 ipsa
1883 3193 1964 3275 lege,
1982 3190 2087 3256 Exod.
2099 3211 2170 3273 cap.
2181 3188 2229 3267 20,

244 3279 399 3363 privatim
423 3277 485 3343 sibi
508 3280 550 3343 sit
572 3278 737 3344 addictus:
769 3280 997 3362 mederatione,
1028 3303 1111 3365 quas
1139 3285 1209 3350 aui·
1264 3282 1393 3346 varab
1424 3281 1478 3345 ubi
1506 3281 1697 3364 prenuntiat
1726 3278 1818 3343 Deus
1845 3300 1880 3343 se
1908 3298 2029 3360 poenas
2060 3274 2101 3342 de
2123 3275 2229 3357 impiis

244 3385 316 3428 mos
338 3363 378 3427 ad
402 3363 563 3445 placidam
586 3365 792 3430 tolerantiam
816 3379 998 3449 componat.
1034 3368 1126 3436 Haec
1149 3371 1211 3435 tria
1263 3367 1543 3448 contemptoribus
1579 3375 1787 3449 sumpturum
1824 3384 1926 3445 usque
1960 3363 1999 3426 ed
2033 3362 2165 3427 tertiam
2199 3368 2228 3424 et

245 3470 345 3532 quum
364 3449 397 3512 iu
417 3449 545 3515 Davide
566 3447 667 3515 fuisse
685 3452 819 3517 minime
838 3452 972 3518 dubium
990 3454 1044 3533 sit,
1066 3456 1211 3539 quisquis
1264 3462 1411 3535 quartam
1442 3453 1694 3535 generationem.
1738 3450 1811 3514 Hoc
1840 3448 1934 3513 modo
1964 3447 2114 3513 maledici
2143 3446 2229 3528 eupit-

244 3557 319 3602 eum
341 3535 440 3616 probe
462 3535 583 3600 imitari
606 3535 726 3617 cupiet,
749 3558 812 3601 non
832 3548 952 3602 temere
975 3561 1067 3605 caeco
1085 3541 1210 3623 impetu
1264 3558 1377 3603 eorum
1415 3537 1626 3615 memoriam,
1668 3546 1705 3600 ut
1737 3556 1779 3601 ne
1811 3534 1951 3600 mortuis
1987 3532 2118 3617 quidem
2157 3553 2228 3615 par·

244 3622 391 3707 prosiliat
409 3620 449 3685 ad
468 3620 571 3686 diras:
596 3621 712 3686 deinde
735 3634 917 3705 compescat
939 3625 1088 3690 turbidas
1109 3628 1211 3690 animi
1263 3634 1315 3688 est
1336 3623 1437 3688 Deus.

243 3709 296 3774 sui
319 3706 499 3789 passiones:
524 3728 628 3789 neque
649 3707 709 3773 sibi
732 3709 885 3790 privatim
909 3711 951 3775 sit
973 3710 1133 3791 addictus,
1154 3712 1210 3778 sed
1349 3709 1399 3773 27.
1423 3708 1522 3793 (Quia
1543 3727 1631 3788 quera
1652 3712 1686 3770 tu
1708 3704 1917 3790 percusisti.)
1961 3703 2094 3770 Orimmr
2119 3723 2227 3768 eorum

244 3794 354 3860 studia
375 3814 434 3858 sua
456 3793 655 3875 affectusque
677 3792 718 3858 ad
741 3795 960 3876 quaerendem
984 3796 1046 3861 Dei
1074 3798 1210 3879 gloriam
1235 3770 1239 3873 i
1264 3793 1397 3878 profert,
1421 3808 1456 3857 ut
1479 3802 1633 3875 appareat
1656 3791 1865 3873 dignissimos
1887 3810 1957 3855 esse
1979 3798 2045 3853 tam
2069 3788 2232 3854 atrocibus

246 3881 385 3946 adiiciat.
438 3879 603 3962 Denique,
636 3892 673 3944 ut
703 3881 771 3943 veri
804 3881 907 3946 simus
937 3884 1114 3948 imitatores
1144 3885 1210 3949 Du·
1236 3889 1239 3997 Ι
1263 3882 1383 3964 poenis.
1421 3877 1562 3959 Quidam
1586 3887 1695 3941 autem
1719 3877 1807 3941 hunc
1826 3897 1957 3940 versum
1981 3877 2026 3939 ita
2044 3884 2229 3957 exponunt:

248 3966 348 4041 vidis,
381 3965 523 4047 primum
553 3965 691 4029 iuduere
721 3965 843 4032 Christi
877 3988 1047 4048 personam
1080 3990 1211 4036 neeesse
1266 3967 1415 4042 Domine,
1438 3965 1541 4048 plagis
1559 3963 1623 4027 tuis
1643 3982 1709 4026 uon
1732 3963 1887 4044 contenti,
1910 3961 2098 4026 saevierunt
2119 3961 2155 4024 in
2175 3961 2228 4024 ho-

249 4063 314 4116 est:
345 4070 386 4113 ne
408 4050 493 4114 idem
524 4051 609 4132 quod
638 4051 716 4116 olim
746 4052 913 4133 discipulis
942 4054 1066 4131 obiecit,
1096 4056 1129 4119 in
1155 4077 1212 4120 nos
1265 4054 1386 4117 minem
1421 4052 1593 4125 miserum,
1627 4048 1683 4130 qui
1716 4048 1781 4112 iam
1815 4069 1915 4112 manu
1949 4058 2006 4111 tua
2038 4045 2232 4111 vulneratus

252 4135 349 4200 hodie
370 4154 498 4215 quoque
520 4146 677 4220 torqueat,
700 4137 841 4202 Nescitis
864 4140 957 4203 cuius
979 4141 1113 4222 spiritus
1131 4142 1211 4216 sitis,
1237 4134 1241 4275 1
1265 4151 1344 4203 erat.
1389 4137 1434 4201 Ει
1455 4147 1542 4200 certe
1571 4155 1670 4216 quoru
1696 4133 1881 4199 humanitas
1909 4153 2001 4214 opem
2029 4132 2161 4198 afflictis
2184 4131 2229 4195 af·

250 4223 331 4287 Luc.
356 4219 387 4301 9,
409 4221 460 4285 55.
513 4221 585 4285 Iam
618 4223 695 4305 quia
727 4236 922 4303 conquestus
955 4224 1062 4290 fuerat
1093 4227 1212 4308 David,
1238 4280 1240 4287 .
1266 4224 1351 4288 ferro
1369 4223 1556 4305 praecipiat.
1578 4219 1754 4284 belluinam
1773 4221 1942 4284 saevitiam
1962 4219 2070 4301 prodit
2087 4220 2234 4300 quisquis

249 4308 359 4373 hostes
386 4306 532 4387 posuisse
554 4305 595 4371 fel
619 4310 652 4371 iu
675 4307 781 4373 cibum
806 4330 919 4392 suum,
948 4332 1035 4375 nuuc
1063 4323 1213 4393 precatur
1265 4309 1403 4374 insultat
1432 4306 1604 4389 oppressis.
1648 4305 1745 4370 Hanc
1767 4305 1962 4369 senteutiam
1992 4303 2047 4368 alii
2070 4303 2232 4377 refellunt,

250 4404 289 4459 ut
311 4412 424 4457 mensa
446 4390 511 4454 illis
532 4390 625 4456 cedat
642 4393 677 4456 in
695 4394 856 4476 laqueum,
885 4408 918 4459 et
940 4416 1021 4476 quae
1043 4398 1082 4460 ad
1103 4419 1213 4480 pacem
1239 4436 1242 4441 -
1267 4396 1375 4459 neseio
1398 4414 1439 4456 an
1462 4392 1541 4458 satis
1563 4393 1656 4455 firmo
1679 4406 1881 4473 argumento,
1904 4390 1989 4472 qued
2012 4411 2076 4454 nou
2101 4393 2232 4472 proprie

250 4492 342 4553 sunt.
375 4487 545 4542 vertantur
578 4477 612 4541 in
645 4490 731 4542 rete:
769 4479 820 4544 his
852 4479 961 4546 verbis
994 4483 1214 4565 metaphorice
1268 4500 1437 4563 percussus
1460 4478 1558 4541 fuerit
1578 4475 1685 4538 David
1708 4496 1806 4540 manu
1825 4475 1897 4552 Dei,
1920 4476 1995 4557 quia
2014 4486 2080 4538 tcto
2098 4475 2232 4539 Psalmo

250 4579 378 4648 optans,
409 4575 445 4627 ut
467 4582 677 4644 quaecunque
705 4564 770 4628 illis
793 4566 826 4628 iu
847 4565 949 4630 vitam
973 4581 1005 4632 et
1025 4587 1213 4649 prosperam
1268 4567 1307 4630 de
1326 4564 1469 4628 violenta
1492 4561 1631 4627 hostium
1655 4560 1789 4626 libidine
1811 4574 2007 4644 conquestus
2029 4573 2087 4626 est.
2122 4561 2231 4643 Argu·

250 4649 511 4716 commoditatem
542 4647 703 4714 destinata
732 4662 835 4727 erant,
865 4652 954 4717 Deus
984 4664 1153 4718 convertat
1182 4655 1214 4717 iu
1240 4656 1243 4719 Ξ
1267 4659 1338 4716 tum
1361 4650 1461 4731 igitur
1482 4668 1616 4712 sensum
1634 4648 1835 4731 excogitant:
1858 4667 1896 4710 ac
1914 4649 1942 4711 si
1961 4645 2090 4719 diecret,
2109 4646 2234 4712 Hostes

251 4738 396 4802 exitium.
430 4734 525 4802 Unde
543 4734 735 4817 colligimus,
758 4734 854 4800 sicuti
873 4737 944 4802 Deo
963 4740 1111 4821 propitio,
1134 4760 1216 4821 quae
1239 4725 1243 4839 l
1267 4757 1343 4801 suos
1365 4733 1512 4816 improbe
1530 4733 1665 4798 finxisse
1684 4734 1746 4798 sibi
1764 4754 1833 4798 esse
1851 4733 1971 4797 iustam
1990 4752 2132 4808 eausam,
2157 4733 2235 4815 quia

251 4823 445 4887 naturaliter
468 4831 503 4885 ιι
523 4842 581 4904 per
596 4840 638 4885 se
661 4820 759 4884 noxia
781 4832 899 4901 essent,
930 4823 1116 4888 adiumento
1139 4834 1216 4890 suut
1267 4822 1489 4904 gloriabantur
1511 4839 1547 4884 se
1568 4818 1630 4883 Dei
1658 4819 1825 4884 ministros
1845 4816 1885 4882 ad
1909 4838 2043 4900 poenam
2068 4817 2109 4882 de
2132 4818 2231 4885 seete

251 4910 286 4973 in
304 4906 705 4983 bonum:itaeoinfesto,
725 4905 871 4971 maledici
893 4929 1105 4993 quaeeunque
1124 4911 1216 4975 utilia
1268 4922 1338 4971 rato
1360 4906 1492 4970 heroine
1514 4903 1722 4970 sumendam:
1756 4905 1849 4970 sicuti
1873 4915 1909 4967 ut
1931 4903 2107 4985 plurimum
2129 4902 2233 4986 impii,

252 5001 357 5074 erant,
380 5002 416 5058 at
438 4991 573 5058 totidem
603 4992 671 5058 siut
700 4993 793 5058 nobis
823 4993 915 5057 exitii
937 5015 1063 5060 causae.
1108 4999 1216 5078 Atque
1268 4992 1367 5058 huius
1394 4991 1510 5056 coleris
1540 4991 1683 5072 obtentu,
1713 4988 1773 5055 sibi
1796 4988 1925 5072 quidvis
1955 4990 2089 5072 impune
2118 5000 2232 5054 eontra

251 5079 331 5144 haec
356 5079 418 5144 Dei
449 5078 529 5143 ultio
559 5099 623 5142 uon
653 5078 758 5145 levem
789 5091 911 5144 metum
945 5081 1090 5146 incutere
1123 5079 1215 5146 uobis
1241 5122 1244 5171 Ι
1268 5079 1403 5144 miseros
1436 5076 1533 5142 licere
1573 5084 1705 5159 putant:
1745 5075 1828 5140 sicut
1860 5075 1956 5139 etiam
1991 5073 2068 5141 alibi
2102 5073 2233 5153 dicitur,

253 5163 361 5240 debet,
394 5163 472 5228 dum
503 5164 638 5246 spiritus
668 5173 800 5230 sanctus
831 5166 1035 5246 pronuntiat,
1071 5168 1215 5249 reprobis
1241 5178 1244 5233 t
1268 5163 1389 5228 Venite
1412 5162 1597 5247 affligamus
1618 5178 1708 5226 eum:
1730 5161 1821 5226 Deus
1841 5161 1928 5226 euim
1951 5158 2095 5226 deseruit
2116 5160 2234 5243 ipsum,

252 5249 420 5313 mortifera
448 5270 518 5315 esse
546 5251 655 5315 emnia
680 5251 767 5318 ritae
795 5249 1006 5328 adminicula,
1036 5252 1100 5317 Tit.
1124 5253 1152 5332 1,
1176 5252 1217 5318 15
1241 5236 1245 5318 Ι
1269 5257 1329 5314 ιιι.
1365 5248 1485 5317 Psalm.
1507 5248 1559 5326 tl,
1583 5248 1633 5313 11.
1678 5246 1750 5330 Ego
1772 5255 1880 5312 autem
1903 5246 2010 5329 petius
2029 5249 2138 5313 vocari
2160 5268 2232 5331 per·
