4658 5856
213 341 275 406 251
1030 336 1246 406 PSALMUS
1269 339 1382 405 XXV.
1495 426 1505 451 ο
2141 339 2206 404 252

299 530 329 592 3.
354 526 478 613 (Etiam
505 548 610 594 omues
641 530 697 617 qai
726 533 753 592 te
780 527 978 613 exspectant.)
1023 527 1059 594 Si
1082 525 1182 591 verba
1233 528 1464 593 cumstantiam
1494 535 1606 593 votum
1637 527 1697 593 hoc
1720 528 1842 594 referre
1872 548 1936 594 uon
1959 528 2086 594 dubito:
2118 525 2204 610 quod

214 617 249 681 in
271 613 404 698 optandi
426 613 557 680 modum
580 616 731 691 resolvas,
760 613 820 679 boc
842 633 941 677 versu
963 613 1181 696 precationem
1234 611 1357 677 scilicet
1378 612 1487 679 David
1518 611 1573 677 vel
1603 614 1643 678 ab
1673 613 1888 698 impatientia,
1916 613 1970 679 vel
1999 636 2019 679 a
2047 612 2204 697 cupidine

214 722 306 767 suam
329 700 498 764 continuat
527 699 645 779 David,
674 708 707 765 et
729 695 814 781 quod
837 696 877 762 de
900 719 934 763 se
958 720 1022 765 uuo
1045 698 1183 777 dixerat,
1233 696 1408 775 vindictae,
1445 697 1496 763 vel
1526 698 1566 764 ab
1597 698 1711 766 illicito
1741 699 1858 782 quovis
1887 699 2014 766 fervore
2042 708 2205 778 metuens,

214 786 429 853 communiter
459 785 500 849 ad
529 795 662 852 cunctos
690 784 802 849 fideles
831 782 988 849 extendit.
1033 783 1100 849 Sed
1124 803 1183 866 ego
1234 783 1464 866 promissiones
1487 783 1551 849 Dei
1580 786 1710 867 penitus
1739 784 1828 851 cordi
1849 805 1909 852 suo
1928 784 2068 868 insculpi
2090 794 2204 868 postu-

213 872 249 936 iu
279 871 443 937 diversam
478 872 584 953 potius
616 870 812 936 sententiam
841 869 972 947 inclino,
1007 879 1044 934 ut
1072 868 1184 933 David
1234 869 1288 934 let.
1311 868 1465 934 Diximus
1487 870 1585 947 enim,
1607 871 1762 954 quamdiu
1785 871 1928 956 vigetiu
1947 870 2206 935 animisnostris

214 959 358 1023 fructum
390 956 514 1040 gratiae
548 956 610 1020 Dei
640 955 798 1034 ostendat,
832 955 886 1037 qui
920 976 963 1019 ex
992 955 1184 1020 liberatione
1234 954 1315 1020 haec
1336 955 1499 1038 cogitatio,
1528 956 1600 1020 Deo
1628 977 1687 1022 uos
1710 976 1807 1022 curae
1828 977 1908 1036 esse,
1940 955 2110 1021 domandis
2134 967 2206 1019 ten·

215 1064 274 1108 sua
296 1044 475 1126 proveniet.
527 1041 658 1106 Pondus
689 1050 796 1106 autem
830 1041 942 1106 subest
970 1044 1003 1105 iu
1025 1040 1184 1123 particula
1235 1039 1413 1105 tatiouibus
1442 1041 1600 1122 optimum
1624 1063 1694 1108 esse
1715 1042 1877 1108 fraenum.
1926 1040 2072 1121 Quodsi
2096 1049 2206 1105 tamen

215 1131 325 1212 etiam,
358 1148 435 1193 nam
468 1128 544 1209 quia
577 1128 699 1192 sciebat
730 1126 906 1191 multorum
941 1128 1052 1192 oculos
1086 1127 1121 1190 in
1150 1145 1184 1190 se
1235 1127 1305 1190 vias
1327 1123 1392 1189 Dei
1422 1134 1455 1190 et
1483 1127 1615 1192 semitas
1645 1149 1704 1210 pro
1727 1128 1876 1194 doctrina
1903 1127 2049 1209 accipere
2071 1128 2206 1209 placeat,

215 1236 286 1281 esse
309 1214 480 1289 coniectos,
503 1232 563 1278 nec
584 1212 721 1278 obscura
739 1220 808 1276 erat
825 1211 895 1276 eius
912 1211 947 1275 iu
966 1212 1037 1278 Dso
1056 1211 1183 1288 fiducia,
1235 1210 1317 1274 mihi
1345 1232 1472 1294 semper
1499 1211 1582 1276 illud
1613 1214 1715 1279 fixum
1746 1222 1805 1289 est,
1833 1213 1998 1279 Davidem
2031 1210 2072 1276 ad
2094 1228 2208 1279 caecos

216 1321 314 1366 suum
344 1298 530 1382 exemplum
559 1297 655 1382 longe
685 1306 795 1381 patere
820 1296 992 1381 iutelligit:
1024 1297 1101 1380 quia
1122 1296 1184 1362 sci·
1235 1296 1396 1379 impulsus
1418 1297 1588 1381 respicere,
1617 1299 1672 1380 qui
1694 1319 1754 1364 nos
1783 1298 1882 1365 rebus
1903 1297 2049 1365 adversis
2071 1298 2208 1362 iactatos

217 1386 295 1452 licet
324 1406 436 1449 omues
466 1384 528 1448 Dei
551 1385 634 1449 filios
657 1386 770 1466 eriget,
799 1405 837 1448 ac
858 1392 1043 1464 prosternet
1064 1383 1184 1465 impro·
1235 1383 1451 1465 praecipitant
1483 1382 1519 1446 in
1551 1383 1667 1467 longos
1700 1405 1837 1465 errores,
1877 1384 1979 1451 donec
2013 1383 2112 1451 verbo
2146 1383 2209 1447 Dei

218 1473 334 1538 borum
363 1471 524 1536 ferociam.
574 1470 689 1534 Posset
718 1470 817 1534 etiam
847 1467 932 1533 alius
960 1491 1030 1535 esse
1060 1489 1185 1545 seusus,
1236 1466 1371 1532 cohibiti
1399 1467 1520 1533 luerint
1547 1470 1598 1534 vel
1626 1469 1740 1534 sedati.
1784 1469 1838 1535 Ita
1867 1490 1985 1536 sensus
2008 1479 2072 1535 cst:
2105 1466 2211 1549 Quid·

219 1578 256 1622 ac
278 1558 306 1622 si
328 1556 362 1619 iu
393 1554 467 1620 fidei
497 1575 574 1620 suae
603 1557 883 1620 confirmationem
905 1554 966 1619 sibi
989 1562 1187 1639 proponeret
1237 1552 1316 1635 quid
1345 1553 1507 1632 acciderit,
1537 1575 1579 1618 ue
1605 1576 1749 1637 unquam
1779 1557 1950 1639 permittas
1973 1554 2128 1634 Domine,
2159 1572 2212 1618 me

218 1642 328 1707 David
351 1639 436 1724 quod
457 1642 579 1724 passim
602 1639 693 1706 Deus
714 1639 885 1724 promittit.
930 1639 997 1707 Sed
1014 1639 1071 1704 illa
1089 1659 1185 1722 quam
1237 1637 1387 1704 excidere
1409 1661 1429 1704 a
1451 1639 1514 1703 viis
1537 1641 1612 1720 tuis,
1636 1640 1691 1706 vel
1713 1642 1927 1719 coutumacia,
1951 1640 2003 1705 vel
2024 1661 2129 1724 prava
2151 1639 2211 1703 ali·

219 1727 315 1792 attuli
348 1726 576 1809 interpretatio
620 1727 701 1791 mihi
734 1725 866 1792 videtur
898 1727 1065 1807 aptissima
1098 1743 1187 1790 esse:
1238 1745 1302 1807 qua
1330 1723 1510 1808 cupiditate
1531 1726 1651 1808 abripi:
1683 1726 1740 1791 sed
1765 1727 1875 1808 potius
1898 1735 2050 1809 pacatum
2072 1747 2126 1791 me
2148 1725 2210 1790 sub

219 1834 296 1878 nam
334 1833 392 1895 per
429 1814 582 1878 scelestos
610 1816 665 1894 qui
694 1812 818 1895 perfide
847 1819 951 1893 agunt
979 1813 1050 1878 siue
1079 1830 1188 1888 eausa,
1238 1811 1348 1892 quieta
1365 1810 1548 1874 obedientia
1565 1812 1731 1877 contiueat
1754 1822 1811 1876 tua
1830 1814 1959 1878 veritas.
1983 1809 2080 1893 Quod
2100 1822 2210 1876 autem

219 1920 285 1964 uon
307 1898 444 1963 dubium
466 1909 515 1964 est
537 1898 617 1980 quin
640 1898 848 1981 peculiariter
871 1896 981 1963 hostes
997 1918 1074 1963 suos
1090 1896 1188 1960 iutel-
1239 1894 1381 1961 inculcat
1403 1895 1465 1961 sibi
1488 1897 1632 1977 patefieri
1653 1897 1732 1976 vias,
1762 1918 1862 1980 seque
1884 1897 1993 1963 doceri
2024 1896 2059 1961 iu
2088 1897 2155 1962 illis
2177 1906 2211 1959 et

218 1984 311 2068 ligat.
362 1984 453 2067 Ergo
483 1983 539 2048 ubi
573 1983 729 2049 liberatus
757 1983 866 2059 fuerit,
902 1981 995 2050 docet
1023 2003 1091 2047 non
1120 1982 1189 2046 lore
1239 1980 1347 2065 dirigi,
1379 2001 1447 2046 nou
1475 2002 1715 2064 supervacuum
1746 1991 1805 2049 est.
1849 1983 1935 2050 Nam
1965 2004 2065 2065 quum
2095 2002 2213 2048 sensus

219 2073 384 2152 privatum
418 2069 620 2149 beneficium,
659 2071 751 2136 cuius
789 2067 830 2133 ad
863 2067 982 2134 'omues
1018 2067 1190 2151 perveniet
1239 2077 1367 2131 nostros
1389 2066 1604 2133 obtenebrant
1626 2089 1678 2133 res
1701 2068 1868 2146 adversae,
1891 2090 1990 2153 quam
2014 2067 2148 2134 difficile
2169 2066 2216 2130 sit

219 2158 361 2221 fructus:
403 2157 500 2220 sicuti
533 2155 604 2219 fieri
638 2177 702 2220 non
735 2159 865 2239 poterat
897 2155 978 2235 quin
1011 2153 1190 2219 multorum
1239 2153 1275 2217 in
1314 2151 1372 2217 illa
1403 2152 1542 2234 caligine
1582 2153 1767 2220 discernere
1809 2154 1888 2237 quid
1929 2154 2022 2238 sequi
2054 2162 2215 2238 oporteat,

219 2242 399 2306 labasceret
439 2240 530 2318 fides,
571 2241 601 2304 si
640 2241 755 2306 fuisset
791 2261 810 2305 a
847 2237 918 2303 Deo
950 2239 1092 2305 relictus.
1146 2238 1190 2302 In
1240 2258 1507 2322 unumquemque
1535 2238 1629 2304 docet
1648 2240 1778 2323 propria
1807 2241 2020 2324 experientia.
2065 2239 2216 2320 Quodsi

220 2327 365 2392 membro
399 2327 546 2408 opposito
580 2326 801 2403 ratiocinatur,
843 2326 871 2390 si
905 2325 1031 2390 confusi
1064 2325 1191 2389 iaceant
1241 2322 1363 2388 Davidi
1394 2333 1461 2389 tam
1485 2323 1605 2390 eximio
1626 2324 1814 2409 prophetae,
1845 2336 1999 2410 tantaque
2021 2325 2094 2391 luce
2116 2324 2216 2390 intel·

220 2413 368 2495 improbi,
402 2410 444 2475 ad
465 2411 530 2477 Dei
560 2410 700 2495 gloriam
728 2412 761 2476 id
784 2419 946 2493 spectare:
981 2410 1057 2495 quia
1078 2429 1190 2475 eorum
1242 2410 1397 2494 ligentiac
1436 2409 1583 2492 praedito
1628 2411 1710 2476 haec
1754 2410 1990 2478 demonstratio
2031 2412 2217 2477 necessaria

220 2499 254 2562 in
287 2498 385 2563 rebus
420 2499 586 2581 prosperis
619 2498 793 2563 exsultatio
825 2496 934 2578 palam
967 2496 1039 2560 Deo
1071 2494 1190 2570 illudit,
1243 2496 1315 2572 fuit,
1338 2494 1415 2576 quid
1438 2495 1532 2561 uobis
1555 2498 1621 2575 fiet,
1644 2497 1708 2561 nisi
1730 2495 1823 2563 Deus
1846 2498 1880 2562 iu
1904 2496 2136 2564 afflictionibus
2158 2518 2216 2561 ue·

221 2585 300 2649 dum
322 2592 513 2664 contempto
540 2584 611 2648 eius
640 2583 760 2648 iudicio
783 2580 940 2646 audacius
963 2581 1003 2646 ad
1025 2581 1192 2646 licentiam
1247 2581 1339 2646 bulas
1368 2581 1528 2657 discutiat,
1554 2603 1596 2646 ne
1626 2581 1707 2647 lueis
1734 2603 1812 2647 suae
1841 2592 2051 2666 conspectum
2080 2581 2219 2665 impedi-

221 2668 375 2752 peccaudi
400 2678 510 2733 ruunt.
555 2667 651 2748 Quod
674 2668 773 2745 addit,
795 2669 864 2731 sinc
879 2674 987 2745 eausa,
1008 2665 1050 2731 ad
1069 2667 1192 2733 crimen
1245 2665 1324 2730 ant?
1371 2665 1509 2747 Semper
1530 2666 1630 2749 igitur
1652 2666 1839 2750 petendum,
1862 2669 1990 2752 quoties
2012 2668 2123 2750 aliqua
2145 2680 2218 2733 teu·

221 2752 490 2838 amplificandum
511 2755 609 2818 valet.
655 2753 769 2818 Minus
791 2755 878 2816 euim
901 2751 1036 2817 ferenda
1055 2761 1105 2817 est
1122 2752 1193 2816 eius
1246 2753 1326 2818 tatio
1349 2773 1409 2818 nos
1429 2753 1608 2836 perturbat,
1632 2764 1668 2817 ut
1686 2753 1778 2818 uobis
1796 2757 1983 2838 praeluceat
2000 2753 2067 2818 Dei
2084 2755 2217 2832 veritas,

222 2841 377 2922 pravitas,
412 2839 470 2920 qui
493 2838 582 2904 nulla
603 2839 724 2903 iniuria
757 2838 929 2904 lacessitus
958 2838 1045 2903 ultro
1065 2836 1106 2902 ad
1128 2836 1194 2900 lae·
1245 2861 1287 2904 ue
1309 2857 1464 2920 perversa
1485 2838 1617 2902 consilia
1638 2840 1799 2921 captando
1828 2862 1887 2923 per
1913 2842 2078 2906 flexuosas
2104 2840 2219 2904 amba·

224 2925 346 2990 ‹lendos
375 2923 529 2989 homiues
550 2925 702 2990 innoxios
723 2926 835 2990 fertur.
1245 2945 1303 3009 ges
1334 2944 1499 3007 vagemur.
1552 2923 1705 2989 Notauda
1737 2933 1788 2991 est
1820 2947 1903 3009 quae
1934 2925 2067 2990 additur
2099 2945 2220 2990 causae

1246 3008 1393 3074 redditio.
1445 3008 1550 3074 Deum
1579 3011 1661 3075 enirn
1692 3012 1807 3076 salutis
1837 3033 1915 3079 suae
1947 3011 2100 3088 vocando,
2133 3031 2218 3093 quae

304 3098 334 3160 4.
367 3096 444 3161 Viae
474 3101 548 3160 tuos
576 3095 691 3161 reama
717 3097 770 3177 foc
790 3116 838 3161 me
861 3094 1038 3178 intellipcre,
1067 3093 1195 3158 suadas
1248 3097 1311 3159 iam
1346 3096 1386 3162 ab
1420 3115 1457 3158 eo
1491 3106 1677 3177 perceperat
1710 3098 1874 3173 beneficia,
1912 3097 1954 3162 ad
1987 3117 2078 3179 spem
2112 3096 2219 3161 futuri

220 3189 291 3247 tuos
313 3183 384 3247 doce
405 3203 461 3246 me.
508 3182 538 3246 5.
575 3181 689 3264 Diea‘qe
710 3203 757 3246 me
778 3184 813 3246 ia
833 3182 961 3246 veritate
981 3187 1047 3260 tuo,
1076 3185 1104 3244 et
1125 3180 1195 3245 dore
1246 3182 1402 3263 temporis
1434 3179 1592 3262 applicat:
1633 3180 1751 3248 deiude
1784 3182 1936 3249 fiduciam
1970 3204 2062 3248 suam
2096 3184 2219 3247 iterum

218 3288 282 3332 mc:
316 3269 395 3349 quio
427 3274 461 3332 tu
494 3267 584 3332 Deos
613 3269 728 3332 salectis
757 3287 852 3349 meae,
890 3266 1113 3347 aemesam
1134 3269 1193 3329 toto
1218 3262 1221 3347 l
1247 3268 1374 3350 repetit.
1418 3265 1471 3329 Ita
1503 3266 1594 3347 prius
1627 3277 1858 3351 argumentum
1892 3276 2062 3352 sumptum
2094 3276 2146 3335 est
2178 3268 2221 3332 ab

219 3356 279 3418 die.
324 3356 354 3418 6.
381 3353 560 3419 Recordme
588 3355 821 3419 miserationum
850 3359 979 3417 suarzaa
1009 3351 1134 3431 Iclacca,
1166 3355 1195 3415 et
1218 3388 1221 3405 =
1245 3354 1348 3436 ipsius
1368 3352 1432 3415 Dei
1454 3363 1582 3429 natura,
1613 3370 1646 3416 et
1667 3355 1762 3435 quasi
1791 3356 1966 3439 aproprio
1989 3355 2111 3421 officio:
2140 3355 2219 3436 quia

219 3441 400 3517 bmaitctum,
423 3441 499 3520 quic
516 3440 643 3518 faremo
660 3439 827 3504 osoeealo.
847 3440 875 3501 7.
897 3439 1194 3521 Tramqrastmam
1245 3440 1368 3505 scilicet
1389 3438 1451 3502 hac
1473 3437 1544 3520 lege
1567 3438 1722 3504 tuendam
1746 3442 1882 3525 suscipit
1897 3442 2045 3507 fidelium
2067 3441 2216 3522 salutem,

220 3526 388 3588 iuventutis
408 3545 500 3601 meae,
522 3529 550 3588 et
570 3526 772 3605 iniquitatum
788 3543 930 3588 mearum
947 3545 985 3588 ne
1002 3524 1195 3588 menineris:
1245 3536 1279 3590 et
1307 3544 1419 3589 eorum
1447 3523 1694 3588 necessitatibus
1725 3526 1886 3605 subvenit,
1917 3539 1953 3592 ut
1982 3527 2120 3592 eandem
2141 3544 2219 3608 gru·

220 3611 386 3675 secaradam
419 3610 610 3674 clementiam
633 3616 720 3675 tuam
740 3609 912 3674 recorderis
933 3611 993 3673 mei
1015 3614 1047 3672 tu
1065 3614 1193 3690 propter
1246 3611 1327 3675 tiam
1344 3611 1379 3673 in
1401 3609 1500 3672 finem
1525 3629 1626 3690 usque
1648 3609 1730 3674 velit
1750 3612 1911 3695 prosequi.
1951 3612 2019 3678 Sed
2042 3614 2120 3694 quia
2141 3610 2219 3675 huic

220 3696 381 3762 bonitatem
406 3700 504 3773 laam,
526 3695 649 3760 Ielroca.
1246 3705 1355 3760 tantae
1386 3693 1521 3759 bonitati
1561 3714 1693 3760 necesse
1725 3709 1775 3761 est
1807 3707 1843 3761 ut
1876 3697 2075 3782 respondeat
2108 3707 2221 3762 nostra

1244 3782 1375 3855 fiducia,
1396 3779 1481 3845 hanc
1501 3799 1627 3861 quoque
1649 3781 1772 3862 profert
1793 3783 1902 3848 David
1921 3804 1988 3847 uua
2009 3804 2086 3849 cum
2108 3799 2218 3866 perse·

306 3870 336 3934 4.
365 3868 466 3953 (Viae
499 3866 593 3950 tuas.)
650 3868 715 3933 Per
747 3869 816 3934 vias
852 3867 988 3933 Domini
1026 3865 1193 3932 interdum
1245 3867 1413 3931 verantiae
1436 3864 1632 3930 testimonio.
1664 3866 1749 3932 Nam
1773 3888 1831 3949 por
1852 3875 1947 3934 mlum
1968 3868 2061 3946 dam,
2085 3871 2138 3934 vel
2159 3888 2218 3950 per

223 3955 386 4038 siguificat
416 3952 527 4020 David
548 3953 649 4020 laetos
672 3962 705 4020 et
726 3955 888 4020 salutares
911 3954 1029 4033 exitus,
1058 3960 1095 4016 ut
1117 3950 1193 4015 alibi
1244 3974 1357 4018 omnes
1380 3950 1458 4026 dies,
1489 3949 1653 4032 significat
1675 3974 1709 4017 se
1737 3955 1932 4038 infatigabili
1955 3956 2139 4021 constantia
2161 3973 2217 4035 pe·

222 4039 330 4104 visum
359 4040 439 4104 fuit:
468 4039 597 4121 saepius
625 4061 704 4106 vero
734 4040 890 4125 iutelligit
913 4048 1022 4104 sancte
1046 4039 1193 4120 iusteque
1216 4046 1219 4141 ι
1243 4037 1394 4120 pendisse
1422 4035 1463 4100 ab
1495 4056 1561 4098 uuo
1591 4035 1673 4102 Deo.
1719 4040 1828 4123 Atque
1857 4040 1919 4104 hoc
1947 4039 2023 4104 fidei
2046 4040 2217 4123 proprium

222 4123 358 4189 vivendi
390 4126 548 4209 regulam.
599 4126 676 4209 Hic,
706 4125 783 4208 quia
804 4146 882 4190 mox
905 4125 1038 4190 additur
1060 4123 1191 4200 veritas,
1216 4146 1219 4199 l
1244 4137 1302 4203 est,
1325 4126 1411 4187 inter
1433 4141 1579 4185 summas
1596 4124 1777 4190 anxietates
1800 4128 1960 4208 respicere
1984 4127 2017 4189 iu
2039 4123 2160 4208 Deum,
2182 4134 2217 4190 et

221 4210 419 4293 precationis
437 4232 564 4275 summa
581 4219 631 4274 est
648 4210 734 4297 (meo
757 4210 889 4297 iudicio)
908 4219 944 4276 ut
955 4213 1048 4277 Deus
1060 4231 1191 4275 servum
1215 4208 1218 4349 Ι
1244 4212 1335 4292 quasi
1369 4208 1467 4272 tacita
1500 4207 1608 4288 quiete
1648 4209 1680 4271 iu
1715 4213 1911 4293 promissum
1945 4211 2016 4276 eius
2053 4213 2214 4277 auxilium

223 4315 319 4360 suum
342 4296 376 4358 in
399 4293 462 4358 fide
484 4297 735 4378 promissionum
758 4318 892 4361 suarum
916 4298 1064 4373 retineat,
1087 4316 1191 4378 neque
1243 4296 1440 4361 recumbere.
1495 4292 1670 4357 Caeterum
1709 4307 1745 4360 ut
1784 4301 1943 4362 memoria
1980 4296 2214 4365 beneficiorum

224 4380 310 4446 sinat
333 4380 398 4445 huc
427 4381 478 4445 vel
501 4380 580 4446 illuc
602 4380 710 4449 dilabi.
753 4382 806 4446 Ita
829 4384 916 4446 euim
940 4381 1129 4464 compositis
1150 4380 1190 4445 ad
1243 4381 1306 4444 Dei
1340 4400 1432 4461 spem
1466 4386 1609 4443 nostram
1642 4380 1753 4446 foveat
1786 4405 1823 4449 ac
1855 4383 2024 4460 sustineat,
2059 4395 2215 4465 reputare

224 4467 415 4549 patientiam
438 4465 566 4543 animis,
590 4467 673 4532 nihil
696 4487 866 4550 perperam
889 4474 1063 4544 tentamus,
1084 4467 1112 4532 si
1131 4467 1191 4530 toti
1215 4514 1217 4557 Ι
1244 4467 1406 4530 discamus
1437 4462 1566 4547 qualem
1600 4484 1634 4527 se
1662 4467 1725 4532 iam
1758 4470 1849 4535 nobis
1881 4468 2082 4534 exhibuerit:
2115 4469 2215 4535 sicuti

223 4552 407 4635 pendemus
430 4573 449 4616 a
471 4553 534 4617 Dei
557 4553 769 4633 providentia.
812 4553 889 4618 Non
907 4574 983 4635 ergo
1001 4554 1191 4636 simpliciter
1215 4570 1217 4575 ·
1242 4551 1351 4617 David
1369 4552 1452 4616 hanc
1471 4549 1532 4614 sibi
1550 4547 1705 4615 fulturam
1724 4557 1848 4633 statuit,
1872 4554 1958 4638 quod
1972 4553 2081 4618 Deum
2098 4576 2216 4638 exper-

222 4638 284 4705 hoc
307 4638 376 4704 loco
405 4639 550 4720 postulat
578 4637 687 4701 David
710 4639 828 4720 spiritu
853 4639 913 4703 Dei
941 4661 977 4705 se
999 4641 1078 4722 regi,
1108 4659 1149 4703 ne
1171 4661 1191 4702 a
1243 4638 1360 4704 tussit
1383 4634 1497 4700 salutis
1519 4644 1673 4701 autorem.

223 4733 312 4791 recto
337 4744 433 4788 cursu
456 4725 621 4788 deflectat:
644 4723 701 4787 sed
724 4724 785 4789 sibi
804 4726 950 4805 patefieri
971 4745 1068 4807 quam
1088 4746 1190 4790 verax
1327 4725 1357 4788 6.
1381 4720 1581 4807 (Recordare,
1603 4721 1669 4869 etc)
1705 4725 1816 4789 Primo
1838 4725 1917 4794 hinc
1940 4736 2084 4808 apparat,
2108 4727 2212 4793 Davi·

224 4820 258 4873 et
277 4811 384 4875 fidelis
406 4811 450 4873 sit
471 4810 562 4874 Deus
584 4809 620 4873 in
638 4810 706 4874 suis
724 4810 901 4892 promissis,
927 4825 963 4875 ut
983 4813 1112 4893 quietus
1131 4811 1189 4874 sub
1242 4809 1314 4874 dem
1337 4810 1437 4873 fuisse
1460 4805 1604 4887 graviter
1625 4809 1795 4889 aflictum,
1827 4822 1864 4876 ut
1886 4814 1973 4878 omni
1997 4812 2064 4880 fere
2086 4815 2213 4879 miseri-

225 4894 296 4958 eius
318 4895 419 4962 oculis
453 4894 559 4978 degat.
606 4893 642 4960 Si
664 4895 736 4977 quis
757 4896 943 4978 generalem
966 4917 1037 4961 esse
1059 4916 1190 4961 sensum
1242 4895 1370 4961 cordiae
1393 4892 1454 4955 Dei
1478 4902 1575 4974 gustu
1598 4893 1744 4972 privatus
1767 4899 1858 4964 foret.
1893 4898 2036 4965 Perinde
2059 4898 2148 4965 euim
2172 4900 2212 4964 ad

224 4980 325 5059 malit,
358 5002 396 5045 ac
425 4983 452 5047 si
482 4980 591 5047 David
614 4981 686 5046 Deo
710 5002 745 5046 se
767 4980 1015 5064 gubernandum
1038 4981 1190 5057 traderet,
1242 4983 1365 5064 gratiae
1394 4999 1471 5042 suae
1500 4978 1693 5042 memoriam
1720 4994 1852 5049 revocat
1874 4984 1993 5061 Deum,
2024 5007 2061 5051 ac
2090 4986 2118 5050 si
2143 4986 2213 5050 eius

226 5085 293 5128 nou
314 5067 410 5131 valde
432 5087 594 5151 repugno:
618 5068 695 5149 quia
715 5076 825 5132 tamen
847 5067 929 5131 mihi
952 5067 1116 5150 probabile
1134 5075 1192 5147 est,
1243 5077 1328 5131 esset
1350 5064 1486 5129 oblitus:
1508 5061 1588 5127 haec
1611 5064 1710 5147 igitur
1729 5069 1870 5134 hominis
1893 5091 1959 5135 non
1982 5091 2098 5152 parum
2121 5072 2211 5136 anxii

227 5150 286 5215 sub
321 5153 475 5218 veritatis
516 5155 647 5218 nomine
687 5155 722 5218 in
756 5153 904 5236 proximo
938 5172 1033 5217 versu
1067 5155 1196 5237 erponi,
1243 5160 1277 5217 et
1298 5151 1411 5216 moesti
1430 5149 1631 5234 qucrimonia
1648 5159 1706 5214 est.
1730 5155 1905 5220 Caeterum
1925 5156 2001 5220 hinc
2018 5157 2212 5241 colligimus,

224 5255 382 5318 quasnam
406 5238 477 5303 vias
498 5248 530 5303 et
552 5240 682 5305 semitas
707 5247 806 5317 vocet,
837 5238 877 5303 ad
899 5247 1107 5321 praesentem
1128 5242 1191 5306 cir·
1243 5237 1371 5302 etiamsi
1402 5235 1441 5302 ad
1475 5245 1603 5318 tempus
1633 5234 1805 5304 subtrahat
1826 5242 1917 5307 Deus
1939 5263 2036 5306 omne
2057 5244 2213 5309 bonitatis
