4658 5856
196 342 261 407 aas
993 335 1210 405 essenus
1232 337 1403 405 xxmn.
1597 316 1601 324 “
2126 333 2192 400 aar

197 529 372 609 maledicit,
394 531 472 613 quin
495 531 653 596 reconditi
676 530 730 594 isti
753 529 880 594 dolores
903 547 983 610 quos
1005 527 1097 591 Deus
1116 546 1167 590 re·
1219 525 1404 592 decachordo
1418 527 1546 612 psallite
1562 527 1628 592 illi:
1663 525 2053 593 acemanecestriae
2071 544 2192 606 cocum,

198 617 307 701 probis
329 617 481 683 omnibus
503 617 655 692 minatur,
680 615 772 680 nobis
796 615 829 679 in
852 622 999 677 mentem
1022 611 1166 678 veniant.
1219 617 1341 678 strenue
1362 615 1463 678 canite
1493 632 1561 677 cem
1581 612 1782 678 iubilatione:
1823 613 1855 677 4.
1881 612 1963 693 Quia
1987 617 2102 677 rectum
2122 634 2191 678 ver·

198 703 294 767 Sicut
334 715 442 767 autem
483 704 665 767 innumeris
704 699 858 766 vindictis
899 707 1063 763 armatum
1098 717 1168 763 csse
1220 698 1292 763 bam
1313 698 1456 778 Ieboccc,
1478 704 1505 764 ct
1526 700 1632 764 omniu
1653 718 1747 780 opero
1770 699 1837 763 eius
1859 698 1893 762 ia
1913 696 2023 783 filiast)

196 786 307 853 Deum
325 797 439 853 contra
457 789 612 870 reprobos
630 786 721 860 dixit,
741 806 872 851 rursum
891 784 991 862 addit,
1011 785 1170 848 immensa

199 871 343 938 bonitate
372 874 567 939 instructum
594 893 663 936 esse
693 893 755 953 qua
777 892 853 936 suos
876 890 989 936 omnes
1011 867 1168 935 sublevet.
1309 874 1337 938 1.
1356 870 1535 958 (Breuitate
1552 872 1629 936 iusti
1646 872 1681 936 ia
1698 866 1835 954 chocc.)
1864 868 2063 936 Nominatim
2075 870 2191 937 fideles

198 957 337 1024 Summa
359 969 417 1034 est,
441 981 506 1024 non
530 958 618 1022 aliud
638 979 708 1023 esse
727 957 820 1021 malis
838 956 959 1021 nostris
976 954 1169 1031 remedium,
1223 959 1275 1023 vel
1298 960 1399 1024 iustos
1428 957 1610 1042 compellat,
1640 955 1717 1040 quia
1744 956 1804 1021 soli
1833 954 1941 1020 idonei
1971 968 2047 1023 sunt
2068 957 2192 1042 gloriae

198 1045 263 1108 nisi
286 1057 322 1109 ut
344 1046 506 1110 humiliati
533 1045 593 1108 sub
623 1043 685 1109 Dei
716 1064 824 1121 manu,
855 1042 994 1108 salutem
1025 1049 1171 1106 nostram
1225 1046 1285 1109 Dei
1326 1065 1510 1127 praecones.
1575 1043 1689 1126 Neque
1727 1042 1815 1106 enim
1849 1039 2008 1107 increduli
2038 1044 2094 1126 qui
2128 1045 2192 1111 Dei

198 1130 233 1194 in
256 1130 325 1196 sola
348 1134 417 1196 eius
446 1129 664 1195 misericordia
693 1129 887 1195 fundemus:
921 1148 977 1193 eos
1009 1147 1084 1192 vero
1114 1125 1170 1208 qui
1223 1129 1404 1196 bonitatem
1438 1149 1607 1212 nunqnam
1641 1136 1826 1212 gustarunt,
1871 1147 1945 1212 eum
1979 1138 2116 1210 possum
2149 1153 2191 1196 ex

197 1215 234 1279 in
254 1214 363 1281 Deum
383 1217 596 1293 recubuerint,
619 1216 770 1280 omnibus
792 1213 937 1278 numeris
955 1212 1066 1278 beatos
1084 1212 1170 1276 fore:
1224 1217 1333 1282 animo
1356 1216 1505 1282 laudare:
1535 1227 1568 1280 et
1597 1213 1689 1279 Deus
1719 1234 1837 1278 nomen
1861 1234 1956 1278 suum
1978 1215 2115 1297 impuris
2136 1237 2192 1282 so·

199 1301 277 1383 quia
295 1302 508 1385 undecunque
526 1321 580 1366 eos
599 1312 765 1384 oppugnet
785 1298 897 1378 Satan,
916 1298 1079 1363 Dominus
1096 1318 1170 1363 eum
1224 1324 1299 1367 rum
1331 1303 1454 1385 linguis
1485 1301 1603 1384 attingi
1637 1320 1702 1364 non
1736 1299 1816 1364 vult.
1861 1297 1928 1363 Sed
1962 1320 2002 1363 ex
2036 1312 2192 1368 contextu

198 1407 258 1452 suo
280 1388 440 1470 praesidio
461 1397 618 1452 occurret.
1224 1389 1340 1454 melius
1369 1387 1493 1471 patebit
1528 1408 1585 1452 cur
1617 1384 1698 1450 haec
1723 1385 1906 1450 exhortatio
1935 1384 2012 1450 solis
2042 1385 2194 1453 fidelibus

288 1474 337 1537 11.
365 1471 558 1557 (hortamini
589 1473 622 1536 in
652 1469 793 1556 letone.)
849 1471 1028 1552 Postquam
1059 1468 1170 1535 David
1223 1475 1351 1556 proprie
1384 1473 1567 1551 conveniat,
1607 1480 1703 1554 atque
1736 1470 1781 1535 ita
1815 1472 1975 1554 posterius
2008 1471 2194 1538 membrum

199 1578 311 1622 veram
334 1559 519 1624 felicitatem
551 1559 612 1641 piis
636 1557 787 1623 omnibus
810 1565 992 1638 promptam
1015 1564 1049 1619 et
1070 1575 1169 1637 expo·
1222 1568 1390 1645 exponunt
1413 1560 1518 1635 multi,
1549 1557 1647 1623 rectis
1676 1557 1806 1622 laudem
1836 1577 2030 1640 congruere:
2061 1560 2138 1640 quia
2166 1560 2195 1623 si

198 1643 293 1706 sitam
317 1665 386 1710 esse
417 1644 536 1722 docuit,
566 1664 631 1708 non
661 1642 825 1707 immerito
855 1661 910 1706 eos
940 1642 980 1704 ad
1012 1640 1168 1705 laetitiam
1222 1644 1263 1711 ad
1285 1645 1372 1711 idem
1401 1644 1594 1711 tentandum
1616 1663 1651 1707 se
1673 1643 1849 1726 accingunt
1872 1643 1972 1725 impii,
2006 1643 2057 1709 vel
2088 1644 2195 1728 hypo.

198 1725 361 1794 hortatur.
416 1730 512 1795 Iubet
544 1739 654 1794 autern
688 1729 721 1793 in
756 1728 881 1793 Iehova
912 1726 1037 1806 laetari,
1072 1747 1109 1791 ac
1142 1727 1169 1790 si
1221 1733 1339 1811 eritas,
1372 1731 1405 1796 id
1430 1733 1465 1797 in
1484 1731 1546 1796 Dei
1572 1729 1726 1812 probrum
1745 1739 1778 1794 et
1807 1726 1945 1794 dedecus
1962 1729 2068 1812 magis
2086 1729 2196 1813 vergit

197 1812 328 1898 diceret,
348 1814 429 1880 nihil
447 1817 576 1881 obstare
594 1815 769 1897 quominus
789 1815 894 1878 Deum
913 1811 976 1876 sibi
993 1812 1169 1895 propitium
1221 1838 1317 1900 quam
1351 1818 1384 1881 in
1418 1815 1565 1882 laudem:
1609 1814 1675 1879 imo
1715 1813 1798 1878 nihil
1831 1833 1928 1896 quam
1961 1834 2089 1879 sacrum
2123 1816 2196 1880 eius

198 1920 268 1966 esse
290 1910 437 1965 statuant
459 1902 515 1983 qui
538 1911 606 1966 tam
631 1899 769 1983 benigne
791 1909 824 1964 et
846 1900 979 1964 comiter
997 1896 1038 1961 ad
1056 1917 1169 1962 recon-
1223 1900 1342 1969 numen
1362 1904 1545 1985 profanant,
1564 1920 1602 1966 ac
1620 1919 1697 1965 vere
1714 1897 1844 1982 quidem
1860 1899 1919 1965 hoc
1932 1898 2060 1983 dicitur,
2079 1921 2193 1983 qnem-

197 1987 394 2052 oiliationem
414 2008 448 2052 se
467 1988 572 2052 offert.
595 1987 725 2051 Interea
743 1996 892 2051 notemus
904 1984 1169 2065 huncincompa-
1222 1988 1394 2055 admodum
1415 1990 1479 2053 iam
1499 1986 1664 2065 admonui,
1682 1985 1790 2050 Deum
1808 1984 1869 2050 sibi
1887 1986 2035 2050 consulto
2050 1986 2086 2050 iu
2102 1985 2193 2051 hunc

198 2072 335 2137 rabilem
358 2094 429 2138 esse
451 2071 527 2137 fidei
549 2073 701 2149 fructum,
724 2091 820 2153 quam
843 2071 944 2135 etiam
963 2067 1170 2133 commendat
1221 2077 1321 2141 finem
1339 2076 1482 2158 gratuita
1498 2071 1670 2156 adoptione
1687 2091 1797 2136 creare
1816 2070 1983 2136 ecclesiam
2005 2073 2039 2136 in
2058 2071 2192 2150 mundo,

198 2157 332 2237 Paulus,
356 2158 434 2223 dnm
452 2159 576 2223 scilicet
594 2159 719 2241 piorum
738 2156 957 2223 conscientiae
975 2154 1168 2236 tranquillae
1222 2172 1259 2226 ut
1281 2181 1399 2227 nomen
1428 2180 1524 2226 annm
1553 2158 1616 2223 rite
1644 2179 1663 2221 a
1693 2157 1846 2241 legitimis
1868 2157 2007 2223 testibus
2031 2157 2191 2223 laudetur.

198 2252 232 2309 et
254 2243 374 2309 hilares
395 2264 474 2325 pace
496 2254 529 2307 et
551 2242 670 2328 gaudio
692 2241 856 2325 spirituali
874 2242 1037 2305 fruuntur.
1083 2239 1169 2304 Nam
1222 2247 1399 2313 Genuinus
1421 2255 1530 2311 tamen
1553 2263 1669 2310 sensus
1691 2254 1749 2319 est,
1772 2242 1901 2306 laudem
1924 2243 2022 2308 rectis
2039 2241 2191 2308 decoram

198 2328 384 2411 ubicunqne
413 2329 446 2393 vi
473 2329 538 2395 ebit
560 2329 650 2406 fides,
684 2348 755 2392 eam
778 2336 933 2409 sequetur
954 2326 1035 2391 haec
1056 2335 1170 2391 sancta
1222 2354 1302 2412 eune,
1325 2334 1402 2416 qnia
1424 2330 1507 2395 nihil
1529 2331 1573 2395 sit
1595 2329 1703 2413 potius
1724 2330 1758 2392 in
1782 2349 1845 2409 quo
1867 2348 1902 2392 se
1924 2337 2108 2394 exerceant.
2144 2329 2191 2393 Et

199 2414 358 2500 gloriatio.
400 2350 471 2480 sed
485 2416 561 2497 quia
578 2412 702 2479 mundo
720 2433 781 2479 sua
800 2413 951 2496 impietas
968 2412 1167 2478 obstaculum
1222 2431 1310 2487 aaran
1341 2438 1442 2501 quum
1483 2416 1622 2482 assiduis
1655 2413 1820 2479 beneficiis
1852 2412 1944 2479 Dens
1977 2413 2191 2481 celebrandae

198 2510 258 2577 est,
296 2522 337 2564 ne
370 2499 411 2564 ad
442 2501 539 2566 huius
568 2501 680 2584 gaudii
710 2499 989 2581 participationem
1019 2496 1169 2562 accedat:
1223 2526 1301 2571 suan
1324 2504 1448 2588 gloriae
1480 2500 1650 2566 materiam
1679 2501 1758 2582 ipsis
1782 2497 1942 2581 praebeat,
1972 2520 2009 2566 ec
2032 2501 2193 2564 immensa

198 2585 270 2651 ideo
303 2586 389 2650 80108
430 2587 534 2651 iustos
568 2585 740 2668 compellat
771 2583 891 2659 David,
925 2603 1006 2664 {1⁰⁰⁸
1039 2581 1168 2646 effidem
1222 2589 1273 2675 (ut
1295 2590 1374 2655 alibi
1394 2584 1548 2672 vidimus)
1570 2586 1641 2650 eius
1663 2585 1791 2652 bonitas
1812 2585 1848 2647 in
1871 2586 2035 2668 proprium
2060 2585 2193 2651 thesau-

197 2676 295 2737 redos
316 2672 406 2736 corde
430 2672 586 2745 nominat,
616 2685 653 2734 ut
680 2670 822 2734 sciamus
845 2678 1003 2732 externae
1025 2667 1171 2731 iustitiae
1223 2697 1297 2741 rum
1320 2675 1399 2757 ipsis
1422 2674 1465 2739 uit
1487 2670 1637 2754 reposita,
1673 2693 1729 2736 cos
1762 2670 1802 2734 de
1830 2668 1980 2737 laudibus
2011 2672 2073 2736 Dei
2095 2671 2193 2736 silere

199 2756 376 2839 specimen,
399 2776 482 2837 quae
505 2754 692 2820 hominibus
715 2751 847 2831 arridet,
871 2753 954 2816 nihil
973 2773 1044 2817 esse
1060 2772 1169 2816 coram
1223 2769 1319 2846 turpe
1341 2771 1374 2825 ec
1392 2757 1567 2823 absurdum
1590 2756 1683 2822 foret.
1728 2754 1803 2820 Huc
1825 2763 1935 2823 antem
1953 2777 2081 2822 summa
2098 2756 2195 2836 redit,

199 2842 281 2905 Deo.
327 2839 393 2905 Sed
424 2839 584 2922 quomodo
607 2841 711 2903 iustos
731 2847 824 2902 vocat
846 2859 985 2921 quorum
1009 2847 1078 2901 tota
1100 2837 1169 2901 teti·
1223 2847 1286 2912 hoc
1314 2845 1525 2930 praecipuum
1556 2862 1626 2907 esse
1654 2839 1800 2906 studium
1828 2840 1863 2905 in
1893 2863 1956 2926 quo
1978 2843 2079 2909 iustos
2100 2863 2194 2908 occu·

199 2925 307 2993 citatis
329 2926 364 2989 in
393 2926 536 3008 gratuita
559 2924 622 2988 Dei
650 2924 823 2990 clementia
856 2925 964 3007 posita
997 2931 1056 2999 est,
1091 2922 1169 2986 dum
1223 2932 1296 3016 pari
1325 2931 1446 3007 donant,
1482 2936 1519 2994 ut
1548 2927 1715 3002 iustitiam,
1753 2927 1943 3007 bonitatem,
1972 2938 2006 2993 et.
2035 2928 2194 2994 virtutem

199 3011 266 3076 illis
293 3021 425 3092 peccata
456 3031 519 3075 non
549 3011 712 3094 imputat?
755 3009 957 3092 Respondeo,
992 3029 1056 3073 non
1091 3008 1171 3074 alios
1223 3019 1298 3100 Dei,
1320 3036 1458 3101 quarum
1480 3012 1633 3078 notitiam
1655 3011 1775 3078 animis
1793 3012 1931 3078 infixam
1950 3023 2077 3098 gerunt,
2099 3034 2194 3097 pm.

200 3097 300 3178 recipi
322 3096 356 3160 in
379 3097 528 3180 gratiam,
562 3097 625 3161 nisi
655 3096 711 3179 qui
734 3094 796 3160 sibi
819 3096 852 3160 in
877 3095 966 3161 vitiis
987 3093 1171 3176 displicent,
1224 3104 1332 3171 (linunt
1363 3101 1451 3186 apud
1483 3099 1642 3164 hemines.
1687 3097 1753 3164 Ubi
1790 3118 1850 3180 ego
1883 3098 1964 3164 ahos
1996 3100 2195 3181 interpretes

200 3196 233 3249 et
255 3203 298 3247 ex
319 3183 427 3246 animo
449 3182 663 3264 resipiscunt:
693 3202 758 3246 non
779 3180 866 3264 quod
889 3181 1088 3263 poenitentia
1109 3179 1171 3246 sibi
1223 3199 1389 3274 aequuum,
1410 3190 1553 3254 decerem
1573 3184 1699 3251 leudem
1721 3183 1883 3263 transtuli,
1907 3193 1982 3267 apte
2004 3185 2103 3250 etiam
2128 3184 2194 3269 legi

200 3270 332 3334 veniam
354 3268 533 3350 acquirant,
556 3268 613 3333 sed
636 3269 753 3350 quiae
775 3267 894 3349 spiritu
915 3267 1171 3351 regenerationis
1224 3287 1331 3359 panset
1354 3270 1622 3351 Desiderabilem,
1644 3270 1684 3337 ab
1701 3281 1774 3354 mx
1790 3268 1878 3351 quod
1895 3279 2007 3352 optare
2025 3271 2076 3335 vel
2094 3292 2200 3358 expe3

201 3354 311 3420 divelli
334 3374 502 3436 nunquam
519 3364 627 3436 petest
650 3351 740 3417 fide.
785 3352 856 3418 Iam
875 3373 954 3419 vere
974 3352 1030 3418 abi
1047 3373 1082 3418 se
1102 3353 1172 3416 Dee
1224 3373 1292 3427 tere
1314 3361 1485 3445 signifieat.
1529 3357 1574 3420 Et
1595 3366 1682 3424 certe
1704 3376 1803 3438 quem
1827 3353 1939 3421 fideles
1962 3363 2029 3420 tem
2047 3355 2196 3421 suaviter

201 3438 352 3506 addicere
395 3449 581 3524 coeperunt,
624 3436 853 3503 rectitudinem
893 3436 1000 3502 cordis
1039 3437 1172 3503 illorum
1224 3448 1347 3514 alliciat
1379 3446 1481 3521 Deus,
1522 3444 1599 3508 tetis
1639 3442 1740 3507 animi
1781 3442 1864 3506 votis
1899 3439 1941 3506 ad
1975 3441 2087 3508 laudes
2118 3441 2192 3506 eius

201 3524 339 3609 perinde
362 3534 526 3606 acoaptam
549 3523 648 3589 habat
670 3545 707 3589 aa
729 3523 758 3587 si
779 3524 909 3605 integra
931 3530 1018 3588 asflat
1040 3542 1078 3587 ³⁰
1099 3543 1172 3605 per·
1224 3531 1389 3600 canendas
1419 3550 1475 3597 eos
1503 3529 1582 3594 ferri
1611 3528 1773 3593 convenit.
1818 3525 2006 3592 Notandum
2027 3524 2113 3610 quod
2135 3526 2192 3591 ubi

202 3610 305 3677 lecta:
339 3630 444 3691 neque
465 3611 552 3674 enim
573 3606 678 3675 solum
703 3607 868 3673 hominem
891 3607 963 3672 Deo
986 3608 1174 3673 reconciliat
1225 3619 1327 3683 iustus
1360 3616 1468 3699 posuit
1500 3612 1667 3696 propheta,
1704 3611 1836 3677 nomine
1870 3613 2091 3690 rectitudinis,
2130 3612 2194 3678 sub

203 3696 292 3771 fidet.
326 3694 383 3761 ⁸⁰d
415 3695 569 3778 quidquid
603 3695 639 3759 5¹¹
672 3714 709 3759 00
739 3690 846 3760 fldhlffl
875 3705 926 3759 ⁹⁸i
946 3692 1172 3774 i¹¹¹l¹⁰ff⁰0i¹1¹1¹
1226 3724 1287 3786 quo
1306 3698 1593 3785 comprehenditur
1610 3697 1745 3762 interior
1763 3699 1865 3764 animi
1882 3698 2061 3778 sinceritas,
2080 3699 2194 3764 statim

202 3781 395 3858 sanctificat,
423 3790 460 3846 ut
487 3780 633 3866 gratuita
661 3779 725 3844 Dei
755 3779 960 3863 indulgentia
987 3778 1093 3843 iustus
1122 3779 1175 3858 sit,
1226 3807 1308 3872 qnae
1330 3807 1411 3853 vera
1432 3789 1475 3852 sit
1495 3783 1621 3848 iustitia
1643 3781 1766 3847 definit.

201 3867 260 3950 qui
292 3866 381 3932 nullo
422 3869 538 3933 merito
579 3875 706 3932 tantum
748 3866 870 3931 bonum
910 3864 1081 3947 acquirere
1113 3863 1175 3929 sibi
1311 3874 1341 3938 2,
1365 3871 1534 3958 (Gckbrute
1567 3866 1737 3952 chcvcm.)
1780 3869 1855 3934 Non
1885 3869 2019 3936 dubium
2042 3880 2092 3935 est
2112 3869 2193 3953 quin

202 3961 321 4035 posset.
1228 3959 1470 4027 vehementiam
1491 3965 1524 4018 et
1544 3952 1693 4018 ardorem
1719 3952 1855 4020 affectus
1876 3955 1912 4020 in
1934 3954 2006 4020 Deo
2028 3953 2194 4020 laudando

1229 4047 1290 4112 hoc
1312 4065 1410 4111 versu
1431 4039 1604 4123 exprimat,
1628 4038 1683 4103 ubi
1704 4039 1738 4103 in
1756 4038 1844 4106 hunc
1863 4062 1956 4105 usum
1975 4042 2196 4106 instrumenta

1229 4131 1352 4197 musica
1373 4125 1530 4211 applicari
1558 4123 1656 4202 iubet,
1687 4125 1769 4190 nihil
1798 4127 1886 4190 enim
1908 4126 1980 4193 vult
2002 4149 2022 4191 a
2043 4125 2196 4192 fidelibus

488 4240 695 4310 rennues
717 4239 899 4307 xxnn.
1228 4211 2196 4368 adli,tittet⁰⁰ttttttl¹⁸ttl¹ttdttldttt:

273 4397 354 4453 ABG.
383 4395 478 4463 David,
505 4399 553 4447 aet
580 4394 702 4463 quisquis
729 4393 809 4449 huius
835 4393 937 4446 Psalmi
962 4393 1014 4447 fait
1031 4398 1118 4460 antor,
1146 4398 1178 4446 nt
1228 4387 1336 4456 celata
1368 4404 1448 4451 voce
1480 4380 1608 4463 proprie
1642 4380 1822 4447 celebratur
1856 4383 1919 4447 Dei
1953 4404 2080 4461 nomen,
2113 4381 2197 4448 haee

308 4467 401 4520 ⁶⁶⁰¹⁰⁸
436 4465 471 4517 ⁸⁶
514 4460 677 4515 tendandum
714 4463 799 4515 Deum
842 4462 947 4526 incitet,
988 4467 1176 4532 argumentum
1229 4485 1338 4539 tamen
1368 4466 1566 4536 adminicula
1592 4465 1708 4547 quibus
1736 4488 1771 4532 se
1793 4469 1897 4551 magis
1924 4468 2061 4535 incitare
2082 4468 2197 4534 fideles

308 4531 721 4670 pgppuepitaoirbuffisstiwpgng
739 4530 1018 4652 ,mifffflfmssoiggz
1034 4532 1176 4668 ,mm
1229 4560 1344 4636 solent,
1379 4576 1444 4622 non
1476 4552 1598 4616 frustra
1630 4550 1761 4626 addidit,
1795 4556 1987 4635 praesertim
2019 4575 2120 4638 quum
2154 4553 2197 4619 ad

309 4690 374 4741 erga
400 4671 515 4724 electum
548 4667 676 4735 populum
709 4668 766 4721 eius
800 4684 892 4721 cnmm
922 4669 1056 4721 celebrat:
1097 4668 1177 4720 simul
1230 4655 1373 4713 veterem
1403 4635 1560 4721 P⁰P¹¹l¹¹m
1589 4636 1687 4702 verba
1717 4638 1849 4737 fssssfflsei·
1895 4639 2081 4740 Dl⁸f²fim911
2103 4660 2196 4704 nam·

309 4740 455 4796 ostendens
480 4754 560 4806 qnam
586 4751 697 4790 necesse
723 4736 760 4789 sit
785 4736 916 4804 peculiari
939 4737 997 4790 eins
1013 4737 1101 4789 tutela
1117 4737 1177 4805 pios
1229 4750 1292 4815 que
1316 4723 1491 4792 tenendum
1514 4731 1572 4798 ost,
1602 4743 1644 4786 ne
1671 4723 1827 4806 quidquid
1850 4724 1980 4791 Iudaeis
2001 4726 2079 4791 olim
2101 4746 2198 4809 prae·

310 4810 405 4865 severi.
1230 4825 1359 4898 ceptum
1383 4808 1454 4890 luit,
1476 4808 1656 4889 promiscue
1676 4807 1716 4871 ad
1739 4831 1797 4874 nos
1821 4811 2006 4877 trahamusr
2036 4833 2096 4878 nec
2118 4833 2198 4877 vero

1230 4897 1313 4965 mihi
1335 4893 1470 4960 dubium
1498 4904 1548 4958 cst
1570 4893 1648 4975 quin
1676 4895 1825 4977 cymbala
1847 4896 1986 4978 pulsare,
2014 4918 2134 4963 canere
2157 4897 2199 4962 ad

295 4967 323 5031 1·
348 4963 512 5028 &sulcate
534 4959 611 5023 Μ
631 4960 666 5024 in
689 4956 820 5058 lehiva’
838 4960 942 5058 ‚mhi
963 4956 1112 5057 ww)
1135 4961 1180 5022 Μ
1230 4984 1389 5067 citharam
1414 4987 1446 5042 et
1469 4978 1610 5059 nablum,
1632 4987 1799 5063 totumque
1822 4981 1902 5045 illud
1928 4984 2072 5050 musicae
2094 5005 2201 5068 mnus

207 5055 288 5119 laets.
331 5051 362 5115 2.
387 5047 540 5113 Celebrate
570 5043 719 5110 Iebcucm
747 5065 782 5107 m
814 5043 945 5124 cithero,
975 5064 1010 5107 m
1037 5044 1130 5109 nablo
1152 5044 1179 5106 et

279 5206 308 5271 ¹')
325 5206 385 5259 bien
403 5199 750 5266 seanteanxdroicturiers‚
768 5214 802 5252 err
820 5212 925 5266 mar-pc:
943 5195 1069 5264 ondigns
1080 5194 1178 5247 d'estre
1283 5185 1312 5254 *)
1328 5190 1419 5238 tontes
1436 5200 1479 5239 ses
1496 5199 1610 5237 ocurrer
1628 5184 1731 5249 err-toy,
1750 5200 1782 5238 crs
1800 5200 1906 5254 marce.-
1931 5188 2025 5241 fideles
2044 5205 2079 5243 cn
2097 5187 2201 5245 termes

206 5277 295 5331 aimec
313 5292 364 5345 per
381 5273 420 5325 les
438 5277 489 5323 sto.
1230 5263 1259 5311 et
1275 5259 1471 5325 permanentes.
