4658 5856
87 397 91 401 .
145 335 206 402 381
925 339 1141 408 PSALMUS
1163 338 1347 406 XXXVII.
2078 341 2142 408 382

146 525 302 590 cordibus
323 526 462 591 infixum
480 548 552 593 esse
570 526 673 605 debet,
695 529 854 594 mundum
873 528 943 613 regi
962 530 1024 594 Dei
1047 549 1121 611 pro·
1173 527 1325 609 tendere,
1366 529 1481 595 definit
1514 529 1623 595 David
1658 549 1756 612 quam
1789 550 1809 594 a
1844 529 1920 595 filiis
1955 530 2024 595 suis
2056 524 2147 595 Deus

147 611 302 689 ridentia,
325 614 446 694 optime
467 615 687 679 ratiocinatur.
732 615 846 679 Primo
875 616 986 696 itaque
1008 624 1120 679 tenen·
1174 615 1279 698 exigit
1307 614 1484 694 iostitiam,
1517 636 1553 682 ac
1583 635 1655 681 cam
1675 615 1710 680 in
1736 616 1798 679 tria
1825 615 1933 698 capita
1964 615 2146 698 distinguit,

148 696 316 779 domest,
345 697 418 762 Deo
447 719 544 764 curae
573 721 644 765 esse
670 711 791 766 statum
823 704 952 784 generis
975 701 1121 777 humani,
1174 699 1260 782 quod
1290 720 1398 766 sermo
1427 721 1539 767 eorum
1568 701 1716 767 sincerus
1747 701 1806 777 sit,
1837 700 1921 783 quod
1950 700 1998 764 leo
2019 699 2085 765 Dei
2111 701 2145 766 in

148 802 207 846 nec
225 782 343 866 agitari
355 782 498 861 fortuito,
516 785 573 850 sed
591 786 724 851 consilio
742 788 811 852 sius
830 786 936 870 dirigi,
955 796 992 850 ut
1011 807 1121 851 rerum
1174 806 1287 849 eorum
1310 787 1428 850 animis
1457 786 1660 864 dominetur,
1693 785 1779 871 quod
1801 787 1902 851 vitam
1933 795 2021 852 reete
2051 787 2146 850 insti-

148 867 295 933 omnium
318 879 457 934 eventus
478 890 537 935 sno
561 870 694 936 arbitrio
721 872 925 950 moderetur,
956 892 1122 955 manuque
1174 882 1278 935 tuant.
1319 871 1466 936 Primum
1487 871 1670 937 membrum
1695 870 1827 954 quidam
1851 871 1947 937 aliter
1968 880 2147 954 exponunt,

149 951 318 1036 gubernet.
362 953 559 1020 Addendum
581 957 724 1022 secundo
746 957 832 1039 quod
850 958 904 1024 hic
927 977 1121 1022 commemo·
1173 954 1259 1038 quod
1288 956 1412 1023 scilicet
1441 958 1519 1023 iusti
1550 959 1622 1022 aliis
1652 957 1692 1021 ad
1724 958 1809 1022 hene
1838 955 2015 1023 vivendum
2047 956 2146 1022 ducos

148 1047 200 1101 rat
227 1037 354 1120 David,
384 1040 512 1125 placere
542 1040 615 1108 Deo
644 1043 810 1108 iustitiam.
861 1042 944 1107 Inde
965 1044 1121 1126 sequitur,
1174 1043 1240 1106 sint
1265 1062 1302 1108 ao
1332 1044 1495 1126 magistri:
1525 1043 1634 1126 itaque
1657 1043 1816 1108 disserere
1847 1042 1886 1109 de
1910 1040 2084 1125 sapientia,
2113 1053 2146 1107 et

148 1123 297 1206 quisquis
318 1125 404 1190 iuste
426 1136 459 1191 et
487 1128 621 1193 innoxie
642 1136 793 1193 versatus
823 1130 920 1195 fuerit
949 1128 1035 1192 inter
1063 1128 1121 1192 ho·
1175 1127 1215 1191 dc
1237 1127 1355 1192 iudicio
1373 1128 1480 1211 loqui,
1511 1128 1704 1194 tantundem
1728 1127 1793 1193 illis
1816 1129 1904 1194 valet
1933 1149 1970 1192 ao
1994 1128 2047 1210 pia
2072 1127 2144 1193 doc·

149 1211 270 1289 mines,
292 1209 422 1276 beatum
445 1211 529 1288 iore,
550 1213 627 1296 quia
644 1213 716 1278 Deo
732 1215 882 1296 propitio,
904 1215 1038 1279 tandem
1056 1212 1122 1278 illis
1175 1213 1263 1276 trina
1294 1214 1436 1279 formare
1464 1212 1544 1280 alios
1582 1223 1615 1278 et
1647 1215 1822 1280 instituere
1855 1215 1889 1278 in
1922 1214 2038 1278 timore
2072 1213 2144 1279 Dei.

151 1295 232 1360 bene
250 1296 424 1362 succedere
441 1317 574 1364 necesse
591 1309 651 1364 est.
688 1298 754 1365 Sed
773 1301 1029 1382 meminerimus,
1047 1319 1121 1382 pro·
1175 1296 1270 1378 Quod
1302 1299 1433 1364 tametsi
1463 1321 1527 1365 non
1556 1300 1720 1383 improbo,
1748 1320 1862 1364 vereor
1889 1307 1999 1363 tamen
2032 1319 2073 1363 ne
2102 1299 2145 1364 sit

148 1380 340 1447 missionem
362 1382 402 1448 de
424 1404 488 1465 qua
505 1385 622 1468 agitur,
645 1384 722 1449 inde
742 1386 900 1470 pendere,
923 1384 1008 1468 qnod
1032 1386 1122 1449 Dens
1175 1384 1274 1447 nimis
1295 1384 1495 1450 restrictum.
1540 1383 1713 1468 Sapientia
1734 1385 1822 1449 enim
1842 1395 1874 1450 ct
1892 1384 2054 1449 rectitudo
2077 1395 2145 1449 tam

148 1466 275 1547 piorum
315 1466 494 1534 custodiam
532 1472 691 1553 suscepit,
732 1491 799 1536 non
832 1482 869 1537 ιιι
912 1492 966 1537 eos
994 1490 1123 1552 semper
1174 1469 1320 1551 profanis
1342 1470 1544 1536 sermonibus
1567 1478 1600 1535 et
1621 1470 1776 1553 impuris,
1799 1471 1916 1552 quibus
1938 1468 2002 1533 Dei
2025 1490 2145 1535 nomen

147 1551 255 1616 forest
275 1553 311 1616 in
337 1552 452 1618 umbra
473 1563 506 1618 et
528 1555 608 1634 otio,
641 1554 698 1621 sed
727 1555 780 1621 ubi
803 1575 899 1623 oruoe
928 1555 1121 1634 exercuerit,
1174 1555 1267 1637 impii
1290 1555 1397 1620 delere
1419 1567 1598 1637 conantur,
1620 1575 1717 1639 quam
1735 1556 1890 1621 versutiis
1912 1563 1945 1620 et
1967 1554 2144 1632 fraudibus,

149 1635 281 1702 tandem
310 1637 378 1702 illis
407 1647 583 1706 suoourrat.
634 1641 792 1724 Magnum
822 1644 911 1708 enim
937 1642 990 1707 his
1012 1641 1122 1706 verbis
1174 1660 1333 1723 omneque
1362 1661 1466 1724 genus
1487 1640 1626 1719 insidiis,
1656 1641 1816 1724 simulque
1845 1641 1944 1706 minis
1974 1661 2012 1705 ao
2041 1648 2144 1705 terro·

64 1786 90 1801 r,
148 1722 276 1805 pondus
296 1724 423 1804 subest,
452 1724 537 1808 quod
558 1746 622 1791 uon
648 1727 800 1809 retorquet
827 1727 920 1793 Deus
947 1731 1122 1793 meumque
1175 1723 1266 1791 ribus
1288 1727 1472 1810 opponitur.
1516 1725 1641 1792 Sensus
1663 1747 1741 1811 ergo
1763 1734 1823 1806 est,
1846 1728 1946 1792 iustos
1969 1725 2145 1792 honorifice

147 1827 231 1875 auos.
266 1809 446 1893 Perperam
463 1830 540 1894 ergo
557 1811 818 1896 interpretantur
839 1812 927 1880 hune
942 1813 1121 1888 Psalmum,
1175 1820 1209 1875 et
1229 1822 1416 1877 reverenter
1439 1812 1502 1878 Dei
1523 1813 1680 1878 iustitiam
1699 1811 1870 1890 extollere,
1895 1820 1930 1876 ιιι
1952 1832 1986 1876 se
2001 1820 2041 1877 'et
2062 1812 2144 1877 alios

149 1895 206 1976 qui
228 1892 295 1960 Dei
316 1896 473 1980 gratiam,
503 1916 566 1979 qua
587 1918 664 1963 snos
685 1898 796 1964 fideles
818 1899 853 1963 in
875 1899 937 1965 hae
958 1900 1028 1963 vita
1049 1917 1122 1981 pro·
1174 1898 1209 1962 iu
1232 1903 1300 1961 tota
1321 1897 1441 1980 pietate
1459 1897 1627 1963 erudiant:
1657 1899 1775 1963 deinde
1796 1908 1863 1962 tam
1891 1898 1926 1962 in
1956 1897 2024 1963 suis
2045 1918 2145 1980 quam

148 1979 311 2062 sequitur,
339 2000 438 2066 aspa
461 1994 494 2046 et
514 1983 673 2066 patientia
692 1984 855 2063 avellunt,
885 1987 951 2050 imo
973 2004 1016 2049 ne
1037 1980 1121 2048 iudi·
1175 1982 1210 2045 in
1228 1982 1364 2047 aliorum
1383 1984 1533 2066 negotiis,
1555 1984 1639 2067 quod
1659 1994 1784 2049 rectum
1803 1993 1862 2061 est,
1885 1984 1956 2048 sine
1974 1983 2047 2047 fuco
2069 2004 2143 2065 pro·

148 2063 236 2129 cium
254 2073 389 2150 repente
408 2069 480 2150 quis
497 2068 695 2151 praecipitet,
718 2071 789 2153 pias
807 2080 934 2136 mentes
950 2068 1122 2153 suspendit
1174 2067 1259 2139 bare,
1283 2088 1342 2134 nec
1363 2069 1539 2151 sophistice
1561 2069 1701 2134 colorem
1724 2070 1878 2134 inducere
1898 2068 1992 2133 malis
2021 2069 2143 2134 causis:

148 2150 318 2236 propheta,
340 2150 442 2217 donec
463 2152 618 2219 iudicium
640 2175 733 2219 suum
757 2168 831 2240 post
850 2165 987 2220 mortem
1005 2155 1120 2238 impio·
1174 2152 1313 2235 denique
1337 2174 1502 2236 nunquam
1525 2176 1543 2218 a
1565 2174 1643 2220 voro
1662 2154 1842 2221 deflectere.
1878 2153 2021 2219 Additur
2042 2156 2145 2219 cordis

148 2257 223 2301 rum
242 2257 322 2322 erga
338 2258 450 2303 eorum
467 2249 616 2321 posteros
634 2240 843 2307 demonstret.
874 2240 1016 2306 Perinde
1033 2241 1120 2305 enim
1173 2238 1362 2322 integritas:
1396 2261 1478 2322 quas
1504 2241 1565 2305 etsi
1593 2237 1707 2304 ordine
1734 2241 1912 2322 praeeedit,
1946 2248 2143 2304 nontamen

148 2320 210 2388 boo
233 2323 320 2388 valet
341 2344 379 2390 so
399 2326 428 2388 si
448 2324 568 2390 iterum
596 2335 771 2409 assereret,
793 2328 945 2409 quamvis
968 2347 1032 2391 non
1054 2333 1120 2390 sta·
1173 2322 1349 2389 absordum
1371 2335 1424 2390 est
1444 2325 1584 2390 secundo
1605 2326 1674 2391 loco
1697 2327 1874 2408 componi:
1896 2326 2145 2407 quiasoriptura

149 2409 209 2471 tim
241 2418 395 2493 appareat
427 2409 491 2474 Dei
524 2410 698 2495 iudicium,
732 2414 849 2494 impios
882 2423 914 2477 et
947 2412 1121 2478 sceleratos
1173 2409 1406 2475 invirtutibus
1428 2412 1592 2478 autvitiis
1620 2409 1794 2476 recitandis
1823 2432 1888 2475 non
1917 2420 1985 2474 tam
2017 2411 2143 2476 curiose

149 2492 255 2558 nihilo
276 2493 410 2559 meliore
438 2514 510 2561 esse
537 2495 628 2576 loco,
656 2498 733 2579 quia
761 2499 846 2562 iusta
872 2518 927 2563 eos
958 2517 1063 2580 poena
1085 2496 1119 2561 in
1173 2495 1320 2559 ordinem
1339 2495 1500 2562 observat.
1535 2496 1624 2563 Hinc
1642 2516 1738 2579 porro
1756 2497 1820 2561 ista
1836 2495 1942 2561 cordis
1960 2495 2142 2579 integritas,

149 2578 226 2644 filiis
258 2582 328 2645 suis
359 2589 478 2659 manet.
533 2581 631 2663 Quod
659 2583 687 2647 si
723 2604 802 2667 erga
828 2584 902 2649 illos
931 2583 994 2648 Dei
1022 2583 1122 2647 male·
1173 2580 1278 2646 silex
1307 2580 1371 2646 Dei
1401 2581 1492 2647 cordi
1522 2581 1678 2666 insideat,
1712 2602 1794 2665 quae
1823 2581 1890 2646 sola
1919 2592 1953 2645 et
1984 2582 2142 2663 optimam

150 2661 249 2730 diotio
282 2686 348 2730 non
381 2666 492 2730 statim
524 2669 591 2732 vim
619 2687 713 2734 snam
742 2672 880 2749 exserit,
906 2671 1025 2733 mirum
1054 2688 1119 2732 non
1173 2666 1260 2732 ritae
1281 2667 1428 2750 regulam
1473 2667 1655 2745 raosoribit,
1679 2675 1713 2733 et
1734 2669 1862 2732 fraenat
1887 2686 2006 2749 pravos
2027 2685 2142 2731 omnes

150 2762 199 2814 cst
227 2751 256 2815 si
284 2752 432 2816 favorem
462 2773 557 2817 suum
595 2773 672 2837 erga
708 2754 823 2820 fideles
851 2755 1012 2821 occultum
1043 2774 1119 2818 oon·
1172 2753 1310 2818 affectus
1331 2762 1365 2817 et
1383 2688 1542 2833 libidines,
1564 2762 1597 2819 et
1618 2753 1745 2819 animos
1767 2753 1807 2818 ad
1832 2752 1974 2818 iustitiae
1996 2750 2142 2817 studium

151 2834 264 2901 tinost.
1173 2837 1300 2902 format.
1336 2838 1452 2921 Neque
1471 2840 1560 2903 enim
1579 2840 1649 2904 fieri
1694 2847 1780 2905 otest
1801 2848 1838 2904 nt
1859 2837 1932 2920 quis
1953 2843 2142 2903 constanter

235 2921 288 2986 29.
307 2923 409 3002 (lusti
418 2921 605 2989 weditote
609 2924 833 3010 possidebunt.)
861 2925 935 2991 Non
947 2935 998 2990 eet
1008 2944 1120 3009 super·
1172 2943 1207 2988 se
1230 2921 1358 2988 addicat
1381 2923 1578 3001 rectitudini,
1602 2861 1789 3006 postbabito
1811 2925 1864 2989 sui
1886 2931 2052 3005 respectu,
2076 2923 2141 2987 fra·

150 3027 256 3074 vaona
274 3007 373 3073 huius
391 3008 556 3074 doctrinae
567 3010 728 3091 repetitio,
746 3032 843 3094 quam
862 3012 980 3076 animis
998 3010 1119 3076 nostris
1172 3008 1277 3073 tribus
1308 3030 1343 3073 se
1364 3009 1547 3090 impendat,
1570 3011 1736 3074 renuntiet
1758 3009 1929 3084 avaritiae,
1955 3008 2141 3090 superbiam

150 3093 333 3176 insculpere
351 3092 525 3158 admodum
545 3093 676 3160 difficile
695 3105 752 3161 est.
781 3096 866 3161 Nam
884 3116 986 3178 quum
1004 3115 1119 3160 omnes
1173 3090 1290 3171 domet,
1326 3104 1455 3160 etcum
1477 3093 1608 3177 proprio
1637 3095 1768 3177 ingenio
1798 3094 1916 3158 bellum
1940 3103 2048 3175 gerat,
2078 3094 2142 3158 nisi

150 3179 337 3245 felicitatem
361 3189 526 3261 expetant,
548 3181 602 3244 vix
630 3192 739 3245 tamen
762 3182 958 3247 centenimus
981 3183 1119 3263 quisque
1173 3176 1289 3242 timore
1310 3179 1375 3243 Dei
1399 3182 1442 3246 sit
1472 3177 1647 3262 praeditus.
1693 3177 1850 3262 Sequitur
1880 3180 2013 3242 tertium
2041 3197 2142 3242 mem·

152 3284 224 3329 eam
245 3264 355 3330 aDeo
373 3274 554 3347 exspectat:
578 3265 655 3348 quin
674 3268 792 3350 potius,
810 3278 846 3331 ut
864 3267 946 3332 bene
964 3265 1028 3331 sibi·
1043 3287 1119 3331 con·
1173 3264 1277 3341 brom,
1300 3264 1385 3346 quod
1408 3265 1448 3330 ad
1471 3274 1609 3329 externa
1630 3265 1735 3331 officia
1754 3265 1903 3330 refertur.
1944 3262 2068 3326 Putant
2086 3262 2141 3327 alii

151 3351 279 3427 rulant,
309 3351 401 3433 qnasi
429 3350 505 3415 data
533 3371 633 3434 opera
661 3352 811 3417 certatim
847 3360 1024 3433 provocant
1053 3349 1129 3415 Dei
1171 3350 1417 3431 promissionem
1452 3371 1530 3415 esse.
1592 3349 1658 3416 Sed
1684 3371 1750 3415 non
1777 3349 1889 3415 dubito
1918 3348 1997 3431 quin
2029 3346 2138 3413 David

149 3434 347 3515 vindictam,
377 3435 454 3500 dum
477 3435 534 3499 alii
554 3433 725 3502 fraudibus
752 3448 786 3502 et
810 3437 961 3520 periuriis
984 3459 1018 3503 se
1039 3456 1117 3502 oon·
1172 3434 1315 3500 iustitiae
1340 3436 1564 3502 definitionem
1596 3437 1764 3518 hucusque
1791 3435 1970 3502 continuet.
2017 3431 2142 3499 Sensus

150 3522 323 3602 taminant,
345 3521 401 3586 alii
422 3522 570 3586 ierunter
592 3520 633 3586 ad
658 3521 800 3607 rapinas,
821 3522 876 3587 alii
898 3545 1002 3608 genus
1022 3542 1118 3587 omne
1171 3520 1272 3602 igitur
1293 3532 1350 3601 est,
1373 3522 1522 3605 quamvis
1538 3521 1661 3588 multae
1680 3520 1834 3605 peccandi
1851 3519 2035 3586 occasiones
2056 3519 2141 3584 filios

150 3607 306 3674 novitiae
322 3617 485 3684 exercent,
503 3606 561 3672 alii
578 3607 728 3673 caedibus
750 3628 879 3691 quoque
900 3620 935 3674 et
953 3607 1119 3674 veneficiis
1172 3605 1234 3671 Dei
1265 3607 1457 3684 sollicitent,
1495 3627 1533 3672 ac
1572 3627 1693 3691 magna
1731 3608 1830 3674 etiam
1864 3606 2033 3671 hominum
2066 3625 2141 3687 pars

150 3701 350 3778 grassantur.
390 3691 559 3773 Quomodo
582 3700 691 3759 autem
710 3703 867 3776 perpetua
889 3694 1047 3759 habitatio
1069 3695 1118 3758 in·
1172 3694 1388 3774 quantumin
1410 3714 1445 3760 se
1467 3703 1533 3770 eet,
1555 3694 1718 3778 pravitate
1741 3713 1799 3758 sua
1820 3712 1874 3757 eos
1896 3713 1914 3755 a
1937 3689 2000 3754 Dei
2023 3690 2142 3754 timore

149 3778 253 3864 telligi
269 3777 395 3857 debeat,
413 3799 520 3862 nuper
536 3786 571 3843 et
587 3780 652 3843 iam
672 3787 747 3844 ante
766 3780 937 3864 aliquoties
955 3780 1118 3858 admonui,
1171 3776 1323 3843 abducat:
1347 3779 1423 3860 quia
1441 3788 1548 3846 tamen
1568 3779 1623 3843 lex
1641 3779 1704 3843 Dei
1722 3785 1857 3859 occupat
1875 3784 1908 3841 et
1927 3777 2011 3859 regit
2028 3795 2140 3839 eorum

149 3884 266 3948 nempe
294 3865 371 3947 quia
399 3863 486 3929 inter
514 3873 621 3929 motus
651 3863 857 3931 turbulentos
884 3865 978 3931 Deus
1008 3875 1117 3931 tamon
1171 3861 1278 3943 corda,
1300 3883 1365 3929 non
1390 3865 1552 3942 vaoillare,
1574 3862 1631 3929 sed
1652 3865 1719 3928 fixo
1741 3860 1845 3948 gradu
1864 3872 1950 3926 stare
1967 3861 2001 3924 in
2024 3880 2141 3943 propo·

150 3969 205 4016 eos
227 3950 295 4015 suis
317 3949 378 4015 alis
399 3949 556 4033 protegit:
587 3958 620 4014 et
647 3970 748 4032 quom
772 3951 855 4016 nihil
884 3953 928 4016 sit
957 3950 1017 4016 sub
1039 3951 1118 4016 luna
1171 3953 1244 4023 sito,
1267 3949 1319 4014 vel
1342 3958 1429 4015 carte
1451 3960 1576 4015 rectum
1599 3968 1728 4014 cunum
1753 3959 1873 4013 tenere.

150 4034 282 4113 stabile,
307 4035 401 4117 quasi
422 4035 457 4099 in
487 4044 556 4099 tuto
585 4043 682 4118 portu
709 4037 818 4103 salvos
848 4045 999 4119 praestat.
1043 4037 1119 4103 Huc
1255 4036 1306 4101 32.
1343 4032 1509 4119 (obserat
1529 4033 1672 4118 impius.)
1717 4033 1848 4100 Olarins
1877 4032 2010 4097 modum
2032 4033 2141 4115 expri-

150 4118 785 4204 daindeacoeditintsriortranquillitas,
803 4134 1026 4204 quaerentum
1040 4121 1119 4187 vitis
1171 4125 1231 4188 mit
1252 4119 1465 4207 possidendae
1494 4129 1613 4198 terrae,
1644 4119 1729 4202 quod
1760 4119 1882 4186 seilicet
1910 4117 2002 4189 Deus
2030 4118 2142 4183 fideles

149 4205 335 4289 praecellit:
364 4214 460 4290 atqua
489 4207 536 4270 ita
558 4207 675 4271 merito
696 4227 755 4290 pro
783 4207 1029 4292 incomparabili
1051 4209 1118 4292 pri·
1171 4229 1247 4275 snos
1270 4205 1414 4288 undique
1436 4205 1587 4272 hostibus
1608 4205 1757 4271 obsessos
1779 4213 1920 4270 tueatur.
1965 4203 2064 4269 Unde
2086 4205 2143 4267 ite·

151 4291 268 4377 vilegio
289 4303 449 4359 censetur.
1171 4315 1243 4359 rum
1266 4293 1462 4375 colligimus,
1484 4291 1622 4357 antehac
1644 4311 1710 4357 non
1740 4291 1839 4356 luisse
1860 4289 1925 4355 illis
1946 4290 2143 4388 promissum

1170 4381 1317 4463 quietum
1345 4385 1485 4454 statum,
1514 4388 1547 4443 et
1575 4375 1616 4440 ab
1643 4377 1733 4442 omni
1770 4375 1919 4442 molestia
1944 4393 2140 4438 immunem:

234 4463 286 4529 30.
309 4463 353 4529 Oa
373 4463 452 4528 iusti
472 4462 611 4545 loquetur
631 4466 835 4548 sapientiam,
867 4470 896 4530 et
918 4465 1030 4547 linqua
1051 4466 1119 4530 uus
1171 4487 1275 4548 neque
1303 4463 1392 4528 enim
1420 4471 1640 4546 congruerent
1667 4462 1748 4528 haec
1776 4463 1863 4526 inter
1891 4481 1943 4540 se,
1972 4459 2084 4524 fideles
2105 4459 2140 4522 in

147 4549 283 4632 proferet
314 4549 474 4614 iudicium
516 4549 568 4617 31.
588 4550 656 4615 Lea
677 4551 739 4616 Dei
770 4551 823 4616 sui
850 4551 886 4615 iu
914 4550 1003 4615 corde
1033 4551 1119 4615 ciue:
1169 4559 1285 4634 pacata
1307 4546 1506 4614 haereditate
1529 4568 1644 4614 vacare
1666 4549 1732 4613 otio
1753 4566 1791 4612 ac
1812 4546 1952 4623 deliciis,
1975 4554 2006 4609 et
2029 4552 2141 4607 tamen

150 4655 210 4702 uou
241 4633 395 4700 amount
427 4654 555 4718 pressus
587 4637 673 4701 ¹eius.
735 4636 786 4701 32.
821 4635 970 4703 Observol
999 4636 1119 4717 impius
1169 4637 1259 4721 quasi
1280 4656 1358 4701 ores
1377 4633 1870 4718 efaucibusluporumqnotidie
1886 4630 1977 4712 eripi.
2009 4628 2141 4693 Interea

151 4722 275 4798 iustum
297 4726 325 4785 el
345 4722 466 4800 quattu
486 4721 657 4803 interficere
676 4722 793 4803 ipsum.
837 4721 888 4787 33.
909 4720 1025 4787 lutosa
1053 4739 1117 4786 uou
1169 4723 1337 4789 continent
1360 4720 1394 4784 hi
1416 4719 1479 4785 duo
1503 4740 1617 4786 versus
1637 4740 1747 4784 raram
1770 4716 2030 4789 consolationem,
2054 4711 2140 4796 quod

150 4806 299 4889 relinquet
330 4807 437 4886 ipsum
466 4805 499 4872 iu
531 4828 630 4873 mauu
649 4808 754 4886 illius,
784 4827 837 4875 neo
866 4805 1027 4873 damnabit
1048 4826 1119 4872 eum
1170 4807 1257 4874 inter
1278 4806 1387 4872 varias
1405 4826 1517 4882 noxas,
1540 4805 1624 4870 salvi
1643 4815 1751 4869 tamen
1771 4803 1834 4867 Dei
1853 4801 1973 4866 auxilio
1990 4799 2140 4866 evadent.

150 4913 247 4974 quum
265 4891 464 4957 iudicabitur.
1169 4893 1366 4959 Prasmonct
1388 4911 1465 4974 ergo
1488 4889 1596 4956 David
1619 4890 1749 4969 fidelos,
1780 4888 1834 4953 ubi
1863 4888 1973 4952 hostes
2003 4905 2078 4950 suos
2105 4885 2140 4949 in

1169 4977 1315 5044 excubiis
1337 4976 1449 5043 sedere
1470 4976 1631 5059 uiderint,
1658 4986 1691 5040 st
1716 4983 1847 5057 captare
1866 4993 1978 5039 omncs
2000 4969 2139 5036 nocendi

234 5063 286 5129 30.
324 5064 384 5145 (Os
405 5064 485 5129 iusti
501 5064 642 5147 loquetur
661 5063 874 5146 sumentium.)
904 5061 992 5142 Quia
1013 5063 1117 5147 hypo·
1168 5065 1328 5142 rationes,
1361 5061 1590 5144 speculandam
1618 5083 1660 5126 ex
1689 5061 1836 5145 opposito
1866 5079 1936 5125 esee
1961 5077 2058 5140 quam
2080 5075 2139 5140 pro

149 5150 240 5215 oritis
261 5148 394 5216 solenne
416 5160 474 5226 est,
496 5147 650 5233 quidquid
674 5148 713 5213 da
736 5149 828 5212 iustis
852 5158 885 5212 et
906 5149 1003 5214 rectis
1025 5169 1116 5231 prae-
1169 5169 1301 5215 suorum
1341 5149 1446 5212 salute
1478 5168 1589 5214 curam
1623 5147 1714 5213 Deus
1754 5146 1853 5231 gerit,
1892 5155 1925 5209 et
1956 5162 2038 5228 quas
2071 5142 2140 5223 agit

149 5234 235 5302 dicat
253 5236 386 5319 spiritus
410 5236 488 5315 Dei,
518 5253 630 5300 secure
652 5233 692 5298 ad
715 5255 808 5299 enum
834 5234 1037 5299 commodum
1060 5235 1115 5299 ob·
1168 5235 1331 5314 excubias,
1354 5244 1390 5297 ut
1412 5253 1467 5299 eos
1489 5243 1600 5298 servet
1622 5233 1809 5298 incolumes.
1845 5230 1984 5295 Fatetur
2006 5227 2136 5311 quidem
