4658 5856
160 380 225 448 813
940 372 1159 443 Petamus
1181 369 1384 437 LXXXIX.
2095 375 2160 442 814

161 565 326 633 aodimus:
359 565 456 632 siouti
482 585 598 631 rursus
626 563 711 629 nihil
738 561 833 629 nobis
854 561 925 628 sine
948 560 1047 627 verbo
1070 558 1135 625 Dei
1186 559 1261 625 dem
1291 569 1343 626 est
1370 560 1476 626 ooelos
1506 561 1706 628 admirabilis
1735 560 1798 627 Dei
1828 562 1991 646 potentiae
2020 563 2159 647 optimos

161 652 338 736 imaginari
360 653 408 717 fas
429 662 481 717 est
498 650 537 716 de
555 652 626 716 eius
647 648 766 734 gratia,
788 646 842 714 vel
864 656 976 712 nostro
998 645 1134 711 arbitrio
1186 664 1258 710 esse
1280 652 1379 712 testes
1408 667 1446 712 ae
1475 667 1665 729 praeeones:
1699 647 1757 713 sed
1787 670 1828 713 ex
1856 658 2014 714 contextu
2041 649 2160 714 melius

162 758 296 822 sperare
318 736 402 820 quod
425 757 493 801 non
511 745 563 802 est
580 735 755 819 pollicitus.
789 734 860 798 lam
880 733 1051 815 promissio
1074 731 1135 796 bae
1186 729 1307 814 patebit
1330 731 1466 797 adeum
1489 753 1585 815 quem
1608 732 1675 799 dixi
1697 755 1830 817 soopum
1853 734 1958 818 elogia
1979 737 2090 799 omnia
2111 757 2160 799 re-

163 824 354 906 loquutione
385 823 492 906 magis
523 822 672 887 redditur
704 819 911 900 authentioa,
945 819 1000 882 ubi
1033 818 1136 882 refert
1187 816 1275 881 ferri.
1318 816 1405 882 Nam
1427 827 1528 898 reete,
1555 840 1628 885 meo
1651 818 1788 899 iudidio,
1817 840 1875 902 per
1900 821 2006 885 ooelos
2027 819 2159 903 quidam

162 909 258 974 Deus
279 907 490 973 iureiurando
507 908 710 991 interposito,
733 904 847 971 foedus
865 925 900 969 se
916 922 992 968 oum
1005 900 1136 967 Davide
1188 903 1382 984 interpretes
1404 903 1537 987 angelos
1558 905 1762 990 intelligunt,
1785 905 1905 989 quibus
1926 907 1960 970 in
1983 906 2089 971 salute
2112 926 2161 970 eo-

162 1014 259 1061 servo
281 1014 341 1059 suo
363 994 536 1077 pepigisse.
579 993 665 1058 Nam
686 991 763 1074 quia
784 987 934 1057 solebant
962 987 1041 1052 olim
1069 988 1134 1052 loe·
1188 988 1304 1053 elesiae
1333 990 1515 1055 eommunis
1543 1000 1594 1057 est
1623 991 1746 1056 laetitia
1773 1003 1806 1056 et
1835 991 2029 1075 gratulatio:
2062 992 2160 1074 idque

163 1081 244 1146 dera
261 1078 362 1145 ineidi
380 1080 414 1142 in
435 1078 564 1143 tabulas
582 1098 708 1156 aeneas,
725 1075 952 1160 metaphoram
970 1082 1136 1157 sumptam
1188 1074 1359 1138 oonfirmat
1387 1077 1546 1156 posterius
1575 1075 1776 1157 membrum,
1804 1077 1861 1142 ubi
1891 1076 1970 1141 dicit
1998 1079 2162 1143 ueritatem

163 1188 206 1232 ex
229 1185 319 1230 more
340 1164 397 1229 illo
420 1175 565 1247 usurpat
605 1162 743 1229 Duobus
765 1183 844 1227 vero
866 1159 1019 1243 epithetis
1041 1169 1137 1222 ornat
1188 1158 1252 1224 Dei
1277 1160 1312 1223 in
1341 1165 1423 1226 coetu
1451 1167 1629 1226 sanderum
1657 1183 1721 1228 esse
1742 1164 2002 1244 praedicandam.
2046 1165 2161 1245 Neque

163 1253 271 1336 ipsum
294 1249 470 1328 Davidem,
493 1269 614 1316 voeans
635 1249 775 1314 eleotum
797 1267 907 1323 suum,
937 1256 970 1310 et
991 1265 1135 1309 servum.
1189 1243 1277 1308 enim
1297 1243 1431 1310 dubium
1455 1260 1505 1312 est
1527 1252 1606 1330 quin
1630 1248 1765 1313 eandem
1789 1250 1985 1313 senteutiam
2009 1249 2063 1316 hio
2084 1270 2161 1315 eon·

163 1338 251 1403 Nam
273 1338 329 1419 qui
347 1338 489 1419 priorem
508 1335 640 1400 titulum
659 1332 700 1400 ad
712 1333 882 1400 Abraham
905 1329 1051 1406 trabunt,
1070 1350 1136 1394 non
1189 1331 1312 1408 tinuet,
1345 1343 1378 1395 et
1398 1334 1547 1398 veritatis
1570 1335 1713 1411 nomine,
1736 1335 1893 1418 insigniat
1915 1334 2100 1417 praeelaras
2122 1335 2162 1400 li·

165 1425 245 1489 satis
261 1419 437 1488 attendunt
454 1421 495 1486 ad
509 1440 715 1486 eommunem
732 1418 884 1502 loquendi
904 1418 1053 1494 formam,
1072 1436 1137 1497 qua
1189 1414 1370 1480 berationes
1406 1417 1525 1499 quibus
1559 1420 1648 1484 Deus
1681 1419 1778 1485 fidem
1808 1421 1912 1485 servis
1951 1421 2019 1485 suis
2052 1419 2162 1487 datam

165 1510 215 1575 bis
237 1507 324 1572 idem
346 1507 516 1590 repetitur.
553 1506 625 1571 Iam
648 1505 769 1571 eleotus
783 1503 848 1571 Dei
869 1514 1017 1580 vocatur,
1040 1521 1136 1583 quem
1188 1501 1405 1584 praestiterat.

165 1597 258 1660 Deus
279 1614 370 1657 mero
400 1592 614 1674 beneplaoito,
644 1612 710 1656 non
740 1590 835 1656 modo
863 1589 1001 1673 posteris
1024 1585 1135 1652 Saulis
1275 1587 1303 1651 7.
1327 1584 1427 1671 (Quia
1448 1589 1747 1672 quiritantibus.)
1781 1589 2163 1675 Nunomagisillustrat
2268 1597 2272 1607 '

165 1697 199 1745 et
228 1689 275 1743 tot
305 1679 384 1743 viris
417 1678 617 1761 insignibus,
653 1676 709 1742 sed
743 1677 842 1742 etiam
877 1673 1035 1739 fratribus
1067 1674 1134 1748 suis
1188 1672 1347 1754 propheta
1367 1675 1451 1757 quod
1475 1676 1559 1741 dixit
1580 1675 1620 1741 de
1643 1676 1846 1742 mirabilibus
1866 1676 1945 1741 Ilei:
1968 1698 2005 1742 ae
2027 1677 2161 1759 empha-

165 1763 328 1850 praetulit.
383 1764 474 1847 Ergo
508 1764 536 1828 si
568 1764 735 1845 quaeritur
774 1761 915 1828 foederis
949 1779 1048 1825 eausa
1084 1770 1135 1834 vel
1189 1758 1250 1822 tiae
1279 1760 1457 1842 exolamat,
1488 1761 1571 1843 Quis
1599 1763 1722 1845 poterit
1752 1763 1822 1827 Deo
1851 1763 1887 1827 in
1917 1761 2058 1828 nubibus
2084 1784 2162 1828 eon·

165 1853 266 1935 origo,
289 1851 403 1916 venire
423 1850 464 1913 sd
486 1849 551 1914 Dei
572 1848 761 1915 electionem
784 1867 914 1914 neeesse
937 1854 997 1910 est.
1043 1843 1136 1919 Servi
1187 1841 1287 1907 ferri?
1334 1847 1455 1913 'Nubes
1488 1859 1599 1913 autem
1636 1849 1686 1914 vel
1718 1848 1841 1913 coelum
1877 1849 2049 1931 exprimit:
2086 1849 2164 1930 quia

164 1939 306 2018 nomine,
337 1935 422 2018 quod
448 1935 603 2000 eontinuo
625 1946 699 2017 post
720 1937 875 2018 sequitur,
905 1953 948 1996 ne
970 1931 1136 2023 intelligas
1190 1931 1308 1997 mirum
1332 1957 1398 1999 non
1421 1947 1480 2014 est,
1503 1937 1538 2000 in
1562 1949 1650 1999 terra
1672 1935 1755 2000 nihil
1777 1934 1920 2000 inveniri
1943 1933 2027 2017 quod
2046 1933 2163 1999 adDei

164 2021 329 2088 Davidem
358 2019 534 2103 quidquam
561 2021 629 2085 suis
658 2021 821 2102 obsequiis
851 2018 951 2083 luisse
979 2030 1136 2099 promeri—
1188 2015 1328 2098 gloriam
1350 2019 1490 2089 aoeedat.
1524 2022 1610 2087 Nam
1633 2022 1695 2087 etsi
1717 2020 1849 2085 exoellit
1871 2021 1968 2085 homo
1989 2040 2068 2102 prae
2091 2020 2164 2086 aliis

165 2119 253 2173 tum:
286 2105 345 2172 sed
366 2107 476 2191 regiae
499 2106 668 2189 dignitatis
689 2109 810 2173 intuitu
834 2114 971 2172 vocatur
992 2101 1057 2174 Dei
1077 2113 1135 2175 mi.
1190 2107 1422 2189 animantibus,
1445 2108 1593 2177 videmus
1617 2117 1728 2171 tamen
1751 2128 1846 2189 quam
1869 2107 1989 2171 misera
2011 2107 2054 2171 sit
2076 2106 2163 2170 abiae
2203 2180 2208 2193 Ι

164 2195 285 2258 nister:
314 2192 479 2275 quianon
501 2213 536 2257 se
560 2201 681 2257 temere
710 2195 856 2278 ingessit.
887 2187 944 2255 sed
967 2200 1137 2262 venatione
1189 2199 1307 2273 otaque
1330 2196 1400 2263 eius
1422 2193 1572 2273 eonditio,
1596 2193 1660 2257 imo
1683 2213 1780 2275 quam
1799 2193 1897 2275 plena
1914 2192 2113 2275 ignominiae
2131 2199 2164 2256 et

164 2280 314 2363 legitima
341 2275 465 2357 fretus,
498 2278 672 2361 imperium
705 2281 767 2344 sihi
800 2279 958 2345 divinitus
991 2281 1136 2348 oblatum
1190 2279 1309 2357 probri.
1354 2280 1450 2348 Unde
1471 2281 1628 2363 sequitur,
1659 2281 1719 2343 sub
1741 2279 1831 2344 eoelo
1853 2278 1978 2342 nullam
2002 2277 2162 2343 exoellen·

164 2366 298 2447 reoepit.
350 2364 421 2428 lam
450 2385 492 2427 ex
520 2364 592 2446 ipsa
620 2363 757 2432 foederis
786 2387 915 2431 summa
942 2367 1136 2453 colligimus,
1189 2371 1267 2433 tiam
1290 2370 1361 2434 Deo
1383 2365 1545 2432 aemulam
1574 2386 1661 2430 esse:
1695 2364 1752 2429 sed
1782 2363 1859 2428 dnm
1888 2365 1922 2427 in
1952 2363 2057 2429 eoelos
2086 2385 2163 2429 eon·

165 2451 359 2535 prophetam
392 2470 459 2512 non
493 2448 618 2514 frustra
649 2451 684 2514 in
718 2473 812 2516 usum
846 2474 943 2518 suum
971 2463 1005 2518 et
1036 2457 1136 2519 totins
1189 2455 1385 2533 soendimus,
1408 2452 1623 2518 admiratione
1646 2451 1742 2533 rapti,
1765 2451 1920 2532 fingimus
1943 2449 2075 2513 deorum
2095 2463 2164 2514 tur·

165 2536 278 2620 populi
299 2534 382 2600 illud
405 2534 679 2601 aooommodasse:
710 2539 788 2620 quia
810 2559 874 2602 non
898 2541 1023 2624 pepigit
1044 2541 1137 2605 Deus
1188 2542 1263 2607 bam
1300 2560 1382 2624 quae
1415 2558 1528 2604 veram
1562 2536 1714 2602 deitatem
1749 2536 1864 2600 abolet.
1920 2535 1970 2600 Ae
2002 2537 2163 2618 posterius

165 2622 321 2705 privatim
349 2641 426 2686 oum
450 2619 587 2698 Davide,
616 2622 673 2686 sed
703 2633 807 2689 totum
838 2626 992 2691 ecelesiae
1021 2648 1137 2709 eorpus
1189 2628 1372 2692 membrum
1395 2624 1600 2709 exegetieum
1624 2632 1682 2704 est,
1705 2621 1761 2685 ubi
1783 2630 1883 2706 negat
1900 2621 2058 2704 propheta
2075 2623 2163 2686 inter

164 2711 199 2774 in
218 2709 344 2773 futuras
366 2716 490 2773 aetates
512 2709 667 2789 respexit.
703 2710 777 2776 Etsi
795 2711 884 2775 euim
902 2711 942 2776 de
961 2710 1137 2778 Solomone
1189 2714 1273 2778 filios
1304 2713 1453 2794 deorum,
1483 2728 1681 2792 quemquam
1702 2728 1773 2773 esse
1803 2727 1881 2773 vero
1911 2717 1944 2772 et
1971 2706 2067 2772 unieo
2089 2707 2162 2772 Deo

165 2809 200 2860 et
228 2793 363 2874 reliquis
394 2791 634 2859 suceessoribus
667 2794 776 2878 aliqua
804 2817 846 2862 ex
876 2808 970 2879 parte
999 2798 1137 2882 intelligi
1190 2799 1338 2864 similem.
1383 2797 1469 2862 Nam
1493 2794 1579 2878 quod
1601 2815 1662 2877 per
1682 2795 1785 2858 nubes
1814 2794 1867 2859 vel
1896 2793 2004 2858 eoelos
2031 2792 2163 2875 quidam

165 2879 228 2947 hoo
258 2877 368 2954 debet,
401 2877 576 2944 Stabiliam
609 2879 726 2946 solium
761 2892 855 2947 tuum
885 2884 921 2946 in
950 2896 1137 2948 aeternum:
1189 2886 1381 2968 intelligunt
1402 2883 1520 2960 solem,
1550 2881 1679 2956 lunam,
1713 2894 1746 2944 et
1767 2878 1890 2958 stellas,
1912 2880 1983 2960 ipso
2005 2890 2162 2944 contextu

165 2964 288 3031 seiebat
310 2974 419 3029 tamen
443 2965 613 3047 propheta,
636 2967 774 3032 solidam
796 2971 1048 3053 perpetuitatem
1071 2989 1137 3032 uon
1189 2970 1361 3035 refellitur.
1406 2965 1544 3033 Summa
1567 2986 1644 3049 ergo
1668 2974 1732 3043 est,
1762 2964 1860 3028 etiam
1890 2965 1923 3026 in
1956 2965 2053 3028 coelis
2082 2964 2163 3046 ipsis

165 3072 260 3135 posse
278 3051 342 3116 nisi
360 3051 395 3114 in
408 3049 541 3115 Christo
562 3052 708 3133 reperiri.
737 3054 783 3118 Et
801 3070 888 3118 eerte
906 3075 1016 3138 regem
1035 3075 1138 3118 unum
1190 3057 1322 3121 unioum
1353 3053 1461 3118 Deum
1491 3052 1637 3116 eminere
1664 3050 1786 3131 absque
1816 3050 1911 3116 sooio.
1955 3049 2000 3112 Et
2029 3049 2162 3132 angelos

165 3135 316 3215 ereando,
339 3156 404 3201 non
424 3138 523 3201 unius
541 3145 672 3202 tantum
689 3139 831 3203 familiae
846 3139 939 3204 Dens
956 3152 1139 3222 respectum
1189 3140 1320 3223 quidem
1343 3147 1438 3206 voest
1460 3139 1544 3203 filios
1566 3137 1718 3200 deornm:
1752 3135 1829 3218 quia
1850 3153 1910 3199 neo
1938 3133 2097 3218 originem
2121 3156 2162 3199 ex

166 3222 342 3299 habuerat,
371 3220 556 3304 posthabito
586 3234 619 3287 et
647 3223 796 3306 negleoto
825 3226 943 3308 populo
970 3246 1045 3291 eum
1073 3246 1137 3308 quo
1191 3238 1277 3291 terra
1298 3233 1482 3300 traxerunt,
1505 3244 1610 3305 neque
1632 3219 1836 3303 corruptibili
1857 3239 1992 3302 corpore
2010 3231 2088 3284 sunt
2106 3240 2162 3285 ve·

165 3307 282 3373 foedus
305 3318 380 3372 ante
403 3309 571 3392 pepigerat
591 3309 626 3371 in
644 3329 743 3375 manu
757 3310 920 3388 Abrahae,
942 3310 999 3375 sed
1022 3311 1139 3376 detulit
1190 3312 1278 3377 stitit
1318 3311 1375 3377 sed
1409 3309 1564 3374 eoelestes
1596 3316 1675 3372 sunt
1707 3306 1842 3389 spiritus
1875 3305 1988 3370 divina
2022 3305 2162 3389 praediti

165 3394 341 3476 imperium
369 3391 494 3458 Davidi
526 3394 659 3476 eiusque
692 3396 784 3472 filiis,
816 3411 853 3460 ut
905 3406 1071 3462 raeesseut
1102 3399 1138 3461 in
1190 3399 1302 3482 gloria.
1352 3396 1426 3461 Non
1457 3393 1544 3478 quod
1572 3415 1648 3477 pars
1677 3392 1744 3458 sint
1774 3392 1933 3456 essentiae
1956 3391 2033 3471 Dei,
2065 3391 2161 3456 sicuti

165 3499 373 3545 eommunem
391 3481 538 3544 omnium
557 3480 706 3560 salutem,
729 3481 832 3547 donee
848 3418 975 3556 Christi
992 3482 1139 3548 adventu
1190 3484 1354 3549 somniant
1376 3481 1507 3547 lanatiei
1530 3479 1693 3544 homines:
1717 3476 1775 3543 sed
1798 3478 1875 3560 quia
1897 3477 1931 3541 in
1950 3476 2029 3559 ipsis
2047 3491 2163 3560 poten·

165 3565 285 3632 solium
307 3584 385 3630 vere
406 3565 618 3630 stabiliretur.
1190 3571 1271 3634 tiam
1293 3576 1385 3634 sua'm
1408 3568 1501 3632 Deus
1524 3565 1661 3642 exserit,
1691 3563 1752 3630 hoo
1774 3563 1880 3648 elogio
1909 3583 2022 3627 eorum
2045 3575 2163 3628 natura

1190 3664 1344 3720 anostra
1366 3653 1588 3736 distinguitur.
1634 3650 1774 3716 Summa
1797 3660 1847 3714 est
1867 3648 1979 3732 igitur,
2002 3646 2164 3728 Quamvis

252 3736 281 3800 6.
303 3733 347 3800 Et
367 3733 559 3801 relebrobm
579 3735 654 3802 roas·
674 3737 863 3803 mirandum
886 3743 974 3803 tuum
996 3737 1139 3818 Ioborad,
1190 3742 1225 3805 in
1253 3738 1381 3824 angelis
1407 3739 1567 3821 refulgeat
1594 3737 1697 3801 maior
1727 3735 1869 3817 dignitas
1898 3754 1994 3816 quam
2024 3735 2059 3798 in
2090 3735 2164 3799 aliis

164 3824 260 3888 etiam
287 3820 446 3887 amaran
472 3825 561 3886 tuom
588 3823 624 3887 ia
651 3829 738 3887 redu
765 3829 957 3889 rotomum:
1001 3825 1029 3888 t.
1057 3824 1140 3904 Quia
1190 3825 1357 3904 creaturis,
1375 3844 1458 3906 quae
1476 3824 1574 3888 etiam
1592 3824 1626 3886 in
1646 3821 1697 3887 sui
1715 3820 1964 3886 admirationem
1982 3840 2041 3885 nos
2061 3822 2163 3902 rapit:

164 3909 239 3992 qaia
258 3908 295 3972 ia
315 3905 449 3972 aubibus
465 3905 652 3988 'moabitae
669 3908 808 3989 Ieboooe,
829 3910 949 3975 similis
968 3911 1028 3975 erit
1053 3909 1140 3974 lebo-
1191 3932 1257 3976 non
1287 3919 1396 3975 tamen
1425 3910 1684 3993 appropinquare
1713 3906 1802 3987 Deo,
1830 3914 1868 3970 ut
1895 3926 1955 3970 sua
1984 3906 2165 3970 eminentia

164 4013 223 4059 vae
248 3994 286 4058 itt
315 3992 396 4074 atto
428 3991 581 4058 domm?
626 3995 655 4060 8.
685 3993 776 4060 Deus
807 3995 959 4061 terribilia
990 3996 1026 4060 ia
1057 4000 1140 4059 coda
1191 4017 1266 4061 eum
1300 3994 1490 4076 obseureut,
1523 3994 1574 4060 vel
1610 3994 1783 4077 imperium
1816 3991 1986 4056 obtineant
2017 4012 2091 4057 eum
2125 4011 2164 4056 oo

89 4146 111 4172 .
163 4082 340 4146 summm
368 4077 472 4157 valde,
504 4083 533 4143 et
559 4080 741 4146 mouendus
769 4101 863 4163 saper
889 4100 992 4146 onmoe
1020 4082 1076 4163 qai
1104 4082 1139 4144 ia
1190 4102 1371 4149 oommune.
1406 4080 1503 4162 Quod
1526 4079 1700 4163 diligenter
1723 4077 1903 4142 notandum
1927 4086 1994 4142 est:
2017 4077 2094 4159 quia
2116 4087 2165 4141 ut»

164 4165 298 4232 circuitu
319 4165 388 4230 eiua
416 4168 499 4229 auat.
543 4163 573 4229 9.
597 4165 713 4232 Iebooo
733 4165 823 4232 Deua
844 4167 1041 4245 modom,
1067 4166 1140 4248 quie
1191 4187 1318 4251 enuqne
1346 4168 1439 4233 Deus
1470 4167 1592 4249 passim
1621 4163 1755 4247 angelos
1783 4164 1974 4246 pronuntiet
2001 4161 2065 4228 sibi
2094 4183 2163 4228 esee

164 4251 246 4317 stra
266 4254 300 4314 to
319 4249 413 4332 fortia
434 4249 550 4316 Dorta?
573 4257 601 4317 et
620 4253 737 4318 emtas
753 4256 809 4318 tao
819 4273 881 4336 per
897 4253 1045 4318 maudut
1060 4258 1137 4317 tuoe.
1191 4255 1358 4319 ministros
1380 4263 1414 4317 et
1434 4259 1567 4335 paratos
1588 4250 1630 4315 ad
1651 4248 1859 4332 obsequium:
1889 4247 2030 4313 mundus
2051 4257 2163 4313 tamen

1191 4341 1286 4405 unieo
1308 4339 1379 4404 Deo
1402 4358 1467 4402 non
1489 4347 1678 4413 sententiis,
1706 4335 1830 4401 multas
1857 4333 1920 4400 sihi
1949 4333 2085 4398 deitates
2114 4332 2164 4396 fa·

251 4422 282 4487 6.
305 4416 361 4505 (B
381 4419 572 4488 tekbrodurst
592 4420 689 4508 coeli.)
732 4422 900 4510 Propheta
922 4423 1077 4506 loquutus
1098 4423 1138 4488 de
1191 4425 1303 4489 brioat.
1346 4423 1473 4488 Eodem
1494 4421 1637 4505 pertinet
1659 4420 1831 4504 proximus
1853 4439 1984 4497 versus,
2006 4420 2061 4484 ubi
2085 4417 2164 4484 dieit

164 4506 295 4574 foedere
316 4507 394 4587 Dei,
421 4507 517 4574 siout-i
546 4507 628 4574 fides
656 4509 827 4576 exordium
857 4509 953 4576 debet
982 4510 1087 4574 faeere
1117 4527 1139 4573 a
1191 4509 1348 4593 propheta
1365 4508 1472 4573 Deum
1489 4527 1553 4573 esee
1572 4506 1807 4590 formidabilem
1824 4508 1859 4571 ia
1876 4510 1959 4572 eoetu
1977 4510 2162 4569 sonemus.

166 4591 281 4672 verbo,
315 4614 404 4660 nuno
431 4593 472 4658 ad
506 4594 659 4677 generale
688 4614 826 4679 opernm
856 4595 925 4662 eius
953 4597 1138 4660 enoomium
1190 4594 1396 4661 Diabolioam
1427 4594 1513 4659 enim
1543 4594 1635 4659 illam
1663 4593 1929 4675 superstitionem
1956 4590 2090 4672 oorrigit
2122 4587 2164 4653 ad

166 4677 343 4746 deseendit.
388 4678 584 4760 Quanquam
606 4679 787 4747 notandum
811 4690 876 4761 eet,
899 4701 964 4746 non
987 4680 1052 4745 alio
1073 4682 1138 4746 fine
1190 4701 1288 4764 quam
1311 4681 1464 4764 propensi
1485 4690 1564 4746 sunt
1584 4679 1653 4745 fere
1674 4698 1798 4755 omnes,
1822 4696 1923 4760 quum
1941 4675 2075 4758 angelos
2092 4676 2164 4740 sine

166 4765 326 4832 disserere
364 4764 558 4848 prophetam
590 4764 631 4832 de
663 4765 848 4833 admirabili
881 4764 945 4832 Dei
982 4767 1138 4851 potentia,
1190 4765 1286 4833 modo
1315 4776 1348 4832 et
1376 4767 1503 4831 ratione
1530 4764 1701 4830 extollunt.
1746 4763 1849 4846 Atqui
1879 4763 1907 4826 si
1944 4763 2006 4844 ipsi
2034 4781 2164 4843 quoqne

165 4851 232 4916 nisi
254 4869 318 4935 quo
339 4850 458 4917 melius
478 4850 662 4916 illustretur
683 4853 839 4919 sanotitas
860 4851 1009 4932 foederis,
1031 4853 1138 4917 exala-
1191 4851 1300 4936 augeli
1328 4851 1493 4935 trepidant
1521 4861 1555 4917 et
1583 4858 1805 4934 expavesount
1835 4867 1944 4912 eoram
1967 4845 2030 4911 Dei
2064 4846 2164 4911 maie·

166 4947 237 5002 mat
263 4936 352 5002 enim
380 4936 468 5002 huno
496 4956 567 5003 esse
587 4935 696 5002 Deum
725 4939 781 5021 qui
809 4940 881 5004 inre
911 4936 1067 5005 eoleudus
1095 4938 1139 5002 sit
1190 4949 1290 5022 state,
1317 4938 1478 5021 quomodo
1500 4958 1566 5003 nou
1588 4945 1747 5019 eogentnr
1767 4937 1801 4999 in
1823 4932 1987 5012 ordinem,
2014 4941 2054 4996 nt
2075 4930 2164 4998 solus

166 5043 205 5089 aa
226 5021 435 5102 metuendus,
464 5023 517 5088 eui
538 5021 583 5087 sit
604 5021 757 5089 habenda
777 5022 875 5101 fides,
908 5025 1000 5091 euius
1022 5023 1139 5089 virtuti
1190 5023 1282 5089 Deus
1303 5024 1340 5087 in
1362 5023 1500 5089 solidum
1522 5020 1658 5106 regnet?
1692 5022 1796 5088 Porro
1818 5039 1874 5085 eos
1894 5019 1931 5083 ia
1950 5019 2083 5083 warda
2099 5016 2165 5083 Dei

166 5129 281 5178 souare
302 5109 402 5174 inuiti
423 5109 529 5176 liasat.
572 5106 688 5192 Itaque
708 5110 897 5176 miraculum
924 5108 1011 5192 quod
1032 5110 1138 5194 primo
1190 5107 1309 5182 loeans,
1329 5110 1485 5194 intelligit
1506 5109 1611 5174 instar
1628 5107 1806 5174 satellitum
1825 5103 2026 5171 eiroumdare
2043 5101 2163 5169 solium

166 5198 237 5265 loeo
265 5196 373 5282 penit,
402 5193 542 5260 libenter
568 5195 610 5259 ad
638 5196 820 5279 potentiam
849 5197 1013 5280 restringo
1041 5214 1139 5278 quam
1191 5195 1277 5272 eius,
1305 5206 1499 5279 praestoque
1521 5215 1650 5277 semper
1668 5192 1780 5258 adesse
1802 5189 1843 5255 ad
1864 5188 2034 5257 subeunda
2062 5190 2162 5256 iussa.

166 5286 290 5352 exserit
309 5283 344 5353 in
366 5284 610 5350 oomuvaooue
630 5301 710 5349 suae
730 5280 894 5349 eoelesiae.
928 5281 1053 5347 Verum
1071 5280 1140 5365 qni·
1191 5280 1310 5346 Postea
1331 5280 1438 5347 denuo
1458 5280 1545 5347 idem
1567 5280 1696 5365 repetit,
1722 5279 1800 5362 Qua
1820 5277 1900 5344 abad
1920 5281 1955 5342 tu
1973 5275 2094 5359 fortis?
2124 5286 2163 5340 ut
