4658 5856
101 350 164 417 491
264 375 266 379 ·
960 346 1175 416 PSALMUS
1198 351 1237 416 L.
2031 354 2094 420 498

100 539 247 606 sonuisse
279 559 344 603 una
376 559 451 603 cum
485 538 584 614 tubis,
619 539 743 603 coelum
778 536 935 601 refertum
969 537 1070 602 fuisse
1123 541 1245 605 foedus.
1297 540 1368 604 Imo
1397 539 1513 604 alludit
1542 539 1728 603 admoram
1762 541 1880 622 passim
1911 553 2097 624 receptum:

100 625 297 708 fulguribus,
327 625 493 689 flammam
523 625 663 706 undique
693 644 734 688 ex
763 633 873 687 monte
901 624 1069 688 micuisse:
1123 647 1197 690 nam
1239 636 1275 690 ut
1316 627 1418 689 maior
1458 640 1544 691 esset
1580 626 1761 690 foederibus
1796 627 1909 710 religio
1940 638 1972 691 et
2005 629 2095 706 fides,

100 726 137 778 ut
157 711 248 776 Deus
276 710 384 793 populi
411 712 539 774 animos
565 709 606 775 ad
635 708 855 774 reverentiam
884 708 964 792 legis
994 729 1071 774 suae
1123 715 1242 777 scimus
1286 713 1486 794 interpositis
1531 706 1700 776 sacrificiis
1747 713 1846 776 luisse
1889 716 2092 778 confirmata.

100 798 273 881 subigeret.
318 795 434 878 Itaque
456 816 572 861 sensus
594 803 660 859 est:
683 793 971 875 Quemadmodum
992 794 1070 859 olim
1122 796 1240 880 Itaque
1255 797 1349 861 Deus
1367 818 1430 879 quo
1449 799 1592 861 sanctius
1611 798 1768 879 populum
1788 797 1846 862 sibi
1866 799 2094 882 obstringeret,

99 880 284 950 tremefecit
303 883 393 947 Deus
414 882 569 965 populum
592 882 626 945 in
648 881 720 963 lego
738 900 797 944 sua
821 879 1069 964 promulganda,
1123 892 1222 966 atquo
1261 893 1297 947 ut
1334 885 1466 947 firmum
1508 895 1680 965 ratumque
1718 896 1803 947 esset
1840 904 1934 947 suum
1968 885 2093 962 foedus,

99 972 148 1035 ita
177 987 264 1032 nuno
293 967 434 1032 terrifica
460 967 607 1048 potentia
629 976 791 1031 armatum
814 967 893 1039 fore,
924 975 961 1029 ut
981 987 1069 1032 cras·
1122 970 1280 1034 sacrificia
1308 969 1460 1033 instituit.
1511 969 1619 1033 Locus
1650 979 1762 1032 notatu
1795 967 1929 1053 dignus:
1960 990 1999 1033 ex
2030 988 2094 1051 quo

100 1076 174 1121 sum
197 1052 368 1118 doctrinae
388 1074 467 1117 suae
490 1053 628 1117 abusum
650 1051 833 1117 ulciscatur.
1123 1064 1258 1137 apparet
1297 1056 1428 1137 quinam
1467 1053 1551 1136 apud
1586 1054 1693 1117 Deum
1728 1075 1786 1135 pro
1819 1056 1906 1119 veris
1940 1054 2094 1120 ecclesiae

184 1139 215 1203 4.
249 1137 395 1224 (Vooobit
425 1136 543 1222 coeloe.)
598 1138 651 1201 Ex
691 1138 742 1201 hia
773 1136 881 1201 verbis
919 1137 1070 1220 colligere
1122 1138 1278 1204 membris
1306 1147 1517 1205 censeantur:
1547 1160 1664 1222 nempe
1692 1141 1746 1221 qui
1769 1141 1884 1222 spiritu
1907 1152 2095 1205 mansuetu·

100 1235 288 1313 promptum
311 1232 362 1287 est
382 1244 535 1307 quorsum
555 1224 645 1307 prius
664 1222 785 1287 dixerit
803 1221 981 1287 vocandam
999 1243 1071 1288 esee
1123 1224 1208 1289 dinis
1229 1225 1379 1307 praediti,
1409 1227 1606 1308 aequitatem
1630 1225 1743 1289 colunt
1768 1245 1842 1289 cum
1866 1226 2028 1303 fratribus,
2061 1233 2095 1290 et

101 1328 232 1385 terram,
255 1331 343 1374 nunc
362 1311 450 1373 enim
468 1309 555 1374 idem
573 1318 733 1392 repetens,
757 1309 827 1372 Deo
846 1307 976 1372 nonnisi
995 1328 1070 1374 cum
1123 1309 1266 1375 oblatum
1307 1311 1346 1375 ab
1387 1311 1458 1394 ipso
1491 1311 1604 1375 foedus
1639 1310 1823 1392 adoptionis
1857 1312 1982 1376 sincero
2017 1311 2093 1376 fidei

100 1398 230 1464 Iudaeis
252 1396 351 1460 'litem
380 1407 414 1460 et
442 1394 596 1460 iudicium
626 1393 696 1459 foro
716 1393 867 1470 affirmat,
898 1392 954 1457 sed
975 1414 1070 1476 prae·
1122 1397 1276 1478 obsequio
1299 1399 1502 1461 confirmant.
1547 1395 1740 1477 Quicunque
1771 1417 1849 1480 ergo
1872 1397 1973 1461 alium
1998 1417 2092 1480 prae·

100 1495 193 1550 sente
221 1491 289 1546 toto
318 1480 448 1556 mundo,
477 1482 554 1563 qnia
582 1480 706 1546 scilicet
728 1478 860 1544 solenne
883 1477 943 1543 hoc
965 1493 998 1543 ot
1019 1480 1070 1543 in·
1122 1489 1241 1546 texunt
1271 1483 1334 1546 Dei
1363 1481 1496 1555 cultum,
1527 1493 1560 1546 et
1589 1503 1609 1546 a
1636 1501 1720 1564 pura
1749 1481 1896 1548 coelestis
1925 1480 2093 1547 doctrinae

100 1570 230 1635 solitum
253 1565 419 1644 iudicium,
448 1566 545 1650 longe
567 1564 607 1630 ab
629 1565 800 1630 ordinariis
822 1563 959 1642 differet,
987 1585 1071 1647 quae
1121 1568 1290 1632 sanctione
1313 1567 1497 1642 deflectunt,
1521 1577 1558 1631 ut
1578 1565 1698 1633 millies
1719 1567 1824 1650 plenis
1848 1566 1956 1633 buccis
1976 1588 2011 1632 se
2030 1566 2093 1631 Dei

101 1655 192 1721 Deus
221 1652 365 1736 quotidie
393 1662 524 1718 exercet
552 1671 610 1734 per
637 1671 715 1716 suos
744 1649 930 1733 prophetas.
981 1651 1070 1734 Ergo
1122 1673 1193 1718 esse
1219 1653 1387 1719 ecclesiam
1417 1653 1549 1731 iactant,
1579 1672 1633 1717 eos
1663 1653 1799 1735 spiritus
1821 1664 1954 1718 sanctus
1977 1653 2018 1718 ab
2041 1673 2092 1718 eo·

101 1762 141 1806 ne
174 1759 302 1821 semper
335 1740 368 1802 in
402 1739 469 1803 suis
501 1736 636 1802 latebris
669 1736 837 1802 desidaant
870 1736 1069 1824 hypocritae,
1121 1739 1303 1805 clesiaDei
1326 1739 1536 1803 exterminat:
1560 1739 1724 1822 quianon
1747 1739 2092 1822 aliospectentsacri·

101 1846 233 1892 causam
251 1824 316 1889 illis
333 1823 493 1906 propheta
507 1822 667 1906 agendam
686 1842 757 1887 asse
772 1821 946 1887 denuntiat
960 1839 1070 1886 coram
1120 1825 1195 1889 ficia
1209 1835 1241 1889 ot
1256 1844 1369 1889 omnes
1391 1826 1623 1899 caeremoniae,
1647 1844 1745 1907 quam
1770 1825 1854 1889 utin
1874 1824 1967 1890 nobis
1985 1826 2093 1907 obsig-

101 1912 226 1995 angelis
258 1922 291 1974 et
323 1910 451 1974 cunctis
483 1907 674 1974 mortalibus
708 1928 767 1973 noc
800 1927 893 1989 posse
924 1907 1069 1990 effugere
1122 1918 1219 1974 netur
1240 1930 1325 1993 pura
1344 1910 1405 1974 Dei
1424 1911 1555 1975 veritas.
1589 1910 1687 1976 Unda
1705 1912 1859 1993 sequitur,
1879 1911 1961 1975 ritus
1980 1929 2094 1975 omnes

100 1998 179 2081 quin
197 1994 373 2060 trahantur
389 1994 430 2058 ad
450 2009 514 2058 tam
532 1995 692 2059 celebrem
709 2002 916 2058 conventum.
946 1991 1069 2073 Quaeri
1120 1995 1177 2078 qui
1200 2016 1265 2060 non
1289 1995 1433 2079 pendent
1455 2017 1495 2060 ax
1515 1995 1577 2060 Dei
1600 1995 1710 2072 verbo,
1733 1995 1934 2061 adulterinos
1957 2015 2038 2076 esse,
2062 2004 2096 2060 et

100 2094 209 2148 mmen
232 2089 340 2165 potest
361 2102 419 2145 our
440 2100 514 2144 reos
536 2079 614 2145 citet
636 2079 798 2163 propheta
819 2079 889 2161 pios
913 2076 976 2143 Dei
999 2079 1068 2142 cul·
1120 2082 1244 2147 cultum
1273 2101 1402 2146 omnem
1432 2081 1486 2163 qui
1516 2080 1594 2146 illuc
1621 2102 1687 2146 nou
1717 2082 1867 2158 refertur,
1897 2082 1981 2146 nihil
2004 2081 2095 2146 aliud

99 2180 197 2244 tores,
219 2187 320 2250 quum
342 2165 571 2249 expostulatio,
593 2184 691 2246 quam
709 2185 785 2228 mox
805 2164 963 2246 subiiciat,
987 2185 1068 2229 nou·
1121 2187 1191 2231 esse
1214 2188 1312 2249 quam
1335 2167 1465 2250 pietatis
1487 2167 1715 2250 corruptelam.

98 2256 159 2320 nisi
178 2255 213 2318 in
231 2253 356 2317 fucatos
367 2260 401 2317 et
418 2250 557 2335 perfidos
576 2248 716 2314 Iudaeos
730 2259 898 2332 competat.
924 2249 1069 2332 Respon-

99 2340 158 2405 deo
182 2339 236 2405 hio
258 2338 365 2402 Deum
390 2337 429 2401 de
451 2345 520 2401 tota
542 2357 601 2402 sua
623 2335 757 2400 ecclesia
779 2334 886 2416 loqui:
912 2344 945 2399 et
966 2355 1069 2418 quan·
1206 2338 1236 2402 6.
1266 2337 1312 2403 Et
1343 2336 1573 2403 autumabant
1605 2339 1678 2402 coeli
1711 2340 1868 2403 insidiam
1900 2340 1983 2416 eius,
2017 2340 2095 2421 quio

100 2446 198 2509 qnam
206 2442 410 2508 magnapars
421 2423 550 2506 generis
563 2419 1067 2503 Abrahaeapietatedesoiverat,
1120 2422 1211 2489 Deae
1238 2423 1334 2488 iudea
1366 2423 1442 2502 ipse.
1494 2421 1597 2487 Soloi.
1651 2424 1679 2489 7.
1710 2423 1801 2488 Audi
1826 2424 1940 2505 popule
1974 2426 2035 2504 mi,
2068 2431 2096 2489 et

101 2512 262 2593 respicere
277 2519 388 2573 tamen
405 2507 551 2572 ordinem
571 2528 641 2571 ase
659 2508 855 2571 institutum.
887 2505 1070 2572 Menecrates
1120 2509 1229 2588 loquar
1247 2514 1361 2574 laeana
1383 2514 1416 2573 tu
1434 2508 1548 2590 lsrael,
1566 2513 1594 2572 et
1611 2509 1801 2574 onraantiobo
1818 2509 1885 2588 tibi,
1904 2509 1994 2574 Deua
2006 2508 2094 2574 Deua

99 2617 178 2680 ergo
195 2605 299 2673 vocat,
323 2615 390 2658 non
409 2605 446 2658 ut
465 2595 616 2658 omnibus
635 2593 817 2676 promiscue
836 2590 952 2656 reddat
970 2611 1069 2657 verae
1120 2600 1193 2658 tuos
1215 2614 1286 2659 sam
1308 2615 1369 2678 epo.
1418 2595 1448 2660 8.
1474 2594 1547 2659 Non
1568 2594 1853 2676 superaedificia
1874 2595 1938 2659 taio
1960 2615 2094 2678 arpucm

99 2683 230 2766 pietatis
257 2680 490 2755 testimonium,
521 2678 578 2744 sed
608 2694 644 2742 ut
674 2677 791 2743 melius
822 2676 863 2741 ad
891 2679 990 2741 finem
1013 2697 1068 2743 ro·
1120 2684 1157 2753 te,
1186 2679 1412 2744 otdohcouato
1440 2685 1495 2745 tao
1521 2699 1626 2746 coram
1647 2701 1695 2745 me
1715 2700 1843 2761 sempor.
1888 2680 1919 2744 9.
1944 2680 2017 2745 Non
2038 2701 2094 2745 aa·

100 2768 237 2835 cationis
278 2785 356 2830 suae
389 2764 574 2842 attendant,
615 2763 753 2845 ideoque
788 2763 912 2846 species
943 2764 1069 2828 ironiae
1120 2784 1205 2829 mom
1222 2765 1567 2842 spectacuculum,
1587 2766 1912 2833 eeculistnislrircoe.
1944 2766 1993 2831 10.
2010 2766 2094 2847 Quia

100 2854 212 2920 subest
239 2850 345 2935 quoad
368 2850 545 2935 degeneres
567 2860 600 2915 et
620 2851 787 2916 simulatos
809 2848 964 2914 Iudaeos:
994 2850 1070 2932 quia
1120 2871 1205 2915 meae
1226 2857 1299 2916 sunt
1320 2871 1423 2916 mnas
1444 2850 1557 2917 bestiae
1574 2852 1680 2927 silom
1704 2851 1860 2916 animalia
1880 2852 1916 2915 in
1937 2851 2094 2917 montibus

100 2938 231 3023 obliquo
260 2937 460 3016 mordentur,
488 2934 573 3017 quod
602 2935 794 3018 professioni
825 2954 903 2999 suae
932 2936 1070 2999 minime
1120 2935 1214 3002 nulla
1261 2937 1311 3002 11.
1337 2938 1423 3001 Noai
1445 2957 1566 3004 omnem
1587 2939 1738 3002 colonam
1760 2939 1926 3002 martium:
1947 2943 1974 3002 et
1996 2938 2095 3002 bestia

100 3024 329 3108 respondeant.
373 3021 413 3088 Si
434 3022 507 3105 quis
528 3022 680 3087 subtilius
700 3040 863 3102 exponere
884 3019 986 3098 malit,
1009 3019 1068 3086 Se·
1120 3023 1194 3104 apri
1215 3040 1311 3101 penca
1331 3043 1378 3086 nra
1399 3027 1450 3087 est.
1497 3023 1547 3087 12.
1572 3022 1610 3086 Si
1632 3024 1780 3102 caudam,
1810 3043 1873 3087 uon
1894 3024 1998 3087 dicum
2018 3023 2094 3086 tibi.-

101 3121 235 3195 gregate
263 3107 342 3172 mihi
364 3106 521 3192 pauculos
543 3110 597 3189 qui
620 3107 745 3172 sincera
768 3116 800 3169 et
823 3126 865 3169 ex
886 3106 995 3171 animo
1017 3124 1069 3169 me
1121 3108 1270 3186 quonium
1296 3127 1384 3172 meua
1415 3113 1459 3171 est
1486 3108 1570 3174 orbis
1600 3114 1628 3172 et
1649 3108 1812 3187 plenitudo
1841 3110 1918 3172 aas.
1965 3108 2015 3173 13.
2038 3107 2093 3172 Aa

101 3197 223 3280 colunt,
254 3196 294 3259 ab
324 3195 385 3259 ista
407 3194 590 3276 promiscua
612 3190 823 3256 multitudine
845 3210 928 3273 quae
951 3211 1068 3255 nomen
1120 3191 1276 3256 comedam
1304 3212 1428 3257 cunum
1455 3198 1634 3276 toutonem,
1666 3198 1695 3257 et
1723 3194 1907 3276 seminem
1935 3192 2093 3260 bircomm

101 3302 211 3347 aueum
239 3280 396 3346 scelerate
425 3277 551 3363 polluit,
580 3297 620 3341 ne
649 3275 784 3359 posthac
812 3275 919 3342 fallaci
940 3276 1069 3342 externi
1121 3277 1246 3342 mam?
1422 3296 1427 3307 ·

101 3368 210 3434 cultus
232 3366 459 3448 integumento
477 3384 512 3428 se
529 3362 717 3427 involvant:
740 3383 805 3426 non
824 3382 972 3445 repugno
991 3362 1069 3444 quin

102 3452 163 3520 hoo
192 3451 371 3536 prophetae
397 3449 533 3515 oonsilio
562 3455 596 3513 et
624 3467 740 3513 causae
762 3468 859 3529 quam
892 3449 961 3532 agit
990 3449 1071 3511 bene
1208 3448 1237 3513 6.
1262 3448 1522 3533 (Annaaticbmrt
1541 3449 1640 3536 coeli.)
1672 3449 1758 3531 Quia
1781 3459 1911 3515 tantum
1935 3460 2006 3517 erat
2025 3463 2095 3520 stu·

102 3538 286 3605 conveniat
329 3534 424 3601 Nihil
452 3544 563 3600 tamon
593 3532 724 3599 absurdi
753 3532 826 3614 erit,
855 3533 884 3598 si
914 3532 1070 3609 dicamus,
1122 3533 1211 3617 poris
1233 3535 1268 3598 in
1291 3533 1428 3614 Iudaeis,
1453 3547 1490 3600 ut
1512 3536 1653 3602 ludendo
1675 3548 1708 3600 et
1729 3535 1919 3618 ineptiendo
1937 3556 1972 3602 so
1990 3539 2093 3621 finga-

102 3626 135 3690 in
160 3622 298 3690 ecclesia
318 3630 482 3705 corrupta,
502 3620 565 3704 piis
586 3629 620 3684 et
641 3618 788 3702 integris,
810 3620 960 3702 quamvis
977 3621 1071 3703 pauci
1121 3629 1198 3684 rent
1219 3620 1356 3702 implere
1373 3641 1485 3686 omnes
1504 3622 1651 3687 iustitiae
1668 3641 1832 3699 numeros,
1855 3624 2000 3687 minatur
2017 3645 2093 3707 pro·

102 3709 226 3776 residui
254 3716 379 3785 essent,
411 3706 530 3772 deferri
558 3712 687 3770 tantum
718 3705 864 3781 honoris,
894 3714 931 3770 ut
959 3725 1071 3770 eorum
1121 3704 1232 3789 pheta,
1257 3708 1407 3788 quamvis
1429 3728 1516 3773 nunc
1538 3709 1711 3773 conniveat
1728 3709 1828 3786 Deus,
1853 3708 2091 3791 patefacturum

103 3803 253 3878 respectu
284 3793 389 3858 mixta
420 3814 462 3858 ex
495 3791 588 3856 bonis
620 3800 655 3855 et
685 3789 781 3856 malis
812 3790 910 3855 turba
938 3800 1071 3856 sanctus
1122 3791 1282 3856 iustitiam
1312 3812 1405 3856 suam
1433 3812 1452 3856 e
1481 3794 1571 3859 coelo
1601 3813 1685 3876 quae
1715 3792 1841 3857 refellat
1870 3804 1903 3857 et
1925 3793 2093 3860 exinaniat

103 3881 167 3947 Dei
200 3879 341 3963 populus
375 3890 518 3943 vocetur.
570 3875 665 3957 Quod
694 3885 808 3958 postea
841 3876 1002 3958 sequitur,
1034 3876 1070 3940 in
1123 3877 1234 3940 omnia
1250 3897 1361 3941 eorum
1384 3890 1575 3943 commenta.
1620 3879 1800 3956 Putatisne,
1829 3878 1948 3960 inquit,
1973 3882 2092 3947 vestris

103 3967 213 4032 varim
245 3984 361 4031 sensns
390 3963 526 4029 trahunt
555 3963 758 4046 interpretes.
809 3960 952 4042 Quidam
982 3962 1071 4025 enim
1122 3962 1258 4026 fallaciis
1290 3962 1412 4045 placari
1441 3962 1566 4043 Deum,
1606 3964 1723 4047 quibus
1756 3963 1896 4028 habetur
1927 3963 2091 4031 ludibrio?

102 4072 199 4134 cuper
214 4051 371 4131 sacrificio
392 4058 508 4131 putant
527 4048 588 4113 dici
606 4047 675 4112 loco
693 4048 847 4112 Praeter:
870 4048 963 4130 quasi
980 4047 1071 4113 Deus
1123 4056 1288 4129 utcunque
1310 4070 1397 4114 nunc
1419 4051 1580 4133 spargatis
1601 4051 1705 4114 fumos
1727 4050 1818 4128 istos,
1845 4049 1938 4116 Deus
1961 4052 2094 4117 tandem

103 4139 138 4203 in
169 4137 256 4202 veris
285 4133 465 4201 cultoribus
488 4136 548 4200 hoc
570 4133 690 4216 laudet,
719 4132 804 4215 quod
827 4133 926 4197 altius
949 4131 1070 4215 aliquid
1123 4133 1252 4198 ecoelo
1274 4134 1445 4216 patefaciet
1467 4155 1559 4200 suam
1580 4135 1749 4218 iustitiam,
1775 4143 1809 4200 et
1830 4146 1956 4202 asseret
1978 4160 1998 4203 a
2018 4160 2095 4221 pra·

103 4226 136 4288 in
170 4243 230 4288 suo
261 4221 391 4287 foedere
425 4220 547 4302 requiri
580 4229 759 4301 agnoscant
788 4239 886 4301 quam
919 4227 1072 4285 externas
1123 4220 1175 4284 vis
1197 4219 1315 4286 vestris
1337 4220 1517 4304 figmentis:
1541 4230 1641 4287 testes
1663 4230 1762 4286 erunt
1783 4221 1863 4287 coeli
1881 4221 1945 4305 ipsi
1964 4237 2094 4289 vostrae

102 4308 334 4385 caeremonias,
357 4306 493 4388 ideoque
510 4325 576 4369 non
595 4304 775 4370 subsistant
792 4304 827 4368 in
846 4306 984 4370 terrenis
1003 4324 1072 4368 um·
1123 4303 1286 4387 perfidiae,
1307 4305 1393 4388 qnod
1417 4315 1601 4391 contempta
1625 4328 1700 4372 vera
1722 4309 1895 4373 sanctitate
1912 4312 2093 4392 corruperi-

104 4393 180 4460 bris.
231 4393 357 4459 Putant
384 4391 441 4457 alii
470 4391 591 4456 directe
618 4391 738 4474 opponi
774 4389 942 4456 sacrificiis
976 4391 1071 4472 spiri·
1124 4393 1165 4455 tis
1183 4392 1347 4455 sincerum
1366 4391 1431 4457 Dei
1449 4393 1592 4458 cultum:
1613 4394 1773 4477 quianon
1792 4392 1932 4476 amplius
1951 4397 2095 4476 patietur

105 4480 227 4545 tualem
251 4478 313 4542 Dei
342 4477 483 4544 cultum:
513 4497 550 4543 ao
572 4477 600 4540 si
620 4475 744 4541 dictum
766 4484 860 4554 esset,
883 4476 949 4540 Pro
971 4476 1072 4542 sacri·
1125 4478 1216 4541 Deus
1238 4498 1273 4540 se
1295 4487 1405 4543 vestro
1426 4479 1560 4544 arbitrio
1583 4479 1816 4556 transformari,
1840 4499 1877 4544 ac
1895 4481 1922 4544 si
1940 4480 1975 4543 in
1993 4481 2094 4545 ratio·

103 4566 196 4644 ficiis,
225 4563 278 4629 rel
306 4564 438 4628 illorum
468 4564 538 4628 loco
565 4563 678 4642 foedus
703 4580 803 4625 meum
832 4562 978 4646 legitimo
1006 4564 1072 4625 ritu
1125 4583 1198 4626 nem
1229 4582 1337 4626 coram
1367 4583 1405 4627 eo
1427 4585 1490 4629 non
1515 4566 1644 4629 reniret
1665 4565 1803 4629 interior
1825 4575 1936 4628 vestra
1958 4566 2093 4652 malitia,

103 4652 275 4718 sanciunt:
314 4650 390 4732 quia
430 4649 592 4714 sincerum
626 4646 733 4714 cordis
766 4648 958 4730 obsequium
990 4647 1072 4711 mihi
1124 4668 1220 4730 quam
1243 4648 1359 4713 frivolo
1381 4659 1553 4732 praetextu
1576 4671 1664 4716 nuno
1685 4651 1813 4716 fucatis.
1851 4648 2006 4716 Videmus
2027 4652 2093 4718 iam

103 4745 306 4803 consecrant.
358 4734 459 4817 Atqui
488 4733 660 4818 propheta,
691 4752 762 4797 meo
795 4732 929 4808 iudicio,
964 4733 1071 4816 potius
1125 4733 1272 4816 apposite
1312 4733 1483 4817 loquutum
1523 4736 1625 4801 fuisse
1660 4737 1851 4820 prophetam
1885 4755 1945 4819 pro
1977 4757 2094 4804 causae

103 4842 222 4887 verum
251 4831 285 4886 et
313 4820 489 4904 genuinum
523 4840 619 4887 usum
648 4818 762 4900 legalis
784 4818 891 4884 cultus
912 4819 964 4884 hic
986 4839 1071 4885 com·
1125 4839 1222 4900 quam
1263 4820 1332 4903 agit
1363 4820 1499 4886 rabone.
1554 4822 1639 4887 Nam
1673 4829 1712 4885 ut
1743 4822 1910 4885 fateantur
1942 4819 2093 4889 homines

103 4907 248 4973 mandat.
301 4906 418 4990 Magni
455 4907 544 4972 enim
584 4905 750 4979 interfuit,
790 4904 890 4985 probe
922 4905 1072 4989 cognosci
1124 4903 1232 4969 Deum
1263 4925 1334 4970 esso
1363 4905 1512 4985 iudicem,
1542 4907 1617 4990 quia
1645 4916 1755 4970 tamen
1778 4906 1871 4970 lusus
1893 4905 2010 4972 deinde
2032 4910 2095 4975 sibi

102 5013 201 5076 quem
233 4993 270 5057 in
301 4993 400 5058 finem
433 4993 581 5077 exigeret
607 4990 698 5055 Deus
732 4989 890 5055 sacrificia
921 4991 955 5054 in
989 4990 1071 5074 lege.
1124 4989 1295 5071 fabricant,
1325 4990 1442 5074 quibus
1470 4993 1657 5076 transigant
1686 5013 1760 5057 cum
1785 5011 1830 5066 ao,
1861 4990 1990 5076 oblique
2009 4993 2094 5059 iudi·

104 5077 273 5161 Propheta
298 5086 407 5143 autem
430 5077 516 5144 clara
537 5077 591 5142 hic
612 5074 784 5140 denuntiat
806 5076 888 5140 nihil
910 5097 982 5141 esse
1003 5097 1071 5141 mo-
1123 5074 1217 5139 candi
1247 5096 1367 5142 munus
1396 5085 1430 5142 et
1457 5088 1650 5161 potestatem
1673 5079 1702 5141 ei
1726 5078 1929 5160 abrogantes,
1959 5082 2095 5146 avenis

104 5165 209 5231 menti
237 5163 271 5227 in
302 5164 478 5239 sacrificiis,
507 5163 571 5229 nisi
600 5170 637 5227 ut
662 5161 729 5227 sint
757 5163 849 5243 quasi
872 5161 989 5247 sigilla,
1019 5162 1072 5227 vel
1124 5179 1237 5225 eorum
1258 5161 1383 5228 cavillis
1406 5183 1537 5230 necesse
1557 5175 1607 5229 ost
1627 5182 1726 5245 quam
1748 5163 1876 5227 laturus
1894 5170 1945 5229 est
1962 5178 2098 5232 santen-

104 5248 323 5335 syngraphae,
346 5249 396 5314 vel
420 5249 484 5314 alia
506 5247 703 5314 adminicula
720 5245 760 5312 ad
778 5246 990 5313 sanciendum
1008 5248 1071 5313 Dei
1124 5247 1202 5311 tiam
1225 5248 1335 5312 asseri.

210 5349 323 5407 &aaa
336 5365 431 5420 opero.
469 5349 528 5406 Vol.
545 5348 663 5407 XXXI.
1857 5349 1892 5403 32
