4658 5856
169 360 233 426 646
977 358 1192 427 PSALMUS
1216 360 1345 426 LXIX.
2101 364 2166 429 646

167 549 247 633 6616
271 547 435 613 difficilem
457 546 579 613 luctam
605 545 798 612 sustinuerit
820 545 897 612 dum
921 547 1037 631 arripit
1058 547 1138 614 haec
1191 549 1341 629 centiam,
1363 550 1426 616 nisi
1449 571 1485 615 sc
1508 552 1615 633 ipsum
1639 552 1788 634 abneget.
1832 551 1870 615 In
1896 552 1957 617 666
1980 573 2057 636 ergo
2080 554 2163 618 sola-

169 655 269 701 arma.
304 634 348 698 Et
366 646 452 700 certe
471 632 563 698 ardui
583 632 845 716 negotiiresest,
867 643 1013 699 statuere
1028 632 1137 699 Deum
1192 636 1272 700 tium
1301 636 1461 702 recumbit
1490 636 1613 712 David,
1641 638 1726 720 6666
1756 637 1865 701 Ι)666
1896 638 2013 702 666666
2043 637 2163 703 6616616

168 720 262 787 66616
284 720 461 803 666616166
484 717 561 783 666
584 719 744 796 irascitur,
768 730 801 784 et
822 720 1045 802 propinquum
1068 739 1138 784 esse
1191 721 1250 797 sui,
1284 733 1398 799 metus,
1429 722 1671 806 aegritudinum
1695 737 1728 786 66
1750 743 1900 787 curarum
1926 737 2056 787 testem:
2086 725 2163 806 quia

168 807 248 871 dum
278 815 423 870 remotus
453 816 513 870 est.
553 804 633 870 Ideo
660 803 785 888 colligit
807 804 916 870 David
946 804 1029 888 6666
1062 805 1138 871 6616
1190 806 1314 873 66111666
1340 807 1454 872 66661
1476 808 1615 874 1661666
1640 818 1671 873 66
1693 807 1942 891 gubernatorem
1967 810 2047 872 nihil
2073 810 2160 875 latet.

165 890 368 957 diffidentiae
385 899 539 973 opponat:
562 900 595 954 et
618 890 680 955 Dei
702 889 919 971 elementiam,
942 910 980 956 66
1002 912 1138 975 magnas
1190 893 1259 958 Nec
1287 913 1364 959 vero
1393 896 1427 958 in
1455 895 1644 977 repetitione
1667 895 1865 977 ignominiae
1888 894 1985 958 nimis
2009 896 2161 961 verbosus

168 977 393 1043 miserationes
420 976 609 1059 implorans,
639 997 674 1042 se
704 973 774 1042 ideo
804 987 932 1041 tantum
964 976 1044 1042 bene
1067 998 1137 1059 spe·
1190 988 1256 1043 est:
1278 980 1353 1062 quia
1374 991 1440 1044 tam
1463 980 1620 1063 gravibus
1643 979 1862 1044 tentationum
1886 979 2056 1056 machinis,
2079 1002 2162 1063 quae

169 1084 242 1128 rare
263 1062 415 1138 ostendit,
438 1063 514 1145 6616
534 1061 625 1127 Deus
644 1062 687 1127 sit
705 1062 898 1128 misericors.
933 1062 1029 1142 Quod
1048 1062 1136 1143 dicit,
1191 1065 1405 1130 fortissimum
1436 1066 1581 1130 animum
1612 1065 1805 1131 labefactare
1835 1075 1999 1147 poteraut,
2032 1068 2161 1130 firmam

169 1148 302 1228 Respice
323 1149 366 1214 66
387 1168 442 1225 me,
466 1148 660 1212 tantundem
685 1147 772 1213 66166
793 1169 831 1214 66
852 1151 879 1214 61
899 1148 1045 1227 dixisset,
1068 1149 1136 1215 Fac
1190 1151 1404 1215 munitionem
1434 1170 1596 1234 opponere
1625 1172 1756 1217 necesse
1778 1150 1850 1214 luit.
1896 1151 1987 1215 Nihil
2009 1152 2163 1235 ingenuis

167 1246 205 1299 ιιι
223 1254 258 1299 re
270 1236 341 1315 ipsa
359 1244 514 1316 appareat
525 1255 577 1298 me
588 1234 687 1300 161666
703 1234 901 1312 exauditum,
919 1235 997 1298 dum
1013 1234 1137 1300 scilicet
1189 1245 1223 1300 et
1245 1235 1387 1302 cordatis
1410 1236 1597 1302 homiuibus
1620 1235 1765 1304 acerbius
1792 1245 1842 1301 est
1865 1237 2051 1318 ignominia,
2082 1237 2159 1302 dum

167 1319 249 1385 mihi
277 1340 457 1386 succurras.
502 1320 658 1385 Proximo
687 1320 785 1385 etiam
816 1342 913 1387 versu
943 1319 1029 1386 idem
1059 1322 1135 1404 agit.
1190 1343 1268 1386 vero
1299 1342 1337 1386 sa
1367 1322 1559 1404 duplicatur,
1589 1323 1654 1387 imo
1678 1323 1785 1404 plures
1807 1322 1905 1387 simul
1928 1336 2082 1405 aggestae
2104 1342 2159 1387 cu·

165 1404 316 1471 Subinde
350 1414 458 1470 autem
492 1405 605 1471 eadem
634 1406 791 1483 16666666,
826 1418 892 1471 tam
926 1407 1136 1472 acerbitatem
1191 1407 1314 1472 mulum
1346 1407 1511 1473 efficiunt:
1540 1429 1636 1490 quam
1667 1407 1826 1491 singulari
1857 1408 1971 1472 robore
2001 1429 2082 1491 opus
2112 1424 2160 1474 est

168 1491 302 1569 doloris,
336 1511 433 1574 quam
467 1489 567 1556 studii
594 1491 744 1557 ardorem
775 1492 927 1558 declarat.
977 1493 1066 1558 Petit
1095 1513 1137 1559 ne
1190 1516 1231 1558 66
1252 1493 1451 1558 obruamur?
1492 1494 1576 1558 Nam
1601 1514 1712 1559 morae
1736 1493 1841 1557 taedio
1866 1493 1958 1558 166116
1980 1493 2162 1577 desperatio

164 1578 282 1643 1661666
304 1599 396 1642 suam
420 1576 598 1643 abscondat
620 1578 721 1654 Deus,
752 1600 817 1643 666
840 1579 916 1661 6616
942 1578 1003 1643 sibi
1025 1581 1137 1644 timeat
1190 1580 1327 1661 obrepit.
1372 1580 1461 1662 Ergo
1489 1603 1528 1643 ne
1551 1580 1641 1644 oneri
1663 1579 1855 1644 succumbat
1877 1579 1995 1661 David,
2025 1579 2160 1661 colligit,

165 1685 186 1728 a
216 1663 357 1745 repulsa,
386 1662 442 1728 sed
473 1664 550 1745 quia
573 1664 643 1727 fieri
668 1684 733 1728 non
756 1674 863 1747 potest
885 1666 964 1746 quin
987 1665 1136 1729 anxietas
1190 1678 1255 1730 tam
1286 1665 1405 1730 multas
1435 1665 1626 1731 afflictiones
1655 1665 1770 1746 quibus
1799 1674 1966 1748 gravatur,
1998 1686 2062 1728 non
2090 1686 2160 1729 esse

168 1749 231 1814 666
259 1759 290 1813 66
319 1749 396 1813 11166
426 1749 561 1814 miseros
592 1750 740 1815 homines
761 1751 871 1835 agitet.
917 1750 1003 1831 Quia
1025 1761 1135 1815 autem
1189 1751 1261 1816 Deo
1295 1752 1487 1834 incognitas.
1540 1751 1745 1835 Ignominiae
1772 1770 1850 1815 vero
1880 1760 1912 1814 et
1943 1751 2061 1830 probra
2094 1762 2160 1814 tam

165 1834 373 1917 peculiariter
401 1855 513 1900 servos
543 1854 619 1900 suos
644 1835 683 1899 ad
706 1856 742 1900 se
764 1836 881 1901 inritat
903 1835 1004 1913 Deua,
1033 1856 1135 1901 unum
1189 1836 1230 1901 ad
1261 1847 1430 1902 externam
1453 1836 1604 1919 speciem,
1633 1857 1729 1919 quam
1753 1834 1793 1899 66
1816 1837 1887 1900 6166
1909 1836 2062 1901 affectum
2087 1846 2161 1917 apte

165 1941 200 1985 se
221 1940 293 1985 esse
315 1920 482 2002 praedicat
505 1941 546 1985 ex
568 1920 698 1985 illorum
722 1942 866 1986 numero.
912 1922 1026 2005 Neque
1048 1923 1134 1987 enim
1190 1924 1388 1987 referentur:
1430 1922 1506 2005 quia
1546 1936 1580 1987 et
1616 1923 1736 2006 passim
1770 1922 1869 1987 fuisse
1903 1921 2047 1986 derisum
2081 1922 2161 1986 satis

164 2005 216 2091 (ut
246 2005 323 2071 alibi
354 2006 517 2089 admonui,
548 2005 1135 2090 66166166666666616666666616)
1189 2011 1301 2091 liquat,
1331 2018 1364 2072 et
1391 2007 1462 2073 fiori
1491 2029 1556 2072 666
1588 2009 1692 2090 666616
1721 2007 1801 2089 6616
1831 2005 2064 2072 verecundiam
2097 2028 2161 2072 una

163 2092 319 2175 obsequia
349 2093 446 2158 iactat
469 2092 585 2175 quibus
607 2091 783 2175 quidquam
808 2095 1004 2175 promeritus
1026 2093 1135 2171 luerit,
1188 2092 1392 2160 cumdolore
1415 2095 1496 2159 tales
1519 2114 1642 2159 sannae
1665 2095 1858 2158 incuterent.
1892 2091 2018 2156 Eadem
2037 2093 2161 2157 ratione

163 2177 220 2242 sed
254 2178 362 2262 potius
394 2177 559 2261 gratuitae
593 2178 655 2244 Dei
689 2180 837 2246 electioni
868 2180 1037 2244 inuititur:
1070 2179 1134 2242 nisi
1188 2178 1328 2256 subiicit,
1357 2185 1448 2243 notos
1476 2200 1541 2244 esse
1567 2179 1665 2244 666666
1692 2199 1765 2244 suos
1792 2178 1878 2244 Deo:
1910 2199 1948 2243 ae
1981 2179 2161 2254 616166666,

163 2261 247 2345 6666
278 2263 376 2328 61661
407 2264 538 2346 pietatis
563 2285 643 2328 suae
666 2265 890 2330 testimonium
913 2265 1028 2345 reddit,
1057 2266 1135 2348 qaia
1189 2265 1340 2344 Domine,
1364 2278 1399 2329 tu
1422 2265 1486 2329 scis
1510 2286 1562 2330 me
1585 2267 1690 2329 instar
1712 2265 1782 2329 ovis
1806 2265 1903 2328 unius
1926 2263 2163 2330 circumdaria

163 2348 304 2414 fideliter
333 2351 440 2413 Deum
471 2350 605 2414 coluerit
632 2371 738 2433 aquo
763 2353 871 2416 fuerat
894 2363 1037 2417 vocatus.
1083 2350 1134 2414 Dc
1188 2351 1333 2416 millibus
1355 2351 1516 2433 luporum.

163 2434 372 2499 festinatione
394 2436 492 2499 ctiam
516 2435 591 2500 alibi
614 2437 694 2501 satis
717 2436 864 2502 disserui.
1272 2438 1323 2500 21.
1345 2436 1572 2522 (Opprobrium
1591 2436 1688 2518 frepit
1709 2454 1759 2500 cor
1781 2432 1906 2518 meam.)
1951 2433 2082 2500 Clarias
2106 2456 2162 2500 ex·

251 2521 300 2585 19.
324 2519 455 2606 (Accede
482 2521 525 2586 ad
554 2522 693 2586 animam
721 2523 843 2608 meana)
886 2522 1047 2604 Quamvis
1072 2525 1134 2590 666
1188 2523 1300 2607 primit
1328 2544 1364 2587 se
1394 2543 1458 2586 noa
1484 2522 1580 2587 modo
1603 2522 1690 2586 tristi
1713 2519 1907 2586 desertionis
1930 2521 2037 2603 specie
2059 2521 2161 2585 fuisse

163 2626 339 2688 persuasus
368 2617 467 2687 66666,
500 2606 607 2671 Ι)666
638 2608 698 2672 6161
731 2630 802 2674 esse
831 2609 1063 2691 propinquum,
1099 2623 1135 2675 ut
1188 2609 1404 2690 pudefactum,
1423 2608 1480 2673 sed
1499 2607 1638 2672 moerori
1649 2605 1882 2690 propemodum
1894 2608 2039 2684 cessisse,
2058 2625 2159 2687 quum

163 2704 273 2756 tamen
304 2693 344 2757 ab
373 2693 497 2758 effectis
527 2694 633 2757 metiri
663 2693 804 2759 solemus
827 2693 889 2758 Dei
917 2698 1135 2776 praesentiam
1188 2693 1243 2759 diu
1274 2694 1465 2777 pudefactus
1496 2697 1625 2759 iaceret.
1671 2691 1765 2758 Unde
1795 2691 1978 2775 colligimus
2001 2713 2066 2755 non
2089 2692 2163 2755 sine

164 2777 217 2841 661
247 2777 437 2855 666666166,
473 2778 583 2843 David
613 2779 666 2845 bio
697 2801 738 2845 ex
771 2781 879 2845 carnis
907 2800 1006 2846 seusu
1039 2784 1135 2848 tacite
1187 2781 1275 2844 lucta
1302 2800 1378 2845 eum
1408 2780 1539 2845 vicisse:
1572 2800 1631 2844 666
1661 2776 1732 2842 1666
1762 2785 1828 2841 tam
1850 2789 2038 2842 constanter
2061 2778 2161 2841 susti·

160 2863 374 2946 conqueritur
396 2864 587 2946 666661666
605 2863 727 2931 abesse.
761 2866 846 2931 Num
861 2869 1136 2950 appropinquandi
1189 2866 1695 2943 661666666666166666666666,
1725 2861 1902 2945 66666166
1925 2863 2070 2927 animum
2095 2883 2161 2926 non

162 2948 263 3015 verbo
297 2949 452 3033 intelligit
481 2950 606 3014 nullam
635 2950 753 3017 6616616
780 2971 857 3016 6666
884 2973 996 3017 auram
1035 2954 1135 3019 luisse
1188 2952 1402 3036 attingerent:
1433 2952 1489 3015 sed
1513 2952 1591 3033 quia
1614 2948 1740 3013 duriter
1763 2947 1932 3029 perculsus
1956 2969 2021 3012 666
2041 2947 2161 3012 minori

163 3035 250 3099 Deo:
285 3056 403 3118 nempe
432 3046 591 3116 quantum
620 3058 661 3100 ex
692 3058 727 3101 re
760 3039 831 3119 ipsa
858 3037 967 3121 colligi
999 3050 1134 3119 6666666.
1188 3036 1377 3101 16661666166
1404 3038 1569 3101 restiterit.
1613 3033 1717 3098 Addit
1745 3034 1843 3097 aliam
1865 3033 2160 3112 circumstantiam,

163 3122 268 3186 Porro
297 3120 405 3186 Deum
435 3120 614 3204 implorans
643 3136 679 3186 ut
708 3122 947 3205 appropinquet
969 3125 1009 3187 ad
1034 3127 1134 3189 vitata
1188 3122 1321 3187 destitui
1344 3145 1379 3185 66
1402 3122 1552 3186 6661666
1581 3119 1798 3184 humanitatis
1828 3118 1959 3184 officiis:
1994 3139 2059 3181 666
2090 3139 2160 3183 6666

162 3228 268 3286 suam,
294 3226 390 3287 quam
422 3209 508 3273 visus
539 3207 645 3272 fuerat
667 3208 822 3286 descrere,
853 3207 1055 3290 praeclarum
1079 3232 1135 3273 ex·
1188 3209 1242 3289 661
1266 3207 1446 3283 condoleat,
1476 3207 1704 3287 relinquam
1735 3213 1892 3269 exoneret
1920 3222 1996 3268 suos
2019 3201 2158 3279 dolores,

165 3293 258 3358 bibet
289 3291 363 3356 fidei
395 3312 473 3358 6666
503 3291 748 3358 documentumz
780 3294 846 3357 imo
875 3313 939 3376 666
972 3295 1134 3360 crudelius
1189 3314 1266 3358 nam
1295 3293 1432 3358 verbum
1461 3306 1524 3374 713
1556 3291 1688 3374 quidam
1723 3290 1887 3372 accipiunt
1917 3307 1975 3370 pro
2007 3309 2159 3354 narrare:

162 3387 311 3462 urgetur,
342 3399 379 3442 eo
407 3379 512 3462 magis
542 3378 679 3443 6666616
700 3378 809 3444 Ι)666
835 3377 895 3441 6161
920 3379 986 3445 1666
1008 3380 1135 3445 rodem·
1187 3379 1264 3461 quia
1299 3379 1376 3443 dum
1412 3379 1633 3460 querimonias
1669 3386 1798 3441 nostras
1834 3374 2033 3440 effundimus
2072 3376 2159 3457 6666

165 3475 308 3546 ptorem:
343 3464 437 3529 sicuti
471 3463 548 3529 alibi
581 3462 703 3530 dictum
738 3465 813 3542 luit,
847 3465 1045 3548 principium
1074 3468 1135 3533 hoc
1188 3465 1318 3542 amieos,
1341 3464 1418 3529 inde
1440 3463 1562 3549 aliquid
1586 3462 1760 3528 levationis
1780 3461 1937 3545 capimus.
1972 3460 2043 3526 Η66
2064 3460 2159 3525 modo

163 3570 293 3632 semper
313 3549 489 3615 66666666
509 3569 589 3628 6666,
613 3549 700 3631 Quia
721 3552 811 3616 Deus
833 3552 980 3632 superbis
1002 3553 1134 3629 resistit,
1188 3552 1248 3616 sibi
1281 3551 1432 3617 conciliat
1471 3551 1534 3616 Dei
1576 3548 1850 3624 misericordiam,
1892 3547 1968 3630 quia
2007 3547 2159 3611 omnibus

165 3636 230 3700 Iac.
250 3637 279 3712 4,
303 3636 491 3718 66666616
510 3633 550 3700 66
570 3646 699 3720 666666
717 3634 914 3701 dissimulet:
938 3638 1134 3704 fieritamen
1188 3636 1303 3701 muudi
1337 3636 1469 3702 auxiliis
1502 3648 1535 3700 et
1567 3634 1692 3701 solatiis
1729 3633 1877 3716 privatus
1914 3644 1973 3698 est.
2029 3632 2159 3696 Deinde

165 3742 230 3785 non
262 3742 355 3804 posse
384 3722 461 3804 quin
492 3721 624 3787 tandem
651 3730 835 3804 compescat
856 3741 969 3787 eorum
992 3725 1134 3790 1666166-
1187 3744 1320 3789 rursum
1354 3723 1508 3796 16661666,
1544 3721 1626 3786 61611
1662 3721 1771 3785 666666
1804 3740 1879 3783 6666
1908 3716 1948 3782 66
1977 3728 2159 3782 extremam

164 3807 243 3871 tiam
267 3808 322 3889 qui
345 3807 416 3872 sine
440 3807 535 3872 modo
557 3809 722 3875 resistunt.
1188 3810 1359 3873 saevitiam
1376 3809 1536 3872 omitt-ere.
1571 3806 1768 3887 Quanquam
1787 3813 1895 3868 autem
1915 3803 2158 3885 metaphoricae

1188 3906 1266 3961 sunt
1289 3894 1506 3975 loquutiones,
1537 3893 1666 3958 nrisccra
1686 3892 1738 3973 (ei,
1769 3902 1826 3954 aut
1848 3910 2013 3954 venenum
2034 3890 2108 3967 cibo,
2132 3895 2160 3953 et

250 3977 299 4041 20.
327 3978 376 4041 Ta
404 3979 486 4042 nosti
515 3977 718 4058 opprobrium
747 4000 848 4045 meam
876 3981 1136 4063 etconfasionem
1182 3980 1276 4062 potui
1296 3984 1425 4058 acetum,
1453 3979 1550 4045 sicuti
1579 3977 1666 4060 apud
1688 3976 1860 4040 Ieremiam
1887 3976 1935 4053 11,
1959 3974 1999 4039 19
2027 3976 2158 4039 mittere

162 4082 273 4140 666666,
304 4069 332 4128 66
353 4064 559 4146 ignominiam
582 4083 698 4128 eneam:
725 4085 830 4131 coram
850 4071 878 4132 ta
899 4087 1003 4132 666666
1024 4069 1134 4132 66666-
1189 4066 1313 4149 lignum
1338 4065 1372 4129 in
1395 4083 1530 4147 panem:
1553 4064 1695 4128 Ioannes
1718 4074 1827 4126 tamon
1851 4081 1920 4143 cap.
1943 4060 1991 4139 19,
2015 4081 2098 4125 6666.
2115 4061 2157 4125 29

163 4149 248 4213 sarii
276 4149 346 4214 mei.
391 4149 442 4213 21.
470 4149 677 4231 opprobriam
704 4151 798 4234 fregit
826 4172 878 4218 cor
898 4173 1008 4230 meam,
1038 4154 1136 4235 staf-
1189 4172 1254 4215 non
1283 4151 1407 4216 frustra
1436 4150 1604 4232 impletam
1633 4149 1732 4215 161666
1762 4147 1957 4228 scripturam
1988 4159 2156 4223 memorat,

160 4235 374 4314 6116666666.Ι
402 4237 625 4316 conspectori
645 4236 701 4318 qai
722 4239 997 4315 commacerarclcr,
1023 4245 1052 4304 61
1073 4259 1134 4304 aaa
1187 4237 1241 4301 ubi
1273 4237 1394 4302 milites
1423 4246 1552 4302 acetum
1576 4234 1709 4300 Christo
1738 4233 1955 4316 propinarunt
1983 4232 2017 4296 in
2046 4254 2157 4298 cruce:

164 4325 247 4385 erat:
274 4320 485 4400 masobrtores,
512 4327 540 4386 et
567 4343 629 4388 aaa
657 4323 771 4388 inverti.
816 4324 867 4388 22.
897 4324 943 4388 Et
963 4331 1134 4407 66666666
1188 4322 1264 4404 quia
1287 4322 1405 4387 visibili
1428 4323 1520 4404 siguo
1544 4319 1781 4402 repraesentari
1803 4320 1837 4383 in
1862 4319 1993 4384 Christo
2014 4320 2158 4399 oportuit

165 4406 200 4470 ia
216 4425 317 4472 escam
334 4426 434 4471 meam
449 4408 503 4490 fel,
525 4412 553 4472 et
570 4410 605 4474 ia
624 4409 680 4473 sili
697 4429 765 4473 mea
776 4415 960 4492 6666666666
976 4431 1024 4474 me
1042 4416 1132 4477 acala.
1188 4429 1285 4490 quam
1305 4408 1432 4491 reprobi
1451 4407 1674 4472 crudelitatem
1695 4414 1849 4470 exercent
1865 4406 1898 4469 in
1916 4405 1985 4468 eiua
2001 4402 2156 4481 membra,

1187 4494 1283 4560 sicuti
1301 4494 1434 4559 Psalmo
1446 4495 1497 4570 22,
1511 4493 1551 4557 19
1569 4492 1722 4569 diximus,
1741 4512 1842 4574 quum
1863 4490 1993 4572 partitio
2013 4489 2157 4553 vestium

251 4578 302 4642 20.
327 4578 392 4663 (Tu
419 4578 501 4643 oceli
528 4579 728 4661 opprobriam
756 4581 879 4662 meum.)
923 4581 1134 4647 Confirmatio
1187 4580 1313 4647 Christi
1342 4578 1429 4645 16666
1459 4580 1521 4644 1616
1549 4580 1634 4643 inter
1664 4578 1800 4656 milites,
1833 4594 1897 4640 666
1927 4574 2157 4657 intempestive

165 4665 334 4746 proximae
356 4665 547 4729 sententiae.
581 4665 677 4732 Unde
700 4665 787 4730 euim
810 4666 847 4730 fit
869 4674 905 4731 ut
927 4666 1029 4731 maior
1051 4687 1134 4747 pars,
1187 4666 1281 4731 citari
1312 4686 1441 4732 versum
1469 4665 1579 4742 illum,
1614 4665 1734 4728 Partiti
1766 4673 1843 4728 aunt
1872 4662 1959 4725 iuter
1986 4682 2021 4725 ae
2048 4673 2157 4726 vestes

165 4750 222 4814 ubi
244 4751 442 4832 impotenter
463 4770 559 4814 ruere
582 4749 670 4816 videt
691 4751 818 4835 impios,
842 4774 879 4819 aa
895 4754 1002 4818 instar
1020 4752 1134 4816 diluvii
1188 4773 1291 4831 meas,
1323 4762 1357 4816 et
1385 4774 1483 4833 super
1514 4750 1671 4816 vestitum
1700 4768 1810 4814 meum
1840 4748 1987 4811 iecerunt
2016 4755 2155 4811 sortem:

164 4837 315 4918 grassari,
345 4836 472 4900 animos
502 4835 710 4919 despondeat,
741 4837 805 4901 nisi
834 4838 911 4919 quia
939 4845 1057 4922 putant
1077 4839 1133 4902 ob·
1186 4837 1263 4902 licet
1286 4837 1393 4903 David
1420 4839 1562 4922 figurato
1590 4835 1755 4919 intelligat
1782 4852 1817 4897 se
1840 4832 1940 4898 luisse
1971 4832 2155 4914 spoliatum,

167 4919 346 4986 nubilatum
381 4942 452 4986 esse
484 4921 628 5002 coelum,
662 4932 700 4986 ut
728 4921 820 4988 Deus
853 4923 936 4988 nibil
969 4924 1003 4988 in
1035 4923 1133 4989 terris
1185 4944 1327 5006 suasque
1359 4923 1509 4988 fortunas
1544 4924 1648 4988 instar
1685 4920 1823 5004 praedae
1864 4917 1964 4983 fnisse
2003 4916 2155 4999 direptas.

166 5005 297 5072 videat?
341 5007 431 5091 Ergo
456 5008 516 5073 Dei
546 5006 786 5090 providentiam
810 5008 863 5075 616
885 5008 978 5075 66616
1000 5029 1133 5074 666666-
1186 5010 1361 5075 66666666
1391 5021 1499 5074 tamen
1530 5008 1692 5093 genuinus
1715 5013 1764 5071 est
1786 5024 1915 5084 sensus,
1945 5016 2057 5070 sancto
2084 5026 2155 5086 pro·

165 5113 236 5157 rere
267 5102 410 5176 oportet,
443 5115 484 5158 66
517 5093 702 5160 dubitemus
731 5095 853 5160 auxilio
883 5097 975 5160 nobis
1006 5105 1133 5160 mature
1187 5095 1302 5176 phetae
1325 5095 1408 5159 nibil
1431 5092 1641 5159 relaxationis
1664 5092 1764 5156 luisse
1786 5091 1913 5154 datum:
1947 5091 2156 5172 quemadmo-

165 5188 356 5246 venturum:
390 5179 466 5263 quia
496 5199 602 5262 neque
631 5179 739 5247 oculos
772 5179 923 5246 olaudero
952 5190 1060 5263 potest
1092 5181 1132 5244 ad
1186 5178 1263 5245 dum
1283 5182 1309 5247 si
1329 5181 1427 5246 homo
1447 5181 1565 5246 misere
1587 5178 1707 5259 alioqui
1729 5177 1879 5252 afflictus,
1901 5175 2007 5240 cibum
2030 5198 2156 5259 666666

166 5277 293 5331 nostras
321 5263 479 5344 miserias,
509 5285 568 5330 nec
598 5268 666 5348 pati
695 5266 891 5351 impunitam
913 5268 1073 5334 malorum
1094 5266 1132 5332 li·
1185 5275 1218 5330 et
1240 5278 1353 5350 potum
1376 5264 1594 5333 amarulentis
1615 5270 1804 5346 corruptum
1827 5261 1978 5344 reperiat.

1901 5363 1951 5417 41*
