4658 5856
159 298 223 365 659
973 295 1188 365 PSALMUS
1210 297 1339 362 LXXI.
2091 295 2153 360 660

161 488 309 554 narrabo.
355 485 421 553 Sed
450 487 584 569 propria
611 486 804 570 significatio
827 486 935 570 aptius
957 486 1129 552 convenit:
1183 486 1309 551 mittat:
1342 486 1400 553 sed
1429 487 1491 554 hoe
1516 508 1621 552 unum
1643 488 1705 553 sibi
1727 508 1799 552 esse
1827 488 2043 569 propositum,
2079 489 2153 568 quia

161 577 236 658 quia
259 573 341 639 nibil
359 571 514 655 estquod
536 573 641 654 magis
663 571 838 638 accendere
858 573 983 638 animos
1001 582 1130 637 nostros
1182 573 1288 638 iustus
1310 583 1361 639 est
1383 574 1483 652 Deus,
1506 574 1576 638 fieri
1599 594 1663 638 non
1686 593 1780 656 posse
1803 583 1840 636 ut
1857 572 1897 637 ab
1914 594 1953 639 eo
1975 572 2151 638 deseratur.

162 661 276 727 debeat
298 661 339 725 ad
361 657 524 726 canendas
547 656 611 720 Dei
639 656 764 739 laudes,
792 679 891 740 quam
922 659 976 724 ubi
999 680 1059 723 nos
1080 660 1129 722 iu·
1184 658 1315 723 lustitia
1336 659 1424 724 enim
1447 659 1521 738 Dei,
1545 671 1581 723 ut
1603 680 1708 741 nuper
1730 658 1910 743 attigimus,
1940 679 2006 723 non
2030 660 2152 742 gratui-

162 748 305 813 numeris
338 745 504 812 beneficiis
535 751 753 826 prosequutus
787 755 844 810 est.
899 745 984 809 Nam
1019 755 1057 809 ut
1089 743 1130 808 ad
1184 753 1253 808 tum
1276 744 1359 810 illud
1381 743 1502 810 donum
1524 767 1588 827 quo
1612 746 1672 811 sibi
1697 743 1886 810 reconciliat
1914 743 2073 822 homines,
2101 745 2153 809 vel

161 837 325 917 specimen
356 852 459 898 unum
485 828 537 895 vel
567 827 706 894 alterum
739 838 899 914 torpeant,
931 841 968 895 ut
990 830 1132 914 frigeant
1183 839 1355 914 regenerat
1372 832 1407 897 in
1424 831 1513 895 vitae
1531 832 1719 906 novitatem,
1739 829 1795 896 sed
1814 830 1912 895 fidem
1930 831 1965 895 in
1982 829 2154 897 servandis

159 923 194 986 in
218 923 338 1006 exiguo
362 937 515 986 numero:
546 914 618 998 ipsa
639 921 749 980 tamen
772 919 933 981 immensa
955 916 1132 981 multitudo
1183 918 1350 998 promissis
1371 917 1544 1000 siguificat,
1574 939 1638 1000 qua
1664 938 1699 981 se
1721 937 1870 999 aequum,
1901 928 1934 982 ot
1956 925 2093 993 rectum,
2124 928 2155 980 et

160 1018 323 1091 torporem
345 1018 379 1072 et
396 1003 500 1085 frigus
523 1001 586 1066 nisi
606 1003 757 1084 corrigat,
781 1003 916 1067 minime
938 1001 1132 1067 excusabilis
1183 1023 1333 1067 veracem
1367 1003 1505 1086 probare
1527 1004 1599 1068 vult
1632 1024 1710 1086 erga
1738 1023 1814 1069 suos
1843 1001 1994 1067 cultores.
2040 1001 2154 1068 Solam

161 1102 211 1159 est
233 1110 345 1161 nostra
367 1084 578 1174 ingratitudo.
622 1086 798 1153 Discamus
821 1109 909 1172 ergo,
932 1110 998 1153 non
1016 1089 1132 1153 leviter
1184 1109 1260 1152 vero
1285 1088 1344 1153 Dei
1368 1090 1528 1154 iustitiam
1559 1088 1621 1154 sibi
1648 1089 1683 1152 in
1706 1089 1808 1154 oeulis
1837 1098 1870 1153 et
1899 1089 2057 1152 memoria
2087 1088 2155 1152 fore

161 1191 194 1247 et
217 1182 413 1265 quasieum
444 1171 574 1239 fastidio
603 1181 737 1256 gustaro
764 1173 828 1238 Dei
859 1174 1044 1249 bonitatem,
1075 1173 1131 1239 sed
1156 1190 1159 1195 ·
1184 1175 1277 1239 dicit:
1300 1176 1378 1257 quia
1401 1175 1464 1238 nisi
1486 1183 1611 1239 attente
1633 1176 1674 1240 ad
1692 1196 1763 1240 cam
1786 1175 1904 1241 restriu
1931 1175 2015 1239 'mua
2038 1194 2155 1240 sensus

160 1290 275 1334 sensus
297 1286 410 1333 omnes
433 1272 562 1325 nostros
583 1259 761 1324 extendere
783 1262 824 1324 ad
847 1261 916 1325 eius
945 1260 1132 1343 amplitudi-
1184 1280 1298 1325 omnes
1320 1271 1460 1343 nostros,
1483 1261 1584 1326 miras
1603 1261 1702 1326 habet
1718 1260 1888 1326 illecebras
1907 1196 2012 1326 baton
2036 1261 2154 1342 quibus

161 1376 246 1431 nem,
271 1365 306 1419 ut
323 1373 383 1418 nos
405 1348 441 1412 in
464 1343 714 1410 admirationem
735 1347 848 1428 rapiat.
885 1347 989 1411 Porro
1011 1347 1131 1410 mirum
1184 1367 1244 1411 nos
1267 1347 1300 1410 in
1324 1347 1504 1412 vanitatem
1535 1346 1682 1412 abducat.
1729 1347 1836 1412 Simul
1867 1347 1954 1410 enim
1982 1366 2021 1412 ac
2043 1348 2155 1412 variae

160 1451 211 1506 est
233 1438 394 1523 quomodo
425 1435 460 1497 in
483 1442 628 1495 mentem
652 1433 781 1497 venerit
812 1451 928 1515 graeco
958 1433 1133 1515 interpreti
1184 1452 1260 1515 spes
1277 1432 1490 1515 obrepserint,
1510 1432 1592 1497 nibil
1612 1432 1789 1515 proclivius
1807 1440 1856 1498 est
1875 1453 1971 1514 quam
1990 1432 2155 1497 diffluere:

160 1535 298 1606 vertere,
326 1526 400 1592 Non
425 1517 502 1584 novi
525 1518 740 1582 literaturam.
785 1518 947 1601 lndignus
970 1540 1060 1584 error
1083 1526 1133 1583 est
1185 1529 1218 1582 et
1239 1518 1385 1600 quisquis
1408 1518 1472 1583 Dei
1493 1520 1600 1603 gratia
1622 1541 1687 1584 non
1709 1528 1891 1596 contentus,
1914 1519 1966 1584 vel
1988 1518 2155 1583 tantillum

160 1623 289 1691 notatu,
322 1610 387 1677 nisi
416 1602 503 1689 quod
532 1604 611 1669 olim
642 1603 776 1669 fanatici
804 1605 968 1682 homines,
1003 1615 1041 1669 ut
1070 1605 1132 1670 sibi
1184 1604 1321 1669 subsidii
1351 1604 1482 1670 aliunde
1512 1616 1669 1683 accersat,
1703 1605 1933 1670 documentum
1967 1625 2027 1670 suo
2060 1604 2156 1686 lapsu

160 1698 398 1784 applauderent
435 1693 472 1756 in
512 1709 573 1755 sua
610 1688 757 1773 inscitia,
797 1689 962 1756 iactabant
995 1689 1132 1756 Davidis
1184 1690 1257 1754 aliis
1286 1690 1452 1773 praebebit
1481 1712 1577 1772 quarn
1606 1691 1764 1757 evanidas
1793 1693 1859 1756 sint
1892 1710 2005 1756 omnes
2039 1692 2156 1755 mundi

159 1784 309 1869 exemplo
330 1775 535 1866 spernendas
557 1795 629 1842 esse
652 1796 765 1841 omnes
787 1778 907 1853 literas,
930 1778 1133 1843 etscientiae
1185 1775 1329 1841 fulturae
1360 1798 1442 1858 quae
1470 1777 1534 1841 Dei
1565 1777 1687 1842 auxilio
1717 1778 1907 1843 miscentur.
1953 1776 2050 1857 Quod
2072 1779 2101 1842 si
2123 1777 2156 1840 ic

160 1873 327 1938 liberales:
361 1868 448 1934 sicut
477 1860 577 1928 hodie
601 1863 837 1943 Anabaptistae
867 1884 931 1926 non
954 1863 1017 1927 alio
1041 1884 1133 1946 prae·
1185 1871 1321 1927 externo
1346 1864 1430 1927 vitae
1452 1872 1540 1928 statu
1586 1862 1701 1927 radum
1721 1864 1814 1929 aliter
1834 1870 1944 1928 tenere
1964 1885 2032 1927 non
2051 1863 2157 1944 potuit

160 1968 252 2024 textu
275 1979 309 2021 se
333 1975 391 2040 pro
414 1949 644 2036 spiritualibus
668 1947 849 2028 venditant,
870 1948 933 2013 nisi
956 1949 1042 2031 quod
1064 1969 1133 2012 om·
1184 1946 1306 2027 David,
1336 1969 1433 2031 quarn
1463 1970 1515 2032 se,
1549 1885 1704 2015 abdicatis
1733 1950 1883 2015 omnibus
1916 1948 1988 2015 aliis
2019 1950 2155 2031 fiduciis,

160 2045 211 2110 nis
234 2044 389 2109 scientiae
406 2045 487 2104 sunt
509 2043 672 2118 expertes.
1185 2033 1360 2100 reiiciendo
1382 2035 1416 2099 in
1439 2034 1502 2098 Dei
1524 2036 1700 2100 iustitiam:
1727 2036 1781 2100 ubi
1804 2035 1844 2100 de
1866 2035 2033 2117 spirituali
2055 2047 2156 2099 aeter·

249 2132 297 2193 16.
318 2124 483 2214 (facetiam
500 2122 535 2185 ia
553 2119 813 2206 fortitudinibus.)
843 2118 1020 2185 Commode
1035 2120 1143 2184 etiam·
1186 2141 1291 2201 neque
1310 2122 1378 2186 vita
1395 2120 1513 2203 agitur,
1537 2122 1564 2185 si
1583 2122 1634 2188 vel
1654 2121 1826 2186 minimum
1850 2119 1974 2204 delapsi
1996 2121 2157 2186 fuerimus

161 2225 294 2281 vortere
315 2217 401 2289 licet,
429 2203 600 2294 ingrediar
622 2206 658 2269 in
681 2204 898 2282 fortitudines,
930 2215 1027 2288 atque
1054 2206 1135 2271 haec
1185 2227 1204 2270 a
1233 2207 1338 2290 gratia
1371 2207 1450 2288 Dei,
1484 2207 1590 2289 qualis
1624 2208 1732 2273 futura
1765 2215 1815 2272 est
1847 2217 1961 2271 nostra
1995 2205 2154 2271 firmitas?

162 2301 389 2384 interpretatio
412 2318 478 2364 non
500 2292 610 2359 minus
632 2302 681 2357 est
700 2291 885 2373 probabilis.
922 2291 1028 2358 Sicuti
1045 2293 1134 2358 enim
1185 2291 1306 2376 Negari
1330 2294 1429 2374 igitur
1452 2314 1517 2357 non
1540 2303 1655 2376 potest,
1684 2294 1761 2376 quin
1792 2293 1924 2375 partitio
1948 2314 2048 2376 quam
2070 2295 2156 2357 inter

165 2388 200 2452 in
230 2387 381 2470 periculis
414 2385 540 2451 animos
575 2389 703 2443 nostros
736 2387 870 2461 occupat
899 2378 1072 2461 trepidatio
1102 2385 1135 2442 et
1185 2377 1322 2444 liberum
1353 2378 1524 2443 arbitrium
1551 2391 1583 2443 et
1605 2378 1668 2444 Dei
1696 2379 1837 2464 gratiam
1865 2379 2155 2444 comminiscuntur

164 2475 329 2554 anxietas,
363 2473 439 2555 quia
471 2465 513 2534 ad
543 2463 759 2548 reputandam
789 2465 850 2528 Dei
880 2465 1034 2529 virtutem
1068 2484 1133 2528 non
1186 2465 1340 2546 popisma,
1359 2465 1495 2529 miseras
1515 2465 1642 2532 animas
1659 2468 1692 2530 in
1712 2467 1841 2529 ruinam
1860 2465 2154 2548 praecipitesagat.

164 2561 243 2626 satis
265 2580 380 2627 sumus
411 2553 546 2621 attenti:
576 2554 624 2615 ita
645 2551 777 2615 unicum
801 2548 959 2615 levandae
981 2549 1015 2614 in
1039 2549 1134 2614 malis

164 2648 322 2711 anxietati
353 2642 533 2708 remedium
564 2646 628 2715 est,
658 2643 828 2718 penetrare
859 2635 891 2699 in
916 2636 978 2700 Dei
1007 2636 1133 2700 fortitu·
1273 2635 1322 2699 17.
1353 2634 1441 2700 Deua
1462 2637 1594 2702 dotabat
1615 2659 1663 2702 ute
1684 2659 1704 2702 a
1726 2637 1869 2719 pueritia
1891 2657 1969 2714 mea,
1997 2640 2026 2701 et
2046 2635 2156 2702 bucus-

165 2732 266 2812 dines,
295 2741 332 2796 ut
354 2752 414 2795 uos
437 2723 581 2806 undique
608 2720 769 2786 muniant.
815 2719 878 2785 Sed
908 2721 984 2803 quia
1013 2722 1134 2803 optime
1186 2741 1243 2802 que
1270 2721 1460 2786 caricatiubo
1487 2723 1649 2788 mirabilia
1676 2730 1740 2788 tua.
1793 2724 1842 2788 18.
1872 2723 1916 2787 Et
1942 2723 2037 2787 etiam
2058 2740 2155 2802 capae

164 2818 318 2884 convenit
347 2815 450 2880 altera
477 2812 572 2876 lectio
595 2827 677 2889 quae
699 2805 803 2890 magis
827 2819 955 2888 recepta
978 2817 1036 2884 est,
1069 2805 1133 2871 dis·
1186 2807 1229 2871 od
1250 2811 1428 2871 senedatem
1446 2813 1473 2871 et
1489 2809 1642 2888 canitiem,
1663 2808 1760 2887 Deua,
1781 2828 1820 2873 ae
1836 2810 1962 2874 deseras
1982 2828 2040 2887 me,
2062 2807 2156 2872 darec

164 2904 279 2969 cedere
309 2901 350 2966 ab
380 2921 418 2966 ea
447 2896 554 2973 nolui,
588 2913 772 2975 quanquam
806 2891 840 2956 in
874 2912 983 2958 sensu·
1007 2893 1134 2957 variant
1186 2893 1367 2957 annuntiem
1388 2894 1482 2957 robur
1499 2898 1588 2958 taum
1605 2896 1807 2977 promotioni,
1830 2894 1946 2961 salutis
1964 2894 2156 2959 oeaimtibua

163 2990 371 3073 interpretes.
416 2981 558 3065 Quidam
580 2990 758 3062 exponunt,
789 2976 928 3043 Prodibo
950 2977 991 3042 ad
1014 2978 1133 3044 bellurn
1183 2979 1399 3059 fortitudinem
1420 2985 1516 3043 tuone.
1564 2980 1613 3045 19.
1637 2980 1681 3044 Et
1702 2981 1828 3046 iustitia
1850 2986 1913 3056 tuo,
1934 2978 2035 3051 Deus,
2056 2999 2154 3059 amque

162 3074 265 3142 fretus
289 3073 352 3139 Dei
376 3073 516 3138 virtute:
550 3064 636 3150 quod
658 3084 730 3129 meo
758 3063 877 3129 iudicio
901 3065 999 3130 nimis
1021 3064 1133 3129 restri—
1158 3104 1160 3115 ·
1185 3065 1220 3128 iu
1250 3065 1419 3130 excelsam:
1450 3066 1525 3146 quia
1552 3067 1656 3148 fecisti
1679 3067 1861 3150 caprifico:
1889 3067 1980 3133 Deua
2008 3066 2082 3146 qais
2110 3065 2154 3129 si·

163 3176 251 3228 ctum
275 3172 333 3226 est.
377 3156 533 3224 Incedere
563 3153 650 3218 enim
680 3150 872 3214 tantundem
897 3150 984 3216 valet
1006 3171 1133 3215 ac-ma·
1157 3118 1161 3223 l
1184 3150 1271 3215 milis
1292 3150 1373 3215 tibi?

164 3269 243 3314 nere
271 3248 304 3312 in
332 3246 426 3311 firmo
455 3263 493 3309 ac
519 3251 674 3325 perpetuo
702 3245 801 3301 statu.
845 3236 918 3300 Etsi
948 3239 1035 3301 enim
1067 3228 1161 3325 nonl

163 3334 234 3398 sine
256 3331 407 3396 molestia
430 3330 583 3393 nituntur
605 3321 726 3399 fideles,
750 3342 856 3404 neque
877 3324 1029 3389 alacriter
1051 3323 1133 3388 voli·
1158 3356 1160 3427 p
1274 3321 1321 3386 lt.
1345 3320 1447 3406 (Deus
1468 3323 1601 3389 domati
1622 3322 1692 3408 me.)
1732 3324 1856 3389 Iterum
1881 3324 1996 3390 recitat
2017 3336 2154 3405 quanto·

164 3432 254 3495 tant,
286 3419 365 3500 quin
395 3417 502 3497 potius
535 3431 613 3495 prae
645 3408 839 3474 lassitudine
872 3415 1022 3492 gemunt:
1057 3408 1135 3491 quia
1158 3436 1161 3523 p
1186 3429 1262 3490 pore
1284 3407 1458 3473 obstrictus
1480 3409 1522 3472 sit
1544 3410 1609 3474 Dei
1638 3411 1811 3486 beneficiis,
1842 3428 1906 3473 non
1937 3407 2031 3473 modo
2062 3422 2153 3481 uteo

164 3519 275 3570 tamen
306 3499 472 3569 obstacula
494 3508 526 3564 et
549 3495 757 3561 difficultates
786 3493 909 3561 invicta
937 3496 1037 3560 animi
1065 3516 1134 3557 ma·
1186 3495 1225 3558 ad
1249 3493 1484 3577 gratitudinem
1515 3495 1671 3572 hortetur,
1700 3495 1757 3560 sed
1780 3506 1817 3560 ut
1838 3515 1931 3576 spem
1957 3514 2052 3560 suam
2077 3514 2155 3557 con·

164 3589 340 3674 gnitudinc
368 3597 541 3670 superant,
571 3603 675 3663 neque
698 3580 919 3664 retrocedunt,
950 3601 1056 3663 noque
1078 3580 1134 3644 de·
1186 3581 1291 3644 tinuet
1312 3578 1512 3643 infuturum
1533 3590 1670 3662 tempus,
1691 3581 1785 3647 sicuti
1805 3581 1935 3663 patebit
1948 3601 1989 3645 ex
2007 3580 2155 3663 proximo

164 3677 289 3744 elinant
311 3697 331 3740 a
352 3686 441 3739 recta
463 3676 531 3754 via,
561 3668 675 3734 saltem
706 3666 931 3748 desperatione
962 3688 1026 3731 non
1059 3687 1135 3730 oon·
1187 3685 1291 3729 versu.
1326 3663 1396 3727 lam
1415 3684 1517 3747 quum
1537 3666 1627 3730 Deus
1650 3675 1715 3731 tam
1737 3667 1835 3731 verbo
1857 3687 1955 3748 quarn
1978 3665 2072 3731 factis
2095 3685 2154 3729 nos

165 3763 287 3840 cidunt,
309 3760 383 3825 ideo
406 3758 560 3823 dicuntur
582 3773 728 3837 pergere,
752 3752 855 3819 donec
878 3774 1010 3819 cursum
1028 3750 1134 3816 absol·
1187 3750 1313 3825 doceat,
1344 3748 1519 3814 secundam
1549 3752 1691 3832 speciem
1722 3753 1774 3818 hio
1803 3753 1909 3816 notari
1942 3761 2068 3817 eertum
2096 3767 2154 3825 est,

167 3850 284 3914 verint.
328 3846 369 3911 ln
398 3864 542 3925 summa,
573 3841 730 3924 gloriatur
759 3838 867 3905 David
899 3861 935 3904 se
965 3857 1134 3919 nunquam
1187 3833 1273 3917 quod
1291 3833 1448 3900 sciliceta
1464 3837 1605 3915 pueritia
1625 3837 1904 3919 usqueeontinuis
1922 3836 2155 3919 experimentis

167 3935 361 4000 frustratum
391 3932 432 3997 iri
453 3929 519 3995 Dei
541 3926 672 4004 auxilio,
701 3923 802 3990 donec
824 3925 865 3990 ad
887 3938 1008 3991 metam
1036 3923 1136 4007 perti·
1187 3920 1337 3986 didicerit
1358 3918 1479 3998 David,
1509 3921 1591 3985 nihil
1615 3923 1732 3989 melius
1755 3942 1944 4006 essequam
1967 3923 2156 3989 recumbere

134 4021 261 4102 'gerit
306 4017 393 4098 Quia
421 4028 532 4082 autem
563 4011 644 4077 nihil
673 4012 708 4075 in
736 4011 797 4076 hae
827 4021 917 4077 tanta
946 4009 1136 4075 infirmitate
1187 4009 1219 4070 in
1247 4026 1349 4070 unum
1374 4005 1489 4071 Deum.
1534 4007 1638 4072 Porro
1667 4029 1709 4074 ne
1739 4030 1884 4091 unquam
1914 4009 2064 4091 privetur
2095 4009 2156 4073 hac

165 4104 333 4170 difficilius
355 4103 408 4168 vel
430 4102 536 4166 rarius
558 4111 618 4174 est,
649 4116 746 4180 quarn
771 4117 988 4179 perseverare,
1019 4114 1135 4161 sensus
1188 4093 1268 4157 reali
1301 4092 1466 4167 doctrina,
1500 4101 1640 4157 testatur
1672 4116 1707 4160 se
1740 4096 1773 4159 in
1804 4117 1843 4160 ea
1876 4095 1937 4160 rite
1970 4094 2155 4178 profecisse.

166 4210 281 4256 omnes
303 4209 379 4254 suos
401 4186 529 4270 colligit
550 4182 592 4249 ad
615 4204 714 4248 unam
736 4183 799 4249 Dei
823 4183 991 4248 iustitiam.
1038 4178 1135 4261 Quod
1160 4170 1163 4217 t
1188 4178 1272 4242 Nam
1296 4180 1329 4240 in
1353 4176 1440 4243 hune
1462 4178 1560 4242 finem
1583 4180 1781 4245 mirabilium
1805 4181 1868 4246 Dei
1896 4201 1931 4246 se
1960 4200 2156 4263 praeconem

165 4278 255 4342 enim
284 4295 320 4341 se
349 4285 477 4338 tantum
510 4270 598 4336 illius
630 4288 807 4334 memorem
841 4268 910 4333 fore
943 4267 1038 4343 dicit,
1073 4265 1136 4329 huc
1160 4222 1163 4341 l
1187 4266 1255 4329 foro
1286 4264 1374 4340 dicit,
1403 4284 1444 4326 ne
1466 4283 1526 4326 sua
1547 4263 1799 4346 ingratitudine,
1830 4267 2064 4332 beneficentiae
2092 4266 2156 4330 Dei

114 4384 116 4389 ·
165 4369 300 4447 spectat,
329 4380 365 4424 se
388 4357 511 4424 relictis
536 4355 688 4421 omnibus
717 4357 827 4437 pravis
850 4353 986 4429 fiduciis,
1017 4351 1136 4434 quibus
1161 4352 1164 4425 l
1187 4370 1317 4415 cursum
1349 4348 1531 4430 abrumpat.
1574 4349 1663 4415 Hinc
1692 4373 1769 4417 vero
1800 4352 1961 4435 dependet
1988 4352 2054 4417 ista
2083 4372 2157 4434 pre·

164 4460 252 4514 totus
276 4448 345 4512 fere
367 4442 509 4509 mundus
530 4442 771 4524 circumagitur,
795 4443 828 4505 in
851 4439 913 4504 Dei
937 4437 1136 4521 protectione
1160 4432 1164 4533 l
1188 4436 1284 4513 catio,
1315 4455 1355 4498 ne
1384 4434 1416 4497 in
1440 4455 1499 4498 sua
1521 4446 1687 4501 senectute
1713 4439 1854 4502 excidat.
1898 4437 1955 4504 Sic
1983 4437 2073 4503 enim
2103 4460 2157 4502 ra·

165 4533 236 4598 fore
259 4552 396 4616 prorsus
418 4529 572 4606 defixum,
601 4536 642 4590 no
665 4536 802 4610 vagetur
824 4536 898 4610 post
919 4545 995 4590 suas
1021 4521 1137 4602 imagi·
1188 4522 1375 4585 tiocinatur:
1399 4518 1510 4598 Quum
1527 4533 1559 4584 tc
1577 4520 1617 4585 ab
1635 4523 1729 4586 initio
1751 4544 1880 4605 semper
1901 4536 1970 4589 tarn
1987 4524 2158 4590 liberalem

166 4621 325 4693 nationes,
349 4616 404 4683 vel
427 4615 492 4693 hup
514 4624 547 4679 et
568 4611 647 4678 illue
669 4612 887 4677 abstrahatur.
927 4607 1137 4692 Augustinus
1188 4605 1382 4681 ostenderis,
1411 4601 1555 4682 oDeus,
1585 4628 1674 4674 nuuc
1695 4630 1796 4689 quum
1820 4631 1871 4674 mo
1894 4608 2033 4676 deficere
2057 4609 2159 4689 vides,

166 4705 240 4788 plus
262 4703 387 4770 centies
409 4700 451 4767 ad
473 4699 650 4766 evertenda
672 4718 805 4780 operum
828 4697 946 4761 merita
970 4695 1029 4759 boc
1047 4694 1136 4756 testi·
1189 4710 1268 4754 num
1292 4709 1425 4754 manum
1449 4691 1595 4773 porriges
1616 4693 1656 4757 ad
1675 4694 1926 4776 opitulandum?
1957 4697 2069 4777 Atque
2091 4716 2160 4760 om·

167 4793 276 4855 monio
299 4789 412 4862 utitur,
441 4793 475 4852 et
496 4786 714 4869 plausibiliter
736 4783 894 4848 iustitiam
924 4801 1007 4864 quae
1035 4778 1137 4863 gratis
1189 4776 1267 4839 nino
1290 4777 1337 4840 sic
1358 4774 1568 4840 statuendum
1591 4790 1650 4855 est,
1681 4792 1851 4863 postquam
1883 4800 1943 4846 nos
1970 4781 2080 4848 adhuc
2107 4783 2158 4846 in·

167 4898 188 4941 a
209 4875 281 4941 Deo
305 4874 453 4950 donatur,
476 4870 661 4937 meritoriae
683 4870 851 4933 hominum
875 4865 1018 4933 iustitiae
1040 4883 1138 4945 oppo-
1187 4861 1295 4926 fantes
1323 4861 1477 4944 dignatus
1502 4871 1551 4925 est
1573 4883 1683 4929 amore
1705 4886 1763 4930 suo
1788 4867 1891 4944 Deus,
1922 4887 2042 4949 pueros
2070 4886 2157 4932 oom-

169 4962 226 5040 nit,
258 4958 427 5025 fatendum
458 4967 567 5022 tamen
591 4965 650 5032 est,
681 4956 712 5018 in
737 4955 880 5018 alienum
911 4973 1042 5018 sensum
1071 4960 1136 5012 tor·
1188 4946 1305 5029 plexus
1336 4959 1384 5010 est
1413 4944 1525 5011 eodem
1556 4949 1684 5026 favore,
1714 4960 1844 5033 totoque
1875 4952 1964 5018 vitae
1993 4955 2159 5020 curriculo

169 5049 260 5129 queri
280 5045 381 5110 verba
398 5042 547 5121 Daridis,
570 5042 627 5125 qui
644 5040 835 5124 simpliciter
858 5038 1138 5121 intelligiturque
1162 5042 1165 5101 i
1190 5032 1377 5097 benefacere
1404 5051 1468 5095 non
1489 5031 1594 5111 desiit,
1622 5034 1696 5100 fieri
1723 5055 1790 5100 non
1812 5057 1907 5119 posse
1930 5038 2010 5121 quin
2032 5041 2095 5105 sibi
2116 5038 2157 5103 ad

169 5131 302 5198 consilio
325 5130 466 5214 proprio,
491 5148 595 5212 neque
616 5127 805 5206 industriae,
828 5145 934 5205 noque
951 5120 1067 5186 virtuti
1090 5123 1138 5181 in·
1162 5108 1167 5264 i
1189 5128 1371 5180 extremum
1402 5131 1537 5184 constet.
1582 5119 1660 5185 Ideo
1690 5121 1850 5204 particula
1872 5139 1918 5207 m
1948 5124 2076 5190 illative
2104 5146 2157 5190 ac·

169 5218 241 5296 niti,
264 5234 367 5298 neque
390 5214 465 5280 ullis
486 5215 611 5297 opibus,
635 5224 673 5278 ut
690 5232 801 5279 secure
824 5211 885 5275 sibi
903 5208 1041 5274 salutem
1064 5225 1138 5287 pro·
1190 5201 1324 5285 cipitur:
1347 5223 1385 5269 ae
1406 5204 1434 5268 si
1456 5203 1632 5289 colligeret,
1655 5205 1774 5288 Deum,
1796 5210 1889 5276 cuius
1910 5230 2078 5293 nunquam
2101 5231 2156 5277 ex·
