<?xml version="1.0" encoding="UTF-8"?>
<!DOCTYPE html PUBLIC "-//W3C//DTD XHTML 1.0 Transitional//EN"
    "http://www.w3.org/TR/xhtml1/DTD/xhtml1-transitional.dtd">
<html xmlns="http://www.w3.org/1999/xhtml" xml:lang="en" lang="en">
 <head>
  <title>
</title>
<meta http-equiv="Content-Type" content="text/html;charset=utf-8" />
  <meta name='ocr-system' content='tesseract 3.04.00' />
  <meta name='ocr-capabilities' content='ocr_page ocr_carea ocr_par ocr_line ocrx_word'/>
</head>
<body>
  <div class='ocr_page' id='page_1' title='image "./corpusreformato05melagoog/corpusreformato05melagoog_0146.png"; bbox 0 0 4658 5856; ppageno 0'>
   <div class='ocr_carea' id='block_1_1' title="bbox 165 400 2159 474">
    <p class='ocr_par' dir='ltr' id='par_1_1' title="bbox 165 400 2159 474">
     <span class='ocr_line' id='line_1_1' title="bbox 165 400 2159 474; baseline 0.003 -6"><span class='ocrx_word' id='word_1_1' title='bbox 165 400 228 469; x_wconf 79' lang='lat'><strong>293</strong></span> <span class='ocrx_word' id='word_1_2' title='bbox 977 401 1195 471; x_wconf 81' lang='lat' dir='ltr'>PSALMUS</span> <span class='ocrx_word' id='word_1_3' title='bbox 1217 404 1348 471; x_wconf 86' lang='lat' dir='ltr'>XXIX.</span> <span class='ocrx_word' id='word_1_4' title='bbox 2093 408 2159 474; x_wconf 81' lang='lat'><strong>294</strong></span> 
     </span>
    </p>
   </div>
   <div class='ocr_carea' id='block_1_2' title="bbox 86 530 2201 5459">
    <p class='ocr_par' dir='ltr' id='par_1_2' title="bbox 86 530 2201 5459">
     <span class='ocr_line' id='line_1_2' title="bbox 508 530 526 571; baseline 0 0"><span class='ocrx_word' id='word_1_5' title='bbox 508 530 526 571; x_wconf 77' lang='lat' dir='ltr'><strong>e</strong></span> 
     </span>
     <span class='ocr_line' id='line_1_3' title="bbox 166 592 2158 680; baseline 0 -19"><span class='ocrx_word' id='word_1_6' title='bbox 166 615 230 680; x_wconf 85' lang='lat' dir='ltr'><strong>gua</strong></span> <span class='ocrx_word' id='word_1_7' title='bbox 251 594 379 660; x_wconf 81' lang='lat' dir='ltr'><strong>efferre.</strong></span> <span class='ocrx_word' id='word_1_8' title='bbox 423 593 545 659; x_wconf 83' lang='lat' dir='ltr'><strong>Hostes</strong></span> <span class='ocrx_word' id='word_1_9' title='bbox 568 594 687 676; x_wconf 86' lang='lat' dir='ltr'><strong>quibus</strong></span> <span class='ocrx_word' id='word_1_10' title='bbox 709 592 852 658; x_wconf 86' lang='lat' dir='ltr'><strong>laetitiae</strong></span> <span class='ocrx_word' id='word_1_11' title='bbox 873 595 1045 658; x_wconf 78' lang='lat' dir='ltr'><strong>materiam</strong></span> <span class='ocrx_word' id='word_1_12' title='bbox 1067 614 1133 657; x_wconf 92' lang='lat' dir='ltr'><strong>non</strong></span> <span class='ocrx_word' id='word_1_13' title='bbox 1187 594 1275 658; x_wconf 90' lang='lat' dir='ltr'><strong>enim</strong></span> <span class='ocrx_word' id='word_1_14' title='bbox 1302 592 1433 676; x_wconf 75' lang='lat' dir='ltr'><strong>adoptio</strong></span> <span class='ocrx_word' id='word_1_15' title='bbox 1459 613 1515 659; x_wconf 92' lang='lat' dir='ltr'><strong>eos</strong></span> <span class='ocrx_word' id='word_1_16' title='bbox 1545 593 1586 659; x_wconf 89' lang='lat' dir='ltr'><strong>ad</strong></span> <span class='ocrx_word' id='word_1_17' title='bbox 1616 594 1849 660; x_wconf 85' lang='lat' dir='ltr'><strong>beneficentiae</strong></span> <span class='ocrx_word' id='word_1_18' title='bbox 1877 594 2023 660; x_wconf 88' lang='lat' dir='ltr'><strong>studium</strong></span> <span class='ocrx_word' id='word_1_19' title='bbox 2048 615 2158 661; x_wconf 89' lang='lat' dir='ltr'><strong>aecen-</strong></span> 
     </span>
     <span class='ocr_line' id='line_1_4' title="bbox 165 677 2157 764; baseline -0.001 -17"><span class='ocrx_word' id='word_1_20' title='bbox 165 682 265 747; x_wconf 77' lang='lat' dir='ltr'><strong>fnisse</strong></span> <span class='ocrx_word' id='word_1_21' title='bbox 281 679 462 764; x_wconf 74' lang='lat' dir='ltr'>praebitam</span> <span class='ocrx_word' id='word_1_22' title='bbox 480 677 569 759; x_wconf 89' lang='lat' dir='ltr'><strong>dicit,</strong></span> <span class='ocrx_word' id='word_1_23' title='bbox 593 688 658 744; x_wconf 91' lang='lat' dir='ltr'><strong>tam</strong></span> <span class='ocrx_word' id='word_1_24' title='bbox 678 678 870 745; x_wconf 89' lang='lat' dir='ltr'><strong>domesticos</strong></span> <span class='ocrx_word' id='word_1_25' title='bbox 888 699 984 762; x_wconf 90' lang='lat' dir='ltr'><strong>quam</strong></span> <span class='ocrx_word' id='word_1_26' title='bbox 1007 686 1135 744; x_wconf 88' lang='lat' dir='ltr'><strong>exteros</strong></span> <span class='ocrx_word' id='word_1_27' title='bbox 1187 678 1264 744; x_wconf 91' lang='lat' dir='ltr'><strong>dere</strong></span> <span class='ocrx_word' id='word_1_28' title='bbox 1285 678 1389 757; x_wconf 90' lang='lat' dir='ltr'><strong>debet,</strong></span> <span class='ocrx_word' id='word_1_29' title='bbox 1411 698 1476 761; x_wconf 92' lang='lat' dir='ltr'><strong>qno</strong></span> <span class='ocrx_word' id='word_1_30' title='bbox 1494 680 1596 763; x_wconf 87' lang='lat' dir='ltr'><strong>patris</strong></span> <span class='ocrx_word' id='word_1_31' title='bbox 1614 680 1783 763; x_wconf 80' lang='lat' dir='ltr'><strong>ingenium</strong></span> <span class='ocrx_word' id='word_1_32' title='bbox 1804 681 1957 760; x_wconf 82' lang='lat' dir='ltr'><strong>referant,</strong></span> <span class='ocrx_word' id='word_1_33' title='bbox 1979 681 2035 763; x_wconf 91' lang='lat' dir='ltr'><strong>qui</strong></span> <span class='ocrx_word' id='word_1_34' title='bbox 2054 682 2157 745; x_wconf 89' lang='lat' dir='ltr'><strong>solem</strong></span> 
     </span>
     <span class='ocr_line' id='line_1_5' title="bbox 166 763 2156 850; baseline 0.001 -20"><span class='ocrx_word' id='word_1_35' title='bbox 166 765 349 849; x_wconf 88' lang='lat' dir='ltr'><strong>intelligere</strong></span> <span class='ocrx_word' id='word_1_36' title='bbox 365 764 451 830; x_wconf 88' lang='lat' dir='ltr'><strong>lieet.</strong></span> <span class='ocrx_word' id='word_1_37' title='bbox 490 764 651 845; x_wconf 76' lang='lat' dir='ltr'><strong>Quamvis</strong></span> <span class='ocrx_word' id='word_1_38' title='bbox 669 766 756 829; x_wconf 92' lang='lat' dir='ltr'><strong>enim</strong></span> <span class='ocrx_word' id='word_1_39' title='bbox 774 763 914 849; x_wconf 86' lang='lat' dir='ltr'><strong>improbi</strong></span> <span class='ocrx_word' id='word_1_40' title='bbox 933 775 966 830; x_wconf 91' lang='lat' dir='ltr'><strong>et</strong></span> <span class='ocrx_word' id='word_1_41' title='bbox 982 763 1134 831; x_wconf 79' lang='lat' dir='ltr'><strong>malevoli</strong></span> <span class='ocrx_word' id='word_1_42' title='bbox 1186 784 1283 829; x_wconf 89' lang='lat' dir='ltr'><strong>snum</strong></span> <span class='ocrx_word' id='word_1_43' title='bbox 1305 764 1384 829; x_wconf 90' lang='lat' dir='ltr'><strong>oriri</strong></span> <span class='ocrx_word' id='word_1_44' title='bbox 1411 764 1488 831; x_wconf 84' lang='lat' dir='ltr'><strong>tacit</strong></span> <span class='ocrx_word' id='word_1_45' title='bbox 1517 766 1734 849; x_wconf 89' lang='lat' dir='ltr'><strong>superbonus</strong></span> <span class='ocrx_word' id='word_1_46' title='bbox 1756 777 1790 830; x_wconf 90' lang='lat' dir='ltr'><strong>et</strong></span> <span class='ocrx_word' id='word_1_47' title='bbox 1811 767 1925 850; x_wconf 88' lang='lat' dir='ltr'><strong>malos,</strong></span> <span class='ocrx_word' id='word_1_48' title='bbox 1948 767 2029 831; x_wconf 87' lang='lat' dir='ltr'><strong>Mat.</strong></span> <span class='ocrx_word' id='word_1_49' title='bbox 2052 765 2082 844; x_wconf 84' lang='lat' dir='ltr'><strong>b,</strong></span> <span class='ocrx_word' id='word_1_50' title='bbox 2103 766 2156 833; x_wconf 77' lang='lat'><strong>45,</strong></span> 
     </span>
     <span class='ocr_line' id='line_1_6' title="bbox 165 849 2158 935; baseline 0.001 -18"><span class='ocrx_word' id='word_1_51' title='bbox 165 851 279 918; x_wconf 81' lang='lat' dir='ltr'><strong>servili</strong></span> <span class='ocrx_word' id='word_1_52' title='bbox 301 850 487 917; x_wconf 69' lang='lat' dir='ltr'><strong>adulatione</strong></span> <span class='ocrx_word' id='word_1_53' title='bbox 516 871 592 916; x_wconf 91' lang='lat' dir='ltr'><strong>eum</strong></span> <span class='ocrx_word' id='word_1_54' title='bbox 625 850 805 927; x_wconf 67' lang='lat' dir='ltr'><strong>coluerint</strong></span> <span class='ocrx_word' id='word_1_55' title='bbox 828 849 990 916; x_wconf 86' lang='lat' dir='ltr'><strong>oecultum</strong></span> <span class='ocrx_word' id='word_1_56' title='bbox 1023 857 1134 915; x_wconf 76' lang='lat' dir='ltr'><strong>tamm</strong></span> <span class='ocrx_word' id='word_1_57' title='bbox 1186 849 1278 915; x_wconf 88' lang='lat' dir='ltr'><strong>Nihil</strong></span> <span class='ocrx_word' id='word_1_58' title='bbox 1312 857 1422 916; x_wconf 89' lang='lat' dir='ltr'><strong>autem</strong></span> <span class='ocrx_word' id='word_1_59' title='bbox 1454 859 1504 915; x_wconf 91' lang='lat' dir='ltr'><strong>est</strong></span> <span class='ocrx_word' id='word_1_60' title='bbox 1536 872 1599 934; x_wconf 91' lang='lat' dir='ltr'><strong>quo</strong></span> <span class='ocrx_word' id='word_1_61' title='bbox 1632 852 1765 935; x_wconf 88' lang='lat' dir='ltr'><strong>propius</strong></span> <span class='ocrx_word' id='word_1_62' title='bbox 1797 851 1837 915; x_wconf 93' lang='lat' dir='ltr'><strong>ad</strong></span> <span class='ocrx_word' id='word_1_63' title='bbox 1860 851 1967 916; x_wconf 93' lang='lat' dir='ltr'><strong>Deum</strong></span> <span class='ocrx_word' id='word_1_64' title='bbox 2003 853 2158 918; x_wconf 87' lang='lat' dir='ltr'><strong>accedant</strong></span> 
     </span>
     <span class='ocr_line' id='line_1_7' title="bbox 164 934 2156 1020; baseline 0 -17"><span class='ocrx_word' id='word_1_65' title='bbox 164 937 276 1003; x_wconf 92' lang='lat' dir='ltr'><strong>odium</strong></span> <span class='ocrx_word' id='word_1_66' title='bbox 298 935 463 1015; x_wconf 78' lang='lat' dir='ltr'><strong>fovebant,</strong></span> <span class='ocrx_word' id='word_1_67' title='bbox 491 945 529 1000; x_wconf 93' lang='lat' dir='ltr'><strong>ut</strong></span> <span class='ocrx_word' id='word_1_68' title='bbox 556 937 661 1020; x_wconf 89' lang='lat' dir='ltr'><strong>parati</strong></span> <span class='ocrx_word' id='word_1_69' title='bbox 691 944 800 1002; x_wconf 75' lang='lat' dir='ltr'><strong>essem</strong></span> <span class='ocrx_word' id='word_1_70' title='bbox 828 934 869 1001; x_wconf 93' lang='lat' dir='ltr'><strong>ad</strong></span> <span class='ocrx_word' id='word_1_71' title='bbox 899 935 1134 1013; x_wconf 91' lang='lat' dir='ltr'><strong>insultandum,</strong></span> <span class='ocrx_word' id='word_1_72' title='bbox 1187 935 1343 1016; x_wconf 90' lang='lat' dir='ltr'><strong>homines,</strong></span> <span class='ocrx_word' id='word_1_73' title='bbox 1366 955 1462 1019; x_wconf 91' lang='lat' dir='ltr'><strong>quam</strong></span> <span class='ocrx_word' id='word_1_74' title='bbox 1487 934 1710 1001; x_wconf 88' lang='lat' dir='ltr'><strong>beneficentia.</strong></span> <span class='ocrx_word' id='word_1_75' title='bbox 1754 936 1913 1002; x_wconf 83' lang='lat' dir='ltr'><strong>Memoria</strong></span> <span class='ocrx_word' id='word_1_76' title='bbox 1929 938 2105 1004; x_wconf 66' lang='lat' dir='ltr'><strong>sanctitatis</strong></span> <span class='ocrx_word' id='word_1_77' title='bbox 2123 939 2156 1003; x_wconf 90' lang='lat' dir='ltr'><strong>in</strong></span> 
     </span>
     <span class='ocr_line' id='line_1_8' title="bbox 165 1019 2156 1101; baseline 0.001 -13"><span class='ocrx_word' id='word_1_78' title='bbox 165 1023 193 1088; x_wconf 91' lang='lat' dir='ltr'><strong>si</strong></span> <span class='ocrx_word' id='word_1_79' title='bbox 222 1021 332 1088; x_wconf 90' lang='lat' dir='ltr'><strong>oblata</strong></span> <span class='ocrx_word' id='word_1_80' title='bbox 362 1023 479 1088; x_wconf 83' lang='lat' dir='ltr'><strong>fnisset</strong></span> <span class='ocrx_word' id='word_1_81' title='bbox 511 1022 645 1088; x_wconf 88' lang='lat' dir='ltr'><strong>occasio.</strong></span> <span class='ocrx_word' id='word_1_82' title='bbox 691 1020 843 1088; x_wconf 80' lang='lat' dir='ltr'><strong>Secundo</strong></span> <span class='ocrx_word' id='word_1_83' title='bbox 874 1042 974 1086; x_wconf 82' lang='lat' dir='ltr'><strong>versu</strong></span> <span class='ocrx_word' id='word_1_84' title='bbox 1006 1021 1135 1087; x_wconf 89' lang='lat' dir='ltr'><strong>ratiooi·</strong></span> <span class='ocrx_word' id='word_1_85' title='bbox 1187 1019 1330 1087; x_wconf 88' lang='lat' dir='ltr'><strong>seeundo</strong></span> <span class='ocrx_word' id='word_1_86' title='bbox 1358 1021 1505 1086; x_wconf 92' lang='lat' dir='ltr'><strong>membro</strong></span> <span class='ocrx_word' id='word_1_87' title='bbox 1538 1043 1661 1101; x_wconf 82' lang='lat' dir='ltr'><strong>versus,</strong></span> <span class='ocrx_word' id='word_1_88' title='bbox 1698 1022 1739 1087; x_wconf 93' lang='lat' dir='ltr'><strong>ad</strong></span> <span class='ocrx_word' id='word_1_89' title='bbox 1772 1022 2019 1088; x_wconf 89' lang='lat' dir='ltr'><strong>tabernaculum</strong></span> <span class='ocrx_word' id='word_1_90' title='bbox 2042 1023 2156 1089; x_wconf 84' lang='lat' dir='ltr'><strong>referri</strong></span> 
     </span>
     <span class='ocr_line' id='line_1_9' title="bbox 166 1106 2157 1193; baseline -0.001 -19"><span class='ocrx_word' id='word_1_91' title='bbox 166 1117 262 1174; x_wconf 87' lang='lat' dir='ltr'><strong>natur</strong></span> <span class='ocrx_word' id='word_1_92' title='bbox 293 1128 329 1173; x_wconf 87' lang='lat' dir='ltr'><strong>se</strong></span> <span class='ocrx_word' id='word_1_93' title='bbox 361 1106 425 1172; x_wconf 91' lang='lat' dir='ltr'><strong>Dei</strong></span> <span class='ocrx_word' id='word_1_94' title='bbox 458 1109 565 1193; x_wconf 91' lang='lat' dir='ltr'><strong>gratia</strong></span> <span class='ocrx_word' id='word_1_95' title='bbox 603 1108 732 1173; x_wconf 79' lang='lat' dir='ltr'><strong>salvum</strong></span> <span class='ocrx_word' id='word_1_96' title='bbox 767 1127 846 1185; x_wconf 87' lang='lat' dir='ltr'><strong>esee,</strong></span> <span class='ocrx_word' id='word_1_97' title='bbox 891 1109 967 1190; x_wconf 91' lang='lat' dir='ltr'><strong>quia</strong></span> <span class='ocrx_word' id='word_1_98' title='bbox 999 1108 1032 1171; x_wconf 90' lang='lat' dir='ltr'><strong>in</strong></span> <span class='ocrx_word' id='word_1_99' title='bbox 1065 1107 1135 1190; x_wconf 87' lang='lat' dir='ltr'><strong>ipso</strong></span> <span class='ocrx_word' id='word_1_100' title='bbox 1187 1115 1311 1189; x_wconf 84' lang='lat' dir='ltr'><strong>potest:</strong></span> <span class='ocrx_word' id='word_1_101' title='bbox 1339 1126 1376 1173; x_wconf 91' lang='lat' dir='ltr'><strong>ac</strong></span> <span class='ocrx_word' id='word_1_102' title='bbox 1405 1107 1433 1172; x_wconf 92' lang='lat' dir='ltr'><strong>si</strong></span> <span class='ocrx_word' id='word_1_103' title='bbox 1464 1106 1590 1173; x_wconf 86' lang='lat' dir='ltr'><strong>iuberet</strong></span> <span class='ocrx_word' id='word_1_104' title='bbox 1612 1108 1732 1189; x_wconf 83' lang='lat' dir='ltr'><strong>David,</strong></span> <span class='ocrx_word' id='word_1_105' title='bbox 1752 1129 1866 1173; x_wconf 92' lang='lat' dir='ltr'><strong>omnes</strong></span> <span class='ocrx_word' id='word_1_106' title='bbox 1887 1107 1951 1173; x_wconf 94' lang='lat' dir='ltr'><strong>Dei</strong></span> <span class='ocrx_word' id='word_1_107' title='bbox 1974 1108 2060 1175; x_wconf 90' lang='lat' dir='ltr'><strong>filios</strong></span> <span class='ocrx_word' id='word_1_108' title='bbox 2081 1130 2157 1191; x_wconf 92' lang='lat' dir='ltr'><strong>pro·</strong></span> 
     </span>
     <span class='ocr_line' id='line_1_10' title="bbox 166 1191 2157 1277; baseline -0.001 -18"><span class='ocrx_word' id='word_1_109' title='bbox 166 1194 279 1259; x_wconf 89' lang='lat' dir='ltr'><strong>mortis</strong></span> <span class='ocrx_word' id='word_1_110' title='bbox 299 1193 438 1260; x_wconf 89' lang='lat' dir='ltr'><strong>artioulo</strong></span> <span class='ocrx_word' id='word_1_111' title='bbox 459 1202 537 1258; x_wconf 87' lang='lat' dir='ltr'><strong>vota</strong></span> <span class='ocrx_word' id='word_1_112' title='bbox 558 1214 619 1259; x_wconf 89' lang='lat' dir='ltr'><strong>sua</strong></span> <span class='ocrx_word' id='word_1_113' title='bbox 647 1194 687 1259; x_wconf 89' lang='lat' dir='ltr'><strong>ed</strong></span> <span class='ocrx_word' id='word_1_114' title='bbox 710 1192 820 1258; x_wconf 91' lang='lat' dir='ltr'><strong>Deum</strong></span> <span class='ocrx_word' id='word_1_115' title='bbox 843 1214 945 1258; x_wconf 89' lang='lat' dir='ltr'><strong>unum</strong></span> <span class='ocrx_word' id='word_1_116' title='bbox 969 1193 1135 1272; x_wconf 85' lang='lat' dir='ltr'><strong>direxerit,</strong></span> <span class='ocrx_word' id='word_1_117' title='bbox 1187 1191 1257 1256; x_wconf 90' lang='lat' dir='ltr'><strong>dire</strong></span> <span class='ocrx_word' id='word_1_118' title='bbox 1275 1212 1382 1258; x_wconf 89' lang='lat' dir='ltr'><strong>eoram</strong></span> <span class='ocrx_word' id='word_1_119' title='bbox 1402 1214 1479 1258; x_wconf 89' lang='lat' dir='ltr'><strong>arca</strong></span> <span class='ocrx_word' id='word_1_120' title='bbox 1495 1192 1645 1274; x_wconf 80' lang='lat' dir='ltr'><strong>foederis,</strong></span> <span class='ocrx_word' id='word_1_121' title='bbox 1668 1214 1751 1276; x_wconf 90' lang='lat' dir='ltr'><strong>quae</strong></span> <span class='ocrx_word' id='word_1_122' title='bbox 1768 1193 1956 1259; x_wconf 80' lang='lat' dir='ltr'><strong>memoriale</strong></span> <span class='ocrx_word' id='word_1_123' title='bbox 1975 1202 2047 1259; x_wconf 89' lang='lat' dir='ltr'><strong>erat</strong></span> <span class='ocrx_word' id='word_1_124' title='bbox 2064 1214 2157 1277; x_wconf 90' lang='lat' dir='ltr'><strong>prae-</strong></span> 
     </span>
     <span class='ocr_line' id='line_1_11' title="bbox 166 1277 2157 1364; baseline 0 -18"><span class='ocrx_word' id='word_1_125' title='bbox 166 1301 203 1346; x_wconf 91' lang='lat' dir='ltr'><strong>ao</strong></span> <span class='ocrx_word' id='word_1_126' title='bbox 223 1286 358 1363; x_wconf 88' lang='lat' dir='ltr'><strong>repente</strong></span> <span class='ocrx_word' id='word_1_127' title='bbox 379 1281 519 1344; x_wconf 74' lang='lat' dir='ltr'><strong>senserit</strong></span> <span class='ocrx_word' id='word_1_128' title='bbox 540 1300 606 1345; x_wconf 90' lang='lat' dir='ltr'><strong>non</strong></span> <span class='ocrx_word' id='word_1_129' title='bbox 630 1280 753 1345; x_wconf 82' lang='lat' dir='ltr'><strong>frustra</strong></span> <span class='ocrx_word' id='word_1_130' title='bbox 773 1300 809 1346; x_wconf 91' lang='lat' dir='ltr'><strong>ee</strong></span> <span class='ocrx_word' id='word_1_131' title='bbox 832 1277 866 1342; x_wconf 91' lang='lat' dir='ltr'><strong>id</strong></span> <span class='ocrx_word' id='word_1_132' title='bbox 883 1279 1005 1345; x_wconf 87' lang='lat' dir='ltr'><strong>ieoisse.</strong></span> <span class='ocrx_word' id='word_1_133' title='bbox 1049 1278 1135 1343; x_wconf 91' lang='lat' dir='ltr'><strong>Nam</strong></span> <span class='ocrx_word' id='word_1_134' title='bbox 1187 1277 1312 1343; x_wconf 91' lang='lat' dir='ltr'><strong>sentiae</strong></span> <span class='ocrx_word' id='word_1_135' title='bbox 1333 1277 1407 1343; x_wconf 89' lang='lat' dir='ltr'><strong>Dei.</strong></span> <span class='ocrx_word' id='word_1_136' title='bbox 1451 1279 1567 1345; x_wconf 84' lang='lat' dir='ltr'><strong>Litora</strong></span> <span class='ocrx_word' id='word_1_137' title='bbox 1598 1280 1687 1344; x_wconf 91' lang='lat' dir='ltr'><strong>enim</strong></span> <span class='ocrx_word' id='word_1_138' title='bbox 1722 1281 1740 1364; x_wconf 66' lang='grc'>5</span> <span class='ocrx_word' id='word_1_139' title='bbox 1769 1280 1874 1345; x_wconf 89' lang='lat' dir='ltr'><strong>locum</strong></span> <span class='ocrx_word' id='word_1_140' title='bbox 1897 1301 1993 1361; x_wconf 89' lang='lat' dir='ltr'><strong>saepe</strong></span> <span class='ocrx_word' id='word_1_141' title='bbox 2016 1279 2157 1346; x_wconf 84' lang='lat' dir='ltr'><strong>denotat</strong></span> 
     </span>
     <span class='ocr_line' id='line_1_12' title="bbox 165 1363 2157 1447; baseline -0.001 -17"><span class='ocrx_word' id='word_1_142' title='bbox 165 1366 241 1431; x_wconf 90' lang='lat' dir='ltr'><strong>hine</strong></span> <span class='ocrx_word' id='word_1_143' title='bbox 270 1363 391 1430; x_wconf 89' lang='lat' dir='ltr'><strong>certine</strong></span> <span class='ocrx_word' id='word_1_144' title='bbox 423 1363 616 1446; x_wconf 88' lang='lat' dir='ltr'><strong>colligimus,</strong></span> <span class='ocrx_word' id='word_1_145' title='bbox 649 1365 757 1430; x_wconf 91' lang='lat' dir='ltr'><strong>Deum</strong></span> <span class='ocrx_word' id='word_1_146' title='bbox 791 1364 883 1430; x_wconf 91' lang='lat' dir='ltr'><strong>nobis</strong></span> <span class='ocrx_word' id='word_1_147' title='bbox 916 1364 1032 1430; x_wconf 89' lang='lat' dir='ltr'><strong>salutis</strong></span> <span class='ocrx_word' id='word_1_148' title='bbox 1064 1384 1135 1429; x_wconf 89' lang='lat' dir='ltr'><strong>esse</strong></span> <span class='ocrx_word' id='word_1_149' title='bbox 1187 1363 1346 1428; x_wconf 84' lang='lat' dir='ltr'><strong>Libenter</strong></span> <span class='ocrx_word' id='word_1_150' title='bbox 1369 1373 1478 1429; x_wconf 91' lang='lat' dir='ltr'><strong>tamen</strong></span> <span class='ocrx_word' id='word_1_151' title='bbox 1502 1384 1615 1430; x_wconf 91' lang='lat' dir='ltr'><strong>eorum</strong></span> <span class='ocrx_word' id='word_1_152' title='bbox 1634 1367 1817 1431; x_wconf 88' lang='lat' dir='ltr'><strong>sententiae</strong></span> <span class='ocrx_word' id='word_1_153' title='bbox 1835 1364 2014 1447; x_wconf 87' lang='lat' dir='ltr'><strong>subscribo,</strong></span> <span class='ocrx_word' id='word_1_154' title='bbox 2037 1364 2157 1447; x_wconf 91' lang='lat' dir='ltr'><strong>quibus</strong></span> 
     </span>
     <span class='ocr_line' id='line_1_13' title="bbox 165 1449 2157 1532; baseline 0 -16"><span class='ocrx_word' id='word_1_155' title='bbox 165 1461 321 1527; x_wconf 88' lang='lat' dir='ltr'><strong>autorem,</strong></span> <span class='ocrx_word' id='word_1_156' title='bbox 350 1449 407 1515; x_wconf 88' lang='lat' dir='ltr'><strong>ubi</strong></span> <span class='ocrx_word' id='word_1_157' title='bbox 435 1470 547 1532; x_wconf 89' lang='lat' dir='ltr'><strong>preces</strong></span> <span class='ocrx_word' id='word_1_158' title='bbox 574 1460 705 1521; x_wconf 68' lang='lat' dir='ltr'><strong>noemae</strong></span> <span class='ocrx_word' id='word_1_159' title='bbox 731 1449 909 1517; x_wconf 83' lang='lat' dir='ltr'><strong>exaudivit.</strong></span> <span class='ocrx_word' id='word_1_160' title='bbox 959 1449 1133 1516; x_wconf 83' lang='lat' dir='ltr'><strong>anternm</strong></span> <span class='ocrx_word' id='word_1_161' title='bbox 1188 1451 1344 1514; x_wconf 91' lang='lat' dir='ltr'><strong>memoria</strong></span> <span class='ocrx_word' id='word_1_162' title='bbox 1372 1449 1565 1515; x_wconf 90' lang='lat' dir='ltr'><strong>tantundem</strong></span> <span class='ocrx_word' id='word_1_163' title='bbox 1594 1449 1683 1515; x_wconf 88' lang='lat' dir='ltr'><strong>valet</strong></span> <span class='ocrx_word' id='word_1_164' title='bbox 1704 1472 1742 1517; x_wconf 91' lang='lat' dir='ltr'><strong>ao</strong></span> <span class='ocrx_word' id='word_1_165' title='bbox 1763 1472 1892 1530; x_wconf 93' lang='lat' dir='ltr'><strong>nomen,</strong></span> <span class='ocrx_word' id='word_1_166' title='bbox 1925 1462 1958 1515; x_wconf 93' lang='lat' dir='ltr'><strong>et</strong></span> <span class='ocrx_word' id='word_1_167' title='bbox 1979 1460 2067 1515; x_wconf 82' lang='lat' dir='ltr'><strong>certe</strong></span> <span class='ocrx_word' id='word_1_168' title='bbox 2088 1452 2157 1516; x_wconf 92' lang='lat' dir='ltr'><strong>suis</strong></span> 
     </span>
     <span class='ocr_line' id='line_1_14' title="bbox 165 1534 2157 1620; baseline -0.001 -18"><span class='ocrx_word' id='word_1_169' title='bbox 165 1537 243 1619; x_wconf 91' lang='lat' dir='ltr'><strong>quia</strong></span> <span class='ocrx_word' id='word_1_170' title='bbox 263 1536 399 1602; x_wconf 87' lang='lat' dir='ltr'><strong>verbnm</strong></span> <span class='ocrx_word' id='word_1_171' title='bbox 429 1551 510 1620; x_wconf 62' lang='lat' dir='ltr'><strong>xm</strong></span> <span class='ocrx_word' id='word_1_172' title='bbox 539 1535 701 1602; x_wconf 81' lang='lat' dir='ltr'><strong>Hebraeis</strong></span> <span class='ocrx_word' id='word_1_173' title='bbox 730 1536 894 1620; x_wconf 88' lang='lat' dir='ltr'><strong>signifieat</strong></span> <span class='ocrx_word' id='word_1_174' title='bbox 922 1556 1046 1617; x_wconf 80' lang='lat' dir='ltr'><strong>sanare,</strong></span> <span class='ocrx_word' id='word_1_175' title='bbox 1073 1534 1135 1601; x_wconf 90' lang='lat' dir='ltr'><strong>hae</strong></span> <span class='ocrx_word' id='word_1_176' title='bbox 1187 1534 1338 1617; x_wconf 85' lang='lat' dir='ltr'><strong>operibus</strong></span> <span class='ocrx_word' id='word_1_177' title='bbox 1360 1535 1604 1602; x_wconf 88' lang='lat' dir='ltr'><strong>memorabilem</strong></span> <span class='ocrx_word' id='word_1_178' title='bbox 1634 1557 1669 1602; x_wconf 90' lang='lat' dir='ltr'><strong>se</strong></span> <span class='ocrx_word' id='word_1_179' title='bbox 1698 1537 1790 1602; x_wconf 90' lang='lat' dir='ltr'><strong>Deus</strong></span> <span class='ocrx_word' id='word_1_180' title='bbox 1811 1536 1927 1615; x_wconf 87' lang='lat' dir='ltr'><strong>reddit,</strong></span> <span class='ocrx_word' id='word_1_181' title='bbox 1957 1537 2009 1602; x_wconf 93' lang='lat' dir='ltr'><strong>ubi</strong></span> <span class='ocrx_word' id='word_1_182' title='bbox 2034 1534 2157 1602; x_wconf 89' lang='lat' dir='ltr'><strong>relucet</strong></span> 
     </span>
     <span class='ocr_line' id='line_1_15' title="bbox 166 1619 2156 1705; baseline 0 -18"><span class='ocrx_word' id='word_1_183' title='bbox 166 1622 292 1688; x_wconf 76' lang='lat' dir='ltr'><strong>ntione</strong></span> <span class='ocrx_word' id='word_1_184' title='bbox 334 1620 459 1686; x_wconf 90' lang='lat' dir='ltr'><strong>inducti</strong></span> <span class='ocrx_word' id='word_1_185' title='bbox 499 1632 579 1687; x_wconf 90' lang='lat' dir='ltr'><strong>sunt</strong></span> <span class='ocrx_word' id='word_1_186' title='bbox 609 1622 807 1704; x_wconf 87' lang='lat' dir='ltr'><strong>interpretes</strong></span> <span class='ocrx_word' id='word_1_187' title='bbox 839 1630 879 1686; x_wconf 92' lang='lat' dir='ltr'><strong>ut</strong></span> <span class='ocrx_word' id='word_1_188' title='bbox 911 1621 952 1686; x_wconf 92' lang='lat' dir='ltr'><strong>ad</strong></span> <span class='ocrx_word' id='word_1_189' title='bbox 985 1619 1134 1687; x_wconf 89' lang='lat' dir='ltr'><strong>morbum</strong></span> <span class='ocrx_word' id='word_1_190' title='bbox 1187 1619 1310 1703; x_wconf 88' lang='lat' dir='ltr'><strong>gloriae</strong></span> <span class='ocrx_word' id='word_1_191' title='bbox 1331 1620 1401 1687; x_wconf 89' lang='lat' dir='ltr'><strong>ains</strong></span> <span class='ocrx_word' id='word_1_192' title='bbox 1429 1621 1547 1705; x_wconf 91' lang='lat' dir='ltr'><strong>imago,</strong></span> <span class='ocrx_word' id='word_1_193' title='bbox 1574 1622 1666 1687; x_wconf 91' lang='lat' dir='ltr'><strong>onius</strong></span> <span class='ocrx_word' id='word_1_194' title='bbox 1693 1623 1814 1687; x_wconf 90' lang='lat' dir='ltr'><strong>intuitu</strong></span> <span class='ocrx_word' id='word_1_195' title='bbox 1844 1641 1903 1688; x_wconf 88' lang='lat' dir='ltr'><strong>noe</strong></span> <span class='ocrx_word' id='word_1_196' title='bbox 1925 1621 1965 1687; x_wconf 88' lang='lat' dir='ltr'><strong>ad</strong></span> <span class='ocrx_word' id='word_1_197' title='bbox 1989 1643 2064 1686; x_wconf 93' lang='lat' dir='ltr'><strong>enm</strong></span> <span class='ocrx_word' id='word_1_198' title='bbox 2085 1620 2156 1687; x_wconf 89' lang='lat' dir='ltr'><strong>lau·</strong></span> 
     </span>
     <span class='ocr_line' id='line_1_16' title="bbox 166 1705 1750 1791; baseline 0.001 -18"><span class='ocrx_word' id='word_1_199' title='bbox 166 1707 411 1788; x_wconf 85' lang='lat' dir='ltr'><strong>restringerent.</strong></span> <span class='ocrx_word' id='word_1_200' title='bbox 456 1707 523 1773; x_wconf 87' lang='lat' dir='ltr'><strong>Sed</strong></span> <span class='ocrx_word' id='word_1_201' title='bbox 546 1708 623 1790; x_wconf 89' lang='lat' dir='ltr'><strong>quia</strong></span> <span class='ocrx_word' id='word_1_202' title='bbox 639 1720 766 1774; x_wconf 89' lang='lat' dir='ltr'><strong>certum</strong></span> <span class='ocrx_word' id='word_1_203' title='bbox 784 1717 842 1785; x_wconf 87' lang='lat' dir='ltr'><strong>est,</strong></span> <span class='ocrx_word' id='word_1_204' title='bbox 865 1705 1032 1773; x_wconf 88' lang='lat' dir='ltr'><strong>interdum</strong></span> <span class='ocrx_word' id='word_1_205' title='bbox 1048 1706 1134 1771; x_wconf 90' lang='lat' dir='ltr'><strong>sumi</strong></span> <span class='ocrx_word' id='word_1_206' title='bbox 1188 1705 1332 1770; x_wconf 93' lang='lat' dir='ltr'><strong>dandum</strong></span> <span class='ocrx_word' id='word_1_207' title='bbox 1354 1708 1567 1791; x_wconf 88' lang='lat' dir='ltr'><strong>expergefieri</strong></span> <span class='ocrx_word' id='word_1_208' title='bbox 1588 1708 1750 1774; x_wconf 82' lang='lat' dir='ltr'><strong>convenit.</strong></span> 
     </span>
     <span class='ocr_line' id='line_1_17' title="bbox 166 1790 2157 1878; baseline -0.001 -19"><span class='ocrx_word' id='word_1_209' title='bbox 166 1812 223 1876; x_wconf 93' lang='lat' dir='ltr'><strong>pro</strong></span> <span class='ocrx_word' id='word_1_210' title='bbox 245 1792 428 1870; x_wconf 78' lang='lat' dir='ltr'><strong>restituere,</strong></span> <span class='ocrx_word' id='word_1_211' title='bbox 457 1793 524 1858; x_wconf 92' lang='lat' dir='ltr'><strong>imo</strong></span> <span class='ocrx_word' id='word_1_212' title='bbox 546 1792 587 1857; x_wconf 90' lang='lat' dir='ltr'><strong>ad</strong></span> <span class='ocrx_word' id='word_1_213' title='bbox 610 1792 712 1858; x_wconf 87' lang='lat' dir='ltr'><strong>altare</strong></span> <span class='ocrx_word' id='word_1_214' title='bbox 734 1792 786 1858; x_wconf 82' lang='lat' dir='ltr'><strong>vel</strong></span> <span class='ocrx_word' id='word_1_215' title='bbox 809 1790 940 1858; x_wconf 92' lang='lat' dir='ltr'><strong>domum</strong></span> <span class='ocrx_word' id='word_1_216' title='bbox 964 1790 1134 1858; x_wconf 79' lang='lat' dir='ltr'><strong>transferri</strong></span> <span class='ocrx_word' id='word_1_217' title='bbox 1272 1793 1303 1856; x_wconf 89' lang='grc'><strong>6.</strong></span> <span class='ocrx_word' id='word_1_218' title='bbox 1326 1790 1426 1877; x_wconf 77' lang='lat' dir='ltr'><strong>(Quia</strong></span> <span class='ocrx_word' id='word_1_219' title='bbox 1455 1798 1640 1859; x_wconf 77' lang='lat' dir='ltr'><strong>momentum</strong></span> <span class='ocrx_word' id='word_1_220' title='bbox 1669 1794 1704 1858; x_wconf 80' lang='lat' dir='ltr'><strong>in</strong></span> <span class='ocrx_word' id='word_1_221' title='bbox 1735 1792 1810 1878; x_wconf 85' lang='lat' dir='ltr'><strong>ira.)</strong></span> <span class='ocrx_word' id='word_1_222' title='bbox 1855 1792 1966 1858; x_wconf 88' lang='lat' dir='ltr'><strong>Vitam</strong></span> <span class='ocrx_word' id='word_1_223' title='bbox 1990 1800 2157 1858; x_wconf 91' lang='lat' dir='ltr'><strong>momento</strong></span> 
     </span>
     <span class='ocr_line' id='line_1_18' title="bbox 166 1878 2201 1963; baseline 0 -19"><span class='ocrx_word' id='word_1_224' title='bbox 166 1878 220 1946; x_wconf 91' lang='lat' dir='ltr'><strong>nbi</strong></span> <span class='ocrx_word' id='word_1_225' title='bbox 242 1878 492 1943; x_wconf 78' lang='lat' dir='ltr'><strong>instaurationis</strong></span> <span class='ocrx_word' id='word_1_226' title='bbox 521 1879 560 1943; x_wconf 92' lang='lat' dir='ltr'><strong>fit</strong></span> <span class='ocrx_word' id='word_1_227' title='bbox 580 1879 721 1943; x_wconf 90' lang='lat' dir='ltr'><strong>mentio:</strong></span> <span class='ocrx_word' id='word_1_228' title='bbox 751 1885 825 1961; x_wconf 92' lang='lat' dir='ltr'><strong>apto</strong></span> <span class='ocrx_word' id='word_1_229' title='bbox 856 1878 909 1945; x_wconf 91' lang='lat' dir='ltr'><strong>bio</strong></span> <span class='ocrx_word' id='word_1_230' title='bbox 931 1879 971 1943; x_wconf 93' lang='lat' dir='ltr'><strong>de</strong></span> <span class='ocrx_word' id='word_1_231' title='bbox 993 1878 1135 1962; x_wconf 89' lang='lat' dir='ltr'><strong>quelibet</strong></span> <span class='ocrx_word' id='word_1_232' title='bbox 1187 1879 1315 1960; x_wconf 91' lang='lat' dir='ltr'><strong>opponi,</strong></span> <span class='ocrx_word' id='word_1_233' title='bbox 1344 1887 1438 1943; x_wconf 90' lang='lat' dir='ltr'><strong>extra</strong></span> <span class='ocrx_word' id='word_1_234' title='bbox 1459 1879 1715 1944; x_wconf 86' lang='lat' dir='ltr'><strong>controversiam</strong></span> <span class='ocrx_word' id='word_1_235' title='bbox 1738 1892 1797 1957; x_wconf 89' lang='lat' dir='ltr'><strong>est,</strong></span> <span class='ocrx_word' id='word_1_236' title='bbox 1821 1878 1957 1962; x_wconf 90' lang='lat' dir='ltr'><strong>ideoque</strong></span> <span class='ocrx_word' id='word_1_237' title='bbox 1978 1899 2038 1963; x_wconf 91' lang='lat' dir='ltr'><strong>pro</strong></span> <span class='ocrx_word' id='word_1_238' title='bbox 2059 1878 2158 1962; x_wconf 90' lang='lat' dir='ltr'><strong>longa</strong></span> <span class='ocrx_word' id='word_1_239' title='bbox 2199 1926 2201 1930; x_wconf 68' lang='lat'><strong>,</strong></span> 
     </span>
     <span class='ocr_line' id='line_1_19' title="bbox 165 1960 2158 2047; baseline 0 -18"><span class='ocrx_word' id='word_1_240' title='bbox 165 1963 357 2030; x_wconf 85' lang='lat' dir='ltr'><strong>liberatione</strong></span> <span class='ocrx_word' id='word_1_241' title='bbox 386 1984 549 2046; x_wconf 88' lang='lat' dir='ltr'><strong>exponere</strong></span> <span class='ocrx_word' id='word_1_242' title='bbox 577 1963 696 2030; x_wconf 88' lang='lat' dir='ltr'><strong>licebit.</strong></span> <span class='ocrx_word' id='word_1_243' title='bbox 748 1963 862 2047; x_wconf 89' lang='lat' dir='ltr'><strong>Neque</strong></span> <span class='ocrx_word' id='word_1_244' title='bbox 895 1965 983 2029; x_wconf 90' lang='lat' dir='ltr'><strong>enim</strong></span> <span class='ocrx_word' id='word_1_245' title='bbox 1006 1972 1132 2029; x_wconf 89' lang='lat' dir='ltr'><strong>tantum</strong></span> <span class='ocrx_word' id='word_1_246' title='bbox 1187 1960 1368 2041; x_wconf 87' lang='lat' dir='ltr'><strong>duratione,</strong></span> <span class='ocrx_word' id='word_1_247' title='bbox 1390 1964 1444 2029; x_wconf 81' lang='lat' dir='ltr'><strong>vel</strong></span> <span class='ocrx_word' id='word_1_248' title='bbox 1467 1965 1622 2031; x_wconf 84' lang='lat' dir='ltr'><strong>continuo</strong></span> <span class='ocrx_word' id='word_1_249' title='bbox 1645 1964 1790 2030; x_wconf 91' lang='lat' dir='ltr'><strong>diuturni</strong></span> <span class='ocrx_word' id='word_1_250' title='bbox 1808 1965 1967 2047; x_wconf 89' lang='lat' dir='ltr'><strong>temporis</strong></span> <span class='ocrx_word' id='word_1_251' title='bbox 1984 1983 2158 2047; x_wconf 89' lang='lat' dir='ltr'><strong>progressu</strong></span> 
     </span>
     <span class='ocr_line' id='line_1_20' title="bbox 165 2048 2157 2133; baseline -0.001 -17"><span class='ocrx_word' id='word_1_252' title='bbox 165 2052 198 2116; x_wconf 93' lang='lat' dir='ltr'><strong>in</strong></span> <span class='ocrx_word' id='word_1_253' title='bbox 219 2049 341 2116; x_wconf 84' lang='lat' dir='ltr'><strong>morbis</strong></span> <span class='ocrx_word' id='word_1_254' title='bbox 362 2050 567 2132; x_wconf 84' lang='lat' dir='ltr'><strong>periclitatur</strong></span> <span class='ocrx_word' id='word_1_255' title='bbox 589 2049 733 2115; x_wconf 89' lang='lat' dir='ltr'><strong>huminis</strong></span> <span class='ocrx_word' id='word_1_256' title='bbox 752 2049 832 2130; x_wconf 84' lang='lat' dir='ltr'><strong>vita,</strong></span> <span class='ocrx_word' id='word_1_257' title='bbox 861 2049 918 2115; x_wconf 91' lang='lat' dir='ltr'><strong>sed</strong></span> <span class='ocrx_word' id='word_1_258' title='bbox 940 2050 1039 2115; x_wconf 91' lang='lat' dir='ltr'><strong>etiam</strong></span> <span class='ocrx_word' id='word_1_259' title='bbox 1061 2048 1135 2113; x_wconf 91' lang='lat' dir='ltr'><strong>aliis</strong></span> <span class='ocrx_word' id='word_1_260' title='bbox 1187 2049 1299 2131; x_wconf 89' lang='lat' dir='ltr'><strong>accipi.</strong></span> <span class='ocrx_word' id='word_1_261' title='bbox 1344 2048 1483 2115; x_wconf 81' lang='lat' dir='ltr'><strong>Fatetur</strong></span> <span class='ocrx_word' id='word_1_262' title='bbox 1503 2060 1613 2116; x_wconf 90' lang='lat' dir='ltr'><strong>autem</strong></span> <span class='ocrx_word' id='word_1_263' title='bbox 1635 2049 1756 2130; x_wconf 86' lang='lat' dir='ltr'><strong>David,</strong></span> <span class='ocrx_word' id='word_1_264' title='bbox 1786 2051 1814 2116; x_wconf 91' lang='lat' dir='ltr'><strong>si</strong></span> <span class='ocrx_word' id='word_1_265' title='bbox 1844 2048 1975 2133; x_wconf 89' lang='lat' dir='ltr'><strong>qnando</strong></span> <span class='ocrx_word' id='word_1_266' title='bbox 2007 2071 2083 2116; x_wconf 90' lang='lat' dir='ltr'><strong>suos</strong></span> <span class='ocrx_word' id='word_1_267' title='bbox 2105 2069 2157 2115; x_wconf 89' lang='lat' dir='ltr'><strong>ua·</strong></span> 
     </span>
     <span class='ocr_line' id='line_1_21' title="bbox 166 2134 2159 2220; baseline 0 -20"><span class='ocrx_word' id='word_1_268' title='bbox 166 2135 311 2220; x_wconf 90' lang='lat' dir='ltr'><strong>pluribus</strong></span> <span class='ocrx_word' id='word_1_269' title='bbox 339 2135 454 2213; x_wconf 88' lang='lat' dir='ltr'><strong>modis,</strong></span> <span class='ocrx_word' id='word_1_270' title='bbox 482 2144 516 2200; x_wconf 91' lang='lat' dir='ltr'><strong>et</strong></span> <span class='ocrx_word' id='word_1_271' title='bbox 543 2136 666 2202; x_wconf 90' lang='lat' dir='ltr'><strong>scimus</strong></span> <span class='ocrx_word' id='word_1_272' title='bbox 695 2134 781 2201; x_wconf 89' lang='lat' dir='ltr'><strong>hano</strong></span> <span class='ocrx_word' id='word_1_273' title='bbox 809 2135 963 2217; x_wconf 91' lang='lat' dir='ltr'><strong>loquendi</strong></span> <span class='ocrx_word' id='word_1_274' title='bbox 993 2134 1133 2200; x_wconf 79' lang='lat' dir='ltr'><strong>formam</strong></span> <span class='ocrx_word' id='word_1_275' title='bbox 1187 2135 1287 2217; x_wconf 83' lang='lat' dir='ltr'><strong>stiget</strong></span> <span class='ocrx_word' id='word_1_276' title='bbox 1298 2135 1399 2215; x_wconf 90' lang='lat' dir='ltr'><strong>Deus,</strong></span> <span class='ocrx_word' id='word_1_277' title='bbox 1417 2157 1482 2200; x_wconf 91' lang='lat' dir='ltr'><strong>non</strong></span> <span class='ocrx_word' id='word_1_278' title='bbox 1501 2144 1630 2201; x_wconf 90' lang='lat' dir='ltr'><strong>tantum</strong></span> <span class='ocrx_word' id='word_1_279' title='bbox 1650 2136 1803 2220; x_wconf 89' lang='lat' dir='ltr'><strong>mitigare</strong></span> <span class='ocrx_word' id='word_1_280' title='bbox 1816 2157 1993 2219; x_wconf 90' lang='lat' dir='ltr'><strong>poenarum</strong></span> <span class='ocrx_word' id='word_1_281' title='bbox 2008 2137 2159 2218; x_wconf 85' lang='lat' dir='ltr'><strong>rigorem,</strong></span> 
     </span>
     <span class='ocr_line' id='line_1_22' title="bbox 165 2219 2158 2305; baseline -0.001 -21"><span class='ocrx_word' id='word_1_282' title='bbox 165 2219 344 2305; x_wconf 82' lang='lat' dir='ltr'><strong>pascimin</strong></span> <span class='ocrx_word' id='word_1_283' title='bbox 371 2220 513 2287; x_wconf 85' lang='lat' dir='ltr'><strong>Psalmis</strong></span> <span class='ocrx_word' id='word_1_284' title='bbox 540 2241 722 2297; x_wconf 84' lang='lat' dir='ltr'><strong>occurrere,</strong></span> <span class='ocrx_word' id='word_1_285' title='bbox 756 2219 840 2303; x_wconf 92' lang='lat' dir='ltr'><strong>quod</strong></span> <span class='ocrx_word' id='word_1_286' title='bbox 862 2220 983 2285; x_wconf 86' lang='lat' dir='ltr'><strong>Davidi</strong></span> <span class='ocrx_word' id='word_1_287' title='bbox 1005 2219 1134 2286; x_wconf 87' lang='lat' dir='ltr'><strong>reddita</strong></span> <span class='ocrx_word' id='word_1_288' title='bbox 1186 2219 1243 2283; x_wconf 89' lang='lat' dir='ltr'><strong>sed</strong></span> <span class='ocrx_word' id='word_1_289' title='bbox 1266 2221 1376 2284; x_wconf 88' lang='lat' dir='ltr'><strong>atatim</strong></span> <span class='ocrx_word' id='word_1_290' title='bbox 1400 2221 1529 2304; x_wconf 89' lang='lat' dir='ltr'><strong>placari,</strong></span> <span class='ocrx_word' id='word_1_291' title='bbox 1562 2230 1595 2286; x_wconf 94' lang='lat' dir='ltr'><strong>et</strong></span> <span class='ocrx_word' id='word_1_292' title='bbox 1623 2222 1689 2286; x_wconf 91' lang='lat' dir='ltr'><strong>irae</strong></span> <span class='ocrx_word' id='word_1_293' title='bbox 1716 2242 1794 2287; x_wconf 90' lang='lat' dir='ltr'><strong>suae</strong></span> <span class='ocrx_word' id='word_1_294' title='bbox 1815 2221 1946 2286; x_wconf 92' lang='lat' dir='ltr'><strong>modum</strong></span> <span class='ocrx_word' id='word_1_295' title='bbox 1970 2221 2158 2305; x_wconf 87' lang='lat' dir='ltr'><strong>imponere:</strong></span> 
     </span>
     <span class='ocr_line' id='line_1_23' title="bbox 86 2303 2157 2391; baseline -0 -20"><span class='ocrx_word' id='word_1_296' title='bbox 86 2381 92 2388; x_wconf 49' lang='lat'>‚</span> <span class='ocrx_word' id='word_1_297' title='bbox 164 2307 262 2373; x_wconf 85' lang='lat' dir='ltr'><strong>fuerit</strong></span> <span class='ocrx_word' id='word_1_298' title='bbox 282 2306 362 2385; x_wconf 83' lang='lat' dir='ltr'><strong>vita,</strong></span> <span class='ocrx_word' id='word_1_299' title='bbox 391 2308 517 2389; x_wconf 92' lang='lat' dir='ltr'><strong>quoties</strong></span> <span class='ocrx_word' id='word_1_300' title='bbox 546 2328 621 2371; x_wconf 91' lang='lat' dir='ltr'><strong>eum</strong></span> <span class='ocrx_word' id='word_1_301' title='bbox 644 2305 807 2372; x_wconf 87' lang='lat' dir='ltr'><strong>Dominus</strong></span> <span class='ocrx_word' id='word_1_302' title='bbox 829 2327 847 2370; x_wconf 93' lang='lat' dir='ltr'><strong>e</strong></span> <span class='ocrx_word' id='word_1_303' title='bbox 869 2307 964 2389; x_wconf 82' lang='lat' dir='ltr'><strong>gravi</strong></span> <span class='ocrx_word' id='word_1_304' title='bbox 987 2324 1132 2371; x_wconf 90' lang='lat' dir='ltr'><strong>summo·</strong></span> <span class='ocrx_word' id='word_1_305' title='bbox 1186 2303 1426 2390; x_wconf 81' lang='lat' dir='ltr'><strong>indulgentiam</strong></span> <span class='ocrx_word' id='word_1_306' title='bbox 1448 2328 1525 2372; x_wconf 87' lang='lat' dir='ltr'><strong>vero</strong></span> <span class='ocrx_word' id='word_1_307' title='bbox 1548 2316 1581 2371; x_wconf 93' lang='lat' dir='ltr'><strong>et</strong></span> <span class='ocrx_word' id='word_1_308' title='bbox 1602 2306 1746 2372; x_wconf 84' lang='lat' dir='ltr'><strong>favorem</strong></span> <span class='ocrx_word' id='word_1_309' title='bbox 1769 2328 1947 2391; x_wconf 90' lang='lat' dir='ltr'><strong>prorogare</strong></span> <span class='ocrx_word' id='word_1_310' title='bbox 1969 2308 2003 2370; x_wconf 91' lang='lat' dir='ltr'><strong>in</strong></span> <span class='ocrx_word' id='word_1_311' title='bbox 2023 2308 2157 2388; x_wconf 87' lang='lat' dir='ltr'><strong>longum</strong></span> 
     </span>
     <span class='ocr_line' id='line_1_24' title="bbox 164 2391 2159 2479; baseline -0.002 -21"><span class='ocrx_word' id='word_1_312' title='bbox 164 2414 225 2476; x_wconf 91' lang='lat' dir='ltr'><strong>que</strong></span> <span class='ocrx_word' id='word_1_313' title='bbox 245 2391 357 2476; x_wconf 87' lang='lat' dir='ltr'><strong>aliquo</strong></span> <span class='ocrx_word' id='word_1_314' title='bbox 385 2392 572 2458; x_wconf 89' lang='lat' dir='ltr'><strong>discrimine</strong></span> <span class='ocrx_word' id='word_1_315' title='bbox 600 2394 728 2473; x_wconf 89' lang='lat' dir='ltr'><strong>eripuit.</strong></span> <span class='ocrx_word' id='word_1_316' title='bbox 770 2392 887 2475; x_wconf 90' lang='lat' dir='ltr'><strong>Itaque</strong></span> <span class='ocrx_word' id='word_1_317' title='bbox 915 2391 1133 2474; x_wconf 89' lang='lat' dir='ltr'><strong>amplificandi</strong></span> <span class='ocrx_word' id='word_1_318' title='bbox 1186 2400 1325 2479; x_wconf 88' lang='lat' dir='ltr'><strong>tempus.</strong></span> <span class='ocrx_word' id='word_1_319' title='bbox 1369 2391 1420 2457; x_wconf 89' lang='lat' dir='ltr'><strong>Ao</strong></span> <span class='ocrx_word' id='word_1_320' title='bbox 1455 2393 1641 2477; x_wconf 79' lang='lat' dir='ltr'><strong>generalem</strong></span> <span class='ocrx_word' id='word_1_321' title='bbox 1670 2394 1867 2458; x_wconf 89' lang='lat' dir='ltr'><strong>sententiam</strong></span> <span class='ocrx_word' id='word_1_322' title='bbox 1896 2391 1946 2478; x_wconf 85' lang='lat' dir='ltr'><strong>(ut</strong></span> <span class='ocrx_word' id='word_1_323' title='bbox 1970 2391 2052 2478; x_wconf 83' lang='lat' dir='ltr'><strong>dixi)</strong></span> <span class='ocrx_word' id='word_1_324' title='bbox 2082 2411 2159 2476; x_wconf 92' lang='lat' dir='ltr'><strong>pro·</strong></span> 
     </span>
     <span class='ocr_line' id='line_1_25' title="bbox 165 2476 2158 2562; baseline -0.001 -18"><span class='ocrx_word' id='word_1_325' title='bbox 165 2498 262 2544; x_wconf 90' lang='lat' dir='ltr'><strong>causa</strong></span> <span class='ocrx_word' id='word_1_326' title='bbox 282 2498 360 2543; x_wconf 88' lang='lat' dir='ltr'><strong>mox</strong></span> <span class='ocrx_word' id='word_1_327' title='bbox 389 2477 574 2544; x_wconf 90' lang='lat' dir='ltr'><strong>subiicitur:</strong></span> <span class='ocrx_word' id='word_1_328' title='bbox 605 2477 803 2544; x_wconf 81' lang='lat' dir='ltr'><strong>Adscendtre</strong></span> <span class='ocrx_word' id='word_1_329' title='bbox 829 2477 932 2559; x_wconf 75' lang='lat' dir='ltr'><strong>fecisti</strong></span> <span class='ocrx_word' id='word_1_330' title='bbox 959 2498 976 2543; x_wconf 91' lang='lat' dir='ltr'><strong>e</strong></span> <span class='ocrx_word' id='word_1_331' title='bbox 995 2478 1134 2559; x_wconf 83' lang='lat' dir='ltr'><strong>sepulcro</strong></span> <span class='ocrx_word' id='word_1_332' title='bbox 1186 2476 1272 2541; x_wconf 88' lang='lat' dir='ltr'><strong>ferre</strong></span> <span class='ocrx_word' id='word_1_333' title='bbox 1294 2478 1419 2554; x_wconf 91' lang='lat' dir='ltr'><strong>maluit,</strong></span> <span class='ocrx_word' id='word_1_334' title='bbox 1448 2499 1547 2561; x_wconf 90' lang='lat' dir='ltr'><strong>quam</strong></span> <span class='ocrx_word' id='word_1_335' title='bbox 1569 2478 1736 2562; x_wconf 88' lang='lat' dir='ltr'><strong>speciatim</strong></span> <span class='ocrx_word' id='word_1_336' title='bbox 1760 2478 1800 2545; x_wconf 92' lang='lat' dir='ltr'><strong>de</strong></span> <span class='ocrx_word' id='word_1_337' title='bbox 1821 2498 1857 2544; x_wconf 90' lang='lat' dir='ltr'><strong>se</strong></span> <span class='ocrx_word' id='word_1_338' title='bbox 1878 2479 1976 2561; x_wconf 89' lang='lat' dir='ltr'><strong>loqui,</strong></span> <span class='ocrx_word' id='word_1_339' title='bbox 1999 2487 2038 2542; x_wconf 93' lang='lat' dir='ltr'><strong>ut</strong></span> <span class='ocrx_word' id='word_1_340' title='bbox 2060 2476 2158 2542; x_wconf 92' lang='lat' dir='ltr'><strong>intel·</strong></span> 
     </span>
     <span class='ocr_line' id='line_1_26' title="bbox 165 2561 2157 2648; baseline -0.001 -19"><span class='ocrx_word' id='word_1_341' title='bbox 165 2565 305 2630; x_wconf 76' lang='lat' dir='ltr'><strong>autorum</strong></span> <span class='ocrx_word' id='word_1_342' title='bbox 331 2582 440 2644; x_wconf 83' lang='lat' dir='ltr'><strong>meam,</strong></span> <span class='ocrx_word' id='word_1_343' title='bbox 470 2584 574 2646; x_wconf 91' lang='lat' dir='ltr'><strong>neque</strong></span> <span class='ocrx_word' id='word_1_344' title='bbox 603 2564 689 2628; x_wconf 90' lang='lat' dir='ltr'><strong>euim</strong></span> <span class='ocrx_word' id='word_1_345' title='bbox 718 2565 844 2643; x_wconf 85' lang='lat' dir='ltr'><strong>gratiae</strong></span> <span class='ocrx_word' id='word_1_346' title='bbox 872 2562 1132 2647; x_wconf 81' lang='lat' dir='ltr'><strong>magnitudinem</strong></span> <span class='ocrx_word' id='word_1_347' title='bbox 1186 2561 1292 2644; x_wconf 91' lang='lat' dir='ltr'><strong>ligant</strong></span> <span class='ocrx_word' id='word_1_348' title='bbox 1313 2563 1359 2645; x_wconf 92' lang='lat' dir='ltr'><strong>pii</strong></span> <span class='ocrx_word' id='word_1_349' title='bbox 1388 2583 1501 2628; x_wconf 87' lang='lat' dir='ltr'><strong>omnes</strong></span> <span class='ocrx_word' id='word_1_350' title='bbox 1529 2564 1719 2630; x_wconf 88' lang='lat' dir='ltr'><strong>continuum</strong></span> <span class='ocrx_word' id='word_1_351' title='bbox 1750 2564 1838 2630; x_wconf 92' lang='lat' dir='ltr'><strong>huno</strong></span> <span class='ocrx_word' id='word_1_352' title='bbox 1865 2565 1990 2648; x_wconf 89' lang='lat' dir='ltr'><strong>gratiae</strong></span> <span class='ocrx_word' id='word_1_353' title='bbox 2013 2573 2157 2627; x_wconf 87' lang='lat' dir='ltr'><strong>tenorem</strong></span> 
     </span>
     <span class='ocr_line' id='line_1_27' title="bbox 165 2647 2158 2734; baseline -0.003 -18"><span class='ocrx_word' id='word_1_354' title='bbox 165 2671 200 2716; x_wconf 90' lang='lat' dir='ltr'><strong>se</strong></span> <span class='ocrx_word' id='word_1_355' title='bbox 228 2649 338 2714; x_wconf 88' lang='lat' dir='ltr'><strong>verbis</strong></span> <span class='ocrx_word' id='word_1_356' title='bbox 365 2650 493 2734; x_wconf 90' lang='lat' dir='ltr'><strong>assequi</strong></span> <span class='ocrx_word' id='word_1_357' title='bbox 522 2649 658 2731; x_wconf 86' lang='lat' dir='ltr'><strong>putavit,</strong></span> <span class='ocrx_word' id='word_1_358' title='bbox 689 2649 751 2713; x_wconf 90' lang='lat' dir='ltr'><strong>nisi</strong></span> <span class='ocrx_word' id='word_1_359' title='bbox 779 2648 929 2732; x_wconf 88' lang='lat' dir='ltr'><strong>sepulcro</strong></span> <span class='ocrx_word' id='word_1_360' title='bbox 958 2663 991 2713; x_wconf 90' lang='lat' dir='ltr'><strong>et</strong></span> <span class='ocrx_word' id='word_1_361' title='bbox 1019 2648 1133 2714; x_wconf 77' lang='lat' dir='ltr'><strong>foveae</strong></span> <span class='ocrx_word' id='word_1_362' title='bbox 1186 2649 1227 2712; x_wconf 93' lang='lat' dir='ltr'><strong>ad</strong></span> <span class='ocrx_word' id='word_1_363' title='bbox 1250 2649 1489 2731; x_wconf 87' lang='lat' dir='ltr'><strong>sepertinere:</strong></span> <span class='ocrx_word' id='word_1_364' title='bbox 1511 2650 1719 2715; x_wconf 91' lang='lat' dir='ltr'><strong>hinotamen</strong></span> <span class='ocrx_word' id='word_1_365' title='bbox 1746 2650 1929 2734; x_wconf 75' lang='lat' dir='ltr'><strong>colligimus</strong></span> <span class='ocrx_word' id='word_1_366' title='bbox 1950 2656 2072 2731; x_wconf 88' lang='lat' dir='ltr'><strong>quanta</strong></span> <span class='ocrx_word' id='word_1_367' title='bbox 2093 2647 2158 2730; x_wconf 89' lang='lat' dir='ltr'><strong>spi·</strong></span> 
     </span>
     <span class='ocr_line' id='line_1_28' title="bbox 165 2733 2157 2821; baseline -0.001 -21"><span class='ocrx_word' id='word_1_368' title='bbox 165 2735 325 2800; x_wconf 84' lang='lat' dir='ltr'><strong>conferret</strong></span> <span class='ocrx_word' id='word_1_369' title='bbox 344 2734 434 2800; x_wconf 88' lang='lat' dir='ltr'><strong>illius</strong></span> <span class='ocrx_word' id='word_1_370' title='bbox 456 2737 611 2816; x_wconf 90' lang='lat' dir='ltr'><strong>temporis</strong></span> <span class='ocrx_word' id='word_1_371' title='bbox 632 2734 816 2818; x_wconf 91' lang='lat' dir='ltr'><strong>caliginem,</strong></span> <span class='ocrx_word' id='word_1_372' title='bbox 839 2755 901 2818; x_wconf 91' lang='lat' dir='ltr'><strong>quo</strong></span> <span class='ocrx_word' id='word_1_373' title='bbox 919 2756 953 2800; x_wconf 92' lang='lat' dir='ltr'><strong>se</strong></span> <span class='ocrx_word' id='word_1_374' title='bbox 973 2736 1005 2799; x_wconf 93' lang='lat' dir='ltr'><strong>in</strong></span> <span class='ocrx_word' id='word_1_375' title='bbox 1023 2735 1133 2818; x_wconf 82' lang='lat' dir='ltr'><strong>fugam</strong></span> <span class='ocrx_word' id='word_1_376' title='bbox 1186 2734 1269 2798; x_wconf 88' lang='lat' dir='ltr'><strong>ritus</strong></span> <span class='ocrx_word' id='word_1_377' title='bbox 1291 2736 1542 2801; x_wconf 86' lang='lat' dir='ltr'><strong>mansuetudine</strong></span> <span class='ocrx_word' id='word_1_378' title='bbox 1563 2744 1597 2800; x_wconf 91' lang='lat' dir='ltr'><strong>et</strong></span> <span class='ocrx_word' id='word_1_379' title='bbox 1617 2756 1715 2818; x_wconf 91' lang='lat' dir='ltr'><strong>quam</strong></span> <span class='ocrx_word' id='word_1_380' title='bbox 1737 2745 1889 2821; x_wconf 92' lang='lat' dir='ltr'><strong>prompto</strong></span> <span class='ocrx_word' id='word_1_381' title='bbox 1918 2734 2072 2816; x_wconf 86' lang='lat' dir='ltr'><strong>obsequio</strong></span> <span class='ocrx_word' id='word_1_382' title='bbox 2095 2733 2157 2798; x_wconf 92' lang='lat' dir='ltr'><strong>Dei</strong></span> 
     </span>
     <span class='ocr_line' id='line_1_29' title="bbox 166 2819 2158 2906; baseline -0.001 -21"><span class='ocrx_word' id='word_1_383' title='bbox 166 2821 291 2906; x_wconf 91' lang='lat' dir='ltr'><strong>trepide</strong></span> <span class='ocrx_word' id='word_1_384' title='bbox 308 2821 468 2886; x_wconf 88' lang='lat' dir='ltr'><strong>coniicere</strong></span> <span class='ocrx_word' id='word_1_385' title='bbox 486 2830 616 2886; x_wconf 88' lang='lat' dir='ltr'><strong>coaetus</strong></span> <span class='ocrx_word' id='word_1_386' title='bbox 633 2829 692 2900; x_wconf 87' lang='lat' dir='ltr'><strong>est,</strong></span> <span class='ocrx_word' id='word_1_387' title='bbox 715 2829 754 2885; x_wconf 92' lang='lat' dir='ltr'><strong>ut</strong></span> <span class='ocrx_word' id='word_1_388' title='bbox 771 2820 904 2886; x_wconf 88' lang='lat' dir='ltr'><strong>latebris</strong></span> <span class='ocrx_word' id='word_1_389' title='bbox 922 2821 1021 2885; x_wconf 85' lang='lat' dir='ltr'><strong>vitam</strong></span> <span class='ocrx_word' id='word_1_390' title='bbox 1040 2840 1132 2884; x_wconf 89' lang='lat' dir='ltr'><strong>suam</strong></span> <span class='ocrx_word' id='word_1_391' title='bbox 1185 2819 1301 2885; x_wconf 83' lang='lat' dir='ltr'><strong>ferulis</strong></span> <span class='ocrx_word' id='word_1_392' title='bbox 1323 2828 1452 2903; x_wconf 89' lang='lat' dir='ltr'><strong>tergum</strong></span> <span class='ocrx_word' id='word_1_393' title='bbox 1475 2821 1659 2887; x_wconf 89' lang='lat' dir='ltr'><strong>subiecerit.</strong></span> <span class='ocrx_word' id='word_1_394' title='bbox 1704 2821 1845 2901; x_wconf 82' lang='lat' dir='ltr'><strong>Scimus,</strong></span> <span class='ocrx_word' id='word_1_395' title='bbox 1875 2842 1894 2886; x_wconf 91' lang='lat' dir='ltr'><strong>a</strong></span> <span class='ocrx_word' id='word_1_396' title='bbox 1917 2820 2021 2904; x_wconf 89' lang='lat' dir='ltr'><strong>primu</strong></span> <span class='ocrx_word' id='word_1_397' title='bbox 2044 2820 2158 2885; x_wconf 86' lang='lat' dir='ltr'><strong>aetatis</strong></span> 
     </span>
     <span class='ocr_line' id='line_1_30' title="bbox 165 2906 2156 2991; baseline -0.003 -19"><span class='ocrx_word' id='word_1_398' title='bbox 165 2915 358 2991; x_wconf 88' lang='lat' dir='ltr'><strong>protegeret,</strong></span> <span class='ocrx_word' id='word_1_399' title='bbox 391 2907 495 2971; x_wconf 88' lang='lat' dir='ltr'><strong>donec</strong></span> <span class='ocrx_word' id='word_1_400' title='bbox 527 2907 641 2971; x_wconf 88' lang='lat' dir='ltr'><strong>sedata</strong></span> <span class='ocrx_word' id='word_1_401' title='bbox 672 2915 758 2971; x_wconf 87' lang='lat' dir='ltr'><strong>esset</strong></span> <span class='ocrx_word' id='word_1_402' title='bbox 791 2906 951 2971; x_wconf 87' lang='lat' dir='ltr'><strong>tumultus</strong></span> <span class='ocrx_word' id='word_1_403' title='bbox 982 2907 1131 2971; x_wconf 90' lang='lat' dir='ltr'><strong>flamma:</strong></span> <span class='ocrx_word' id='word_1_404' title='bbox 1186 2907 1266 2970; x_wconf 89' lang='lat' dir='ltr'><strong>flore</strong></span> <span class='ocrx_word' id='word_1_405' title='bbox 1287 2912 1357 2969; x_wconf 88' lang='lat' dir='ltr'><strong>tuto</strong></span> <span class='ocrx_word' id='word_1_406' title='bbox 1386 2907 1454 2971; x_wconf 89' lang='lat' dir='ltr'><strong>fere</strong></span> <span class='ocrx_word' id='word_1_407' title='bbox 1483 2909 1570 2971; x_wconf 85' lang='lat' dir='ltr'><strong>vitae</strong></span> <span class='ocrx_word' id='word_1_408' title='bbox 1599 2914 1714 2984; x_wconf 88' lang='lat' dir='ltr'><strong>tractu,</strong></span> <span class='ocrx_word' id='word_1_409' title='bbox 1746 2907 1918 2991; x_wconf 90' lang='lat' dir='ltr'><strong>multiplici</strong></span> <span class='ocrx_word' id='word_1_410' title='bbox 1940 2906 2156 2971; x_wconf 85' lang='lat' dir='ltr'><strong>afflictionum</strong></span> 
     </span>
     <span class='ocr_line' id='line_1_31' title="bbox 165 2990 2157 3078; baseline -0.001 -22"><span class='ocrx_word' id='word_1_411' title='bbox 165 3013 242 3078; x_wconf 86' lang='lat' dir='ltr'><strong>ergo</strong></span> <span class='ocrx_word' id='word_1_412' title='bbox 263 3002 420 3074; x_wconf 89' lang='lat' dir='ltr'><strong>tanquam</strong></span> <span class='ocrx_word' id='word_1_413' title='bbox 443 2991 623 3069; x_wconf 82' lang='lat' dir='ltr'><strong>redivivus,</strong></span> <span class='ocrx_word' id='word_1_414' title='bbox 653 3012 689 3057; x_wconf 89' lang='lat' dir='ltr'><strong>se</strong></span> <span class='ocrx_word' id='word_1_415' title='bbox 711 2991 906 3057; x_wconf 77' lang='lat' dir='ltr'><strong>mirabiliter</strong></span> <span class='ocrx_word' id='word_1_416' title='bbox 927 3013 947 3056; x_wconf 91' lang='lat' dir='ltr'><strong>a</strong></span> <span class='ocrx_word' id='word_1_417' title='bbox 969 2990 1133 3074; x_wconf 86' lang='lat' dir='ltr'><strong>praesenti</strong></span> <span class='ocrx_word' id='word_1_418' title='bbox 1186 2992 1336 3074; x_wconf 88' lang='lat' dir='ltr'><strong>congerie</strong></span> <span class='ocrx_word' id='word_1_419' title='bbox 1358 2992 1404 3055; x_wconf 90' lang='lat' dir='ltr'><strong>ita</strong></span> <span class='ocrx_word' id='word_1_420' title='bbox 1431 2992 1530 3057; x_wconf 84' lang='lat' dir='ltr'><strong>luisse</strong></span> <span class='ocrx_word' id='word_1_421' title='bbox 1560 2994 1752 3072; x_wconf 88' lang='lat' dir='ltr'><strong>exereitum,</strong></span> <span class='ocrx_word' id='word_1_422' title='bbox 1786 3004 1824 3057; x_wconf 88' lang='lat' dir='ltr'><strong>ut</strong></span> <span class='ocrx_word' id='word_1_423' title='bbox 1852 2993 1952 3057; x_wconf 87' lang='lat' dir='ltr'><strong>miser</strong></span> <span class='ocrx_word' id='word_1_424' title='bbox 1974 3004 2007 3055; x_wconf 92' lang='lat' dir='ltr'><strong>et</strong></span> <span class='ocrx_word' id='word_1_425' title='bbox 2029 3010 2157 3056; x_wconf 91' lang='lat' dir='ltr'><strong>aerum·</strong></span> 
     </span>
     <span class='ocr_line' id='line_1_32' title="bbox 165 3074 2156 3160; baseline -0.002 -18"><span class='ocrx_word' id='word_1_426' title='bbox 165 3088 268 3143; x_wconf 85' lang='lat' dir='ltr'><strong>morte</strong></span> <span class='ocrx_word' id='word_1_427' title='bbox 289 3088 475 3142; x_wconf 88' lang='lat' dir='ltr'><strong>extractum</strong></span> <span class='ocrx_word' id='word_1_428' title='bbox 498 3077 597 3143; x_wconf 83' lang='lat' dir='ltr'><strong>luisse</strong></span> <span class='ocrx_word' id='word_1_429' title='bbox 618 3077 796 3160; x_wconf 88' lang='lat' dir='ltr'><strong>praedicat.</strong></span> <span class='ocrx_word' id='word_1_430' title='bbox 840 3078 888 3141; x_wconf 84' lang='lat' dir='ltr'><strong>Et</strong></span> <span class='ocrx_word' id='word_1_431' title='bbox 908 3088 995 3142; x_wconf 87' lang='lat' dir='ltr'><strong>certe</strong></span> <span class='ocrx_word' id='word_1_432' title='bbox 1013 3084 1135 3158; x_wconf 90' lang='lat' dir='ltr'><strong>quanta</strong></span> <span class='ocrx_word' id='word_1_433' title='bbox 1186 3097 1285 3142; x_wconf 86' lang='lat' dir='ltr'><strong>nosue</strong></span> <span class='ocrx_word' id='word_1_434' title='bbox 1324 3097 1401 3159; x_wconf 88' lang='lat' dir='ltr'><strong>prae</strong></span> <span class='ocrx_word' id='word_1_435' title='bbox 1441 3078 1591 3142; x_wconf 89' lang='lat' dir='ltr'><strong>omuibus</strong></span> <span class='ocrx_word' id='word_1_436' title='bbox 1624 3077 1696 3143; x_wconf 89' lang='lat' dir='ltr'><strong>aliis</strong></span> <span class='ocrx_word' id='word_1_437' title='bbox 1728 3079 1855 3143; x_wconf 86' lang='lat' dir='ltr'><strong>conseri</strong></span> <span class='ocrx_word' id='word_1_438' title='bbox 1891 3077 2051 3160; x_wconf 89' lang='lat' dir='ltr'><strong>potuerit:</strong></span> <span class='ocrx_word' id='word_1_439' title='bbox 2093 3074 2156 3140; x_wconf 93' lang='lat' dir='ltr'><strong>Dei</strong></span> 
     </span>
     <span class='ocr_line' id='line_1_33' title="bbox 164 3161 2157 3247; baseline -0.002 -20"><span class='ocrx_word' id='word_1_440' title='bbox 164 3183 274 3229; x_wconf 89' lang='lat' dir='ltr'><strong>rerum</strong></span> <span class='ocrx_word' id='word_1_441' title='bbox 296 3163 442 3228; x_wconf 90' lang='lat' dir='ltr'><strong>omnium</strong></span> <span class='ocrx_word' id='word_1_442' title='bbox 472 3162 654 3246; x_wconf 87' lang='lat' dir='ltr'><strong>desperatio</strong></span> <span class='ocrx_word' id='word_1_443' title='bbox 676 3163 795 3227; x_wconf 88' lang='lat' dir='ltr'><strong>misere</strong></span> <span class='ocrx_word' id='word_1_444' title='bbox 816 3183 892 3227; x_wconf 91' lang='lat' dir='ltr'><strong>eum</strong></span> <span class='ocrx_word' id='word_1_445' title='bbox 915 3171 1058 3247; x_wconf 88' lang='lat' dir='ltr'><strong>urgeret,</strong></span> <span class='ocrx_word' id='word_1_446' title='bbox 1091 3181 1133 3224; x_wconf 89' lang='lat' dir='ltr'><strong>ex</strong></span> <span class='ocrx_word' id='word_1_447' title='bbox 1186 3172 1296 3227; x_wconf 91' lang='lat' dir='ltr'><strong>tamen</strong></span> <span class='ocrx_word' id='word_1_448' title='bbox 1320 3161 1496 3226; x_wconf 90' lang='lat' dir='ltr'><strong>bonitatem</strong></span> <span class='ocrx_word' id='word_1_449' title='bbox 1521 3161 1722 3245; x_wconf 88' lang='lat' dir='ltr'><strong>praedicans,</strong></span> <span class='ocrx_word' id='word_1_450' title='bbox 1745 3184 1780 3226; x_wconf 89' lang='lat' dir='ltr'><strong>se</strong></span> <span class='ocrx_word' id='word_1_451' title='bbox 1802 3164 1919 3228; x_wconf 89' lang='lat' dir='ltr'><strong>leviter</strong></span> <span class='ocrx_word' id='word_1_452' title='bbox 1938 3163 2056 3244; x_wconf 89' lang='lat' dir='ltr'><strong>exiguo</strong></span> <span class='ocrx_word' id='word_1_453' title='bbox 2074 3172 2157 3241; x_wconf 86' lang='lat' dir='ltr'><strong>tem·</strong></span> 
     </span>
     <span class='ocr_line' id='line_1_34' title="bbox 165 3246 2156 3330; baseline -0.003 -15"><span class='ocrx_word' id='word_1_454' title='bbox 165 3270 256 3315; x_wconf 87' lang='lat' dir='ltr'><strong>saura</strong></span> <span class='ocrx_word' id='word_1_455' title='bbox 277 3247 415 3313; x_wconf 87' lang='lat' dir='ltr'><strong>historia</strong></span> <span class='ocrx_word' id='word_1_456' title='bbox 437 3257 536 3330; x_wconf 87' lang='lat' dir='ltr'><strong>patet.</strong></span> <span class='ocrx_word' id='word_1_457' title='bbox 1186 3267 1274 3330; x_wconf 86' lang='lat' dir='ltr'><strong>pore,</strong></span> <span class='ocrx_word' id='word_1_458' title='bbox 1307 3254 1340 3311; x_wconf 91' lang='lat' dir='ltr'><strong>et</strong></span> <span class='ocrx_word' id='word_1_459' title='bbox 1361 3247 1454 3329; x_wconf 88' lang='lat' dir='ltr'><strong>quasi</strong></span> <span class='ocrx_word' id='word_1_460' title='bbox 1483 3249 1518 3311; x_wconf 91' lang='lat' dir='ltr'><strong>in</strong></span> <span class='ocrx_word' id='word_1_461' title='bbox 1547 3259 1737 3313; x_wconf 89' lang='lat' dir='ltr'><strong>transcursu</strong></span> <span class='ocrx_word' id='word_1_462' title='bbox 1766 3249 1864 3314; x_wconf 90' lang='lat' dir='ltr'><strong>rebus</strong></span> <span class='ocrx_word' id='word_1_463' title='bbox 1886 3247 2033 3312; x_wconf 85' lang='lat' dir='ltr'><strong>adversis</strong></span> <span class='ocrx_word' id='word_1_464' title='bbox 2054 3246 2156 3311; x_wconf 89' lang='lat' dir='ltr'><strong>iaeta-</strong></span> 
     </span>
     <span class='ocr_line' id='line_1_35' title="bbox 1186 3331 2156 3416; baseline 0.002 -21"><span class='ocrx_word' id='word_1_465' title='bbox 1186 3345 1257 3396; x_wconf 93' lang='lat' dir='ltr'><strong>tum</strong></span> <span class='ocrx_word' id='word_1_466' title='bbox 1280 3332 1381 3396; x_wconf 88' lang='lat' dir='ltr'><strong>fuisse</strong></span> <span class='ocrx_word' id='word_1_467' title='bbox 1410 3334 1567 3416; x_wconf 90' lang='lat' dir='ltr'><strong>agnoscit.</strong></span> <span class='ocrx_word' id='word_1_468' title='bbox 1618 3333 1721 3398; x_wconf 90' lang='lat' dir='ltr'><strong>Porro</strong></span> <span class='ocrx_word' id='word_1_469' title='bbox 1750 3335 1827 3398; x_wconf 88' lang='lat' dir='ltr'><strong>hinc</strong></span> <span class='ocrx_word' id='word_1_470' title='bbox 1857 3343 1949 3398; x_wconf 90' lang='lat' dir='ltr'><strong>tanta</strong></span> <span class='ocrx_word' id='word_1_471' title='bbox 1976 3331 2156 3397; x_wconf 88' lang='lat' dir='ltr'><strong>moderatio</strong></span> 
     </span>
     <span class='ocr_line' id='line_1_36' title="bbox 248 3417 2156 3502; baseline -0.002 -17"><span class='ocrx_word' id='word_1_472' title='bbox 248 3419 279 3485; x_wconf 81' lang='lat'><strong>5.</strong></span> <span class='ocrx_word' id='word_1_473' title='bbox 304 3417 415 3487; x_wconf 78' lang='lat' dir='ltr'><strong>Currite</strong></span> <span class='ocrx_word' id='word_1_474' title='bbox 442 3419 574 3485; x_wconf 78' lang='lat' dir='ltr'><strong>lebetae</strong></span> <span class='ocrx_word' id='word_1_475' title='bbox 601 3419 758 3483; x_wconf 78' lang='lat' dir='ltr'><strong>mansueti</strong></span> <span class='ocrx_word' id='word_1_476' title='bbox 786 3419 864 3493; x_wconf 81' lang='lat' dir='ltr'><strong>etas,</strong></span> <span class='ocrx_word' id='word_1_477' title='bbox 893 3424 922 3484; x_wconf 89' lang='lat' dir='ltr'><strong>et</strong></span> <span class='ocrx_word' id='word_1_478' title='bbox 948 3418 1134 3499; x_wconf 72' lang='lat' dir='ltr'><strong>mefitemini</strong></span> <span class='ocrx_word' id='word_1_479' title='bbox 1185 3429 1219 3489; x_wconf 91' lang='lat' dir='ltr'><strong>ot</strong></span> <span class='ocrx_word' id='word_1_480' title='bbox 1240 3418 1397 3500; x_wconf 89' lang='lat' dir='ltr'><strong>aequitas,</strong></span> <span class='ocrx_word' id='word_1_481' title='bbox 1419 3419 1504 3502; x_wconf 93' lang='lat' dir='ltr'><strong>quud</strong></span> <span class='ocrx_word' id='word_1_482' title='bbox 1526 3419 1630 3502; x_wconf 90' lang='lat' dir='ltr'><strong>pluris</strong></span> <span class='ocrx_word' id='word_1_483' title='bbox 1652 3420 1836 3484; x_wconf 85' lang='lat' dir='ltr'><strong>aestimavit</strong></span> <span class='ocrx_word' id='word_1_484' title='bbox 1853 3419 1917 3484; x_wconf 92' lang='lat' dir='ltr'><strong>Dei</strong></span> <span class='ocrx_word' id='word_1_485' title='bbox 1936 3419 2101 3497; x_wconf 89' lang='lat' dir='ltr'><strong>beneficia,</strong></span> <span class='ocrx_word' id='word_1_486' title='bbox 2123 3425 2156 3482; x_wconf 92' lang='lat' dir='ltr'><strong>et</strong></span> 
     </span>
     <span class='ocr_line' id='line_1_37' title="bbox 162 3502 2157 3589; baseline -0.002 -19"><span class='ocrx_word' id='word_1_487' title='bbox 162 3506 330 3571; x_wconf 69' lang='lat' dir='ltr'><strong>memmiae</strong></span> <span class='ocrx_word' id='word_1_488' title='bbox 357 3506 534 3570; x_wconf 63' lang='lat' dir='ltr'><strong>scrutatis</strong></span> <span class='ocrx_word' id='word_1_489' title='bbox 559 3503 678 3589; x_wconf 55' lang='lat' dir='ltr'><strong>erues)</strong></span> <span class='ocrx_word' id='word_1_490' title='bbox 721 3506 750 3569; x_wconf 88' lang='lat'><strong>6.</strong></span> <span class='ocrx_word' id='word_1_491' title='bbox 783 3504 866 3585; x_wconf 77' lang='lat' dir='ltr'><strong>Qata</strong></span> <span class='ocrx_word' id='word_1_492' title='bbox 893 3508 1076 3568; x_wconf 73' lang='lat' dir='ltr'><strong>manentum</strong></span> <span class='ocrx_word' id='word_1_493' title='bbox 1097 3504 1134 3569; x_wconf 82' lang='lat' dir='ltr'><strong>ia</strong></span> <span class='ocrx_word' id='word_1_494' title='bbox 1184 3507 1217 3570; x_wconf 93' lang='lat' dir='ltr'><strong>in</strong></span> <span class='ocrx_word' id='word_1_495' title='bbox 1251 3523 1348 3569; x_wconf 88' lang='lat' dir='ltr'><strong>cruce</strong></span> <span class='ocrx_word' id='word_1_496' title='bbox 1381 3505 1549 3570; x_wconf 88' lang='lat' dir='ltr'><strong>toleranda</strong></span> <span class='ocrx_word' id='word_1_497' title='bbox 1581 3505 1687 3589; x_wconf 89' lang='lat' dir='ltr'><strong>magis</strong></span> <span class='ocrx_word' id='word_1_498' title='bbox 1726 3526 1761 3571; x_wconf 86' lang='lat' dir='ltr'><strong>se</strong></span> <span class='ocrx_word' id='word_1_499' title='bbox 1801 3504 1965 3589; x_wconf 88' lang='lat' dir='ltr'><strong>placidum</strong></span> <span class='ocrx_word' id='word_1_500' title='bbox 2006 3502 2157 3586; x_wconf 89' lang='lat' dir='ltr'><strong>praebuit</strong></span> 
     </span>
     <span class='ocr_line' id='line_1_38' title="bbox 90 3588 2155 3680; baseline -0.003 -24"><span class='ocrx_word' id='word_1_501' title='bbox 90 3673 95 3680; x_wconf 28' lang='grc' dir='ltr'>Ι</span> <span class='ocrx_word' id='word_1_502' title='bbox 163 3592 215 3656; x_wconf 80' lang='lat' dir='ltr'><strong>ira</strong></span> <span class='ocrx_word' id='word_1_503' title='bbox 236 3592 315 3672; x_wconf 80' lang='lat' dir='ltr'><strong>cias,</strong></span> <span class='ocrx_word' id='word_1_504' title='bbox 342 3589 467 3676; x_wconf 54' lang='lat' dir='ltr'><strong>edati)</strong></span> <span class='ocrx_word' id='word_1_505' title='bbox 488 3592 524 3655; x_wconf 82' lang='lat' dir='ltr'><strong>iu</strong></span> <span class='ocrx_word' id='word_1_506' title='bbox 552 3589 735 3671; x_wconf 75' lang='lat' dir='ltr'><strong>beneplacito</strong></span> <span class='ocrx_word' id='word_1_507' title='bbox 763 3591 846 3655; x_wconf 83' lang='lat' dir='ltr'><strong>etas:</strong></span> <span class='ocrx_word' id='word_1_508' title='bbox 878 3610 1003 3671; x_wconf 86' lang='lat' dir='ltr'><strong>vespere</strong></span> <span class='ocrx_word' id='word_1_509' title='bbox 1030 3609 1131 3655; x_wconf 88' lang='lat' dir='ltr'><strong>mora·</strong></span> <span class='ocrx_word' id='word_1_510' title='bbox 1185 3610 1281 3673; x_wconf 92' lang='lat' dir='ltr'><strong>quam</strong></span> <span class='ocrx_word' id='word_1_511' title='bbox 1304 3589 1404 3674; x_wconf 87' lang='lat' dir='ltr'><strong>vulgo</strong></span> <span class='ocrx_word' id='word_1_512' title='bbox 1428 3591 1569 3656; x_wconf 89' lang='lat' dir='ltr'><strong>mundus</strong></span> <span class='ocrx_word' id='word_1_513' title='bbox 1592 3592 1703 3656; x_wconf 85' lang='lat' dir='ltr'><strong>soleat</strong></span> <span class='ocrx_word' id='word_1_514' title='bbox 1749 3588 1786 3658; x_wconf 85' lang='lat' dir='ltr'><strong>Si</strong></span> <span class='ocrx_word' id='word_1_515' title='bbox 1808 3612 1963 3674; x_wconf 88' lang='lat' dir='ltr'><strong>prospere</strong></span> <span class='ocrx_word' id='word_1_516' title='bbox 1984 3590 2078 3655; x_wconf 89' lang='lat' dir='ltr'><strong>nobis</strong></span> <span class='ocrx_word' id='word_1_517' title='bbox 2096 3596 2155 3665; x_wconf 85' lang='lat' dir='ltr'><strong>eet,</strong></span> 
     </span>
     <span class='ocr_line' id='line_1_39' title="bbox 162 3675 2158 3757; baseline -0.002 -17"><span class='ocrx_word' id='word_1_518' title='bbox 162 3677 248 3743; x_wconf 82' lang='lat' dir='ltr'><strong>bitur</strong></span> <span class='ocrx_word' id='word_1_519' title='bbox 266 3678 368 3757; x_wconf 69' lang='lat' dir='ltr'><strong>fidus,</strong></span> <span class='ocrx_word' id='word_1_520' title='bbox 389 3678 419 3739; x_wconf 88' lang='lat' dir='ltr'><strong>et</strong></span> <span class='ocrx_word' id='word_1_521' title='bbox 440 3675 844 3742; x_wconf 65' lang='lat' dir='ltr'><strong>materterarum.</strong></span> <span class='ocrx_word' id='word_1_522' title='bbox 1185 3679 1255 3742; x_wconf 90' lang='lat' dir='ltr'><strong>eine</strong></span> <span class='ocrx_word' id='word_1_523' title='bbox 1276 3697 1375 3741; x_wconf 91' lang='lat' dir='ltr'><strong>sensu</strong></span> <span class='ocrx_word' id='word_1_524' title='bbox 1404 3698 1556 3742; x_wconf 82' lang='lat' dir='ltr'><strong>voramus</strong></span> <span class='ocrx_word' id='word_1_525' title='bbox 1587 3677 1649 3741; x_wconf 92' lang='lat' dir='ltr'><strong>Dei</strong></span> <span class='ocrx_word' id='word_1_526' title='bbox 1681 3676 1844 3757; x_wconf 86' lang='lat' dir='ltr'><strong>beneficia,</strong></span> <span class='ocrx_word' id='word_1_527' title='bbox 1873 3686 1960 3742; x_wconf 88' lang='lat' dir='ltr'><strong>certe</strong></span> <span class='ocrx_word' id='word_1_528' title='bbox 1983 3675 2077 3739; x_wconf 91' lang='lat' dir='ltr'><strong>nobis</strong></span> <span class='ocrx_word' id='word_1_529' title='bbox 2099 3682 2158 3756; x_wconf 85' lang='lat' dir='ltr'><strong>per&#39;</strong></span> 
     </span>
     <span class='ocr_line' id='line_1_40' title="bbox 678 3759 2156 3843; baseline -0.003 -17"><span class='ocrx_word' id='word_1_530' title='bbox 678 3822 680 3826; x_wconf 86' lang='grc'><em>,</em></span> <span class='ocrx_word' id='word_1_531' title='bbox 1184 3762 1364 3828; x_wconf 88' lang='lat' dir='ltr'><strong>socordiam</strong></span> <span class='ocrx_word' id='word_1_532' title='bbox 1386 3762 1544 3828; x_wconf 88' lang='lat' dir='ltr'><strong>effluunt:</strong></span> <span class='ocrx_word' id='word_1_533' title='bbox 1568 3762 1664 3826; x_wconf 89' lang='lat' dir='ltr'><strong>simul</strong></span> <span class='ocrx_word' id='word_1_534' title='bbox 1695 3784 1773 3826; x_wconf 84' lang='lat' dir='ltr'><strong>vero</strong></span> <span class='ocrx_word' id='word_1_535' title='bbox 1801 3784 1839 3827; x_wconf 89' lang='lat' dir='ltr'><strong>ac</strong></span> <span class='ocrx_word' id='word_1_536' title='bbox 1861 3763 1955 3826; x_wconf 91' lang='lat' dir='ltr'><strong>triste</strong></span> <span class='ocrx_word' id='word_1_537' title='bbox 1977 3759 2099 3843; x_wconf 90' lang='lat' dir='ltr'><strong>aliquid</strong></span> <span class='ocrx_word' id='word_1_538' title='bbox 2122 3767 2156 3822; x_wconf 92' lang='lat' dir='ltr'><strong>et</strong></span> 
     </span>
     <span class='ocr_line' id='line_1_41' title="bbox 247 3844 2155 3932; baseline -0.002 -20"><span class='ocrx_word' id='word_1_539' title='bbox 247 3846 279 3912; x_wconf 82' lang='lat' dir='ltr'><strong>b.</strong></span> <span class='ocrx_word' id='word_1_540' title='bbox 301 3845 426 3932; x_wconf 74' lang='lat' dir='ltr'><strong>(Currite</strong></span> <span class='ocrx_word' id='word_1_541' title='bbox 455 3846 587 3913; x_wconf 82' lang='lat' dir='ltr'><strong>Iebavae</strong></span> <span class='ocrx_word' id='word_1_542' title='bbox 615 3848 771 3912; x_wconf 82' lang='lat' dir='ltr'><strong>mansueti</strong></span> <span class='ocrx_word' id='word_1_543' title='bbox 799 3844 891 3930; x_wconf 80' lang='lat' dir='ltr'><strong>eius.)</strong></span> <span class='ocrx_word' id='word_1_544' title='bbox 934 3845 1008 3926; x_wconf 79' lang='lat' dir='ltr'><strong>Quo</strong></span> <span class='ocrx_word' id='word_1_545' title='bbox 1037 3867 1131 3910; x_wconf 90' lang='lat' dir='ltr'><strong>suam</strong></span> <span class='ocrx_word' id='word_1_546' title='bbox 1184 3848 1357 3913; x_wconf 85' lang='lat' dir='ltr'><strong>adversum</strong></span> <span class='ocrx_word' id='word_1_547' title='bbox 1392 3847 1518 3926; x_wconf 89' lang='lat' dir='ltr'><strong>accidit,</strong></span> <span class='ocrx_word' id='word_1_548' title='bbox 1562 3848 1696 3930; x_wconf 90' lang='lat' dir='ltr'><strong>perinde</strong></span> <span class='ocrx_word' id='word_1_549' title='bbox 1735 3849 1964 3930; x_wconf 84' lang='lat' dir='ltr'><strong>conquerimur</strong></span> <span class='ocrx_word' id='word_1_550' title='bbox 2004 3845 2044 3910; x_wconf 93' lang='lat' dir='ltr'><strong>de</strong></span> <span class='ocrx_word' id='word_1_551' title='bbox 2085 3845 2155 3910; x_wconf 90' lang='lat' dir='ltr'><strong>eins</strong></span> 
     </span>
     <span class='ocr_line' id='line_1_42' title="bbox 162 3929 2155 4017; baseline -0.002 -19"><span class='ocrx_word' id='word_1_552' title='bbox 162 3931 396 4016; x_wconf 86' lang='lat' dir='ltr'><strong>gratitudinem</strong></span> <span class='ocrx_word' id='word_1_553' title='bbox 438 3933 555 3997; x_wconf 89' lang='lat' dir='ltr'><strong>melius</strong></span> <span class='ocrx_word' id='word_1_554' title='bbox 592 3941 739 4010; x_wconf 84' lang='lat' dir='ltr'><strong>testetur,</strong></span> <span class='ocrx_word' id='word_1_555' title='bbox 783 3942 913 3997; x_wconf 88' lang='lat' dir='ltr'><strong>sanctos</strong></span> <span class='ocrx_word' id='word_1_556' title='bbox 945 3951 1058 3996; x_wconf 89' lang='lat' dir='ltr'><strong>omnes</strong></span> <span class='ocrx_word' id='word_1_557' title='bbox 1091 3929 1131 3996; x_wconf 90' lang='lat' dir='ltr'><strong>ad</strong></span> <span class='ocrx_word' id='word_1_558' title='bbox 1184 3936 1292 4016; x_wconf 88' lang='lat' dir='ltr'><strong>rigore</strong></span> <span class='ocrx_word' id='word_1_559' title='bbox 1315 3954 1351 3998; x_wconf 88' lang='lat' dir='ltr'><strong>ae</strong></span> <span class='ocrx_word' id='word_1_560' title='bbox 1381 3935 1408 3998; x_wconf 89' lang='lat' dir='ltr'><strong>ei</strong></span> <span class='ocrx_word' id='word_1_561' title='bbox 1436 3953 1602 4014; x_wconf 90' lang='lat' dir='ltr'><strong>uunquam</strong></span> <span class='ocrx_word' id='word_1_562' title='bbox 1625 3934 1767 4017; x_wconf 87' lang='lat' dir='ltr'><strong>benigne</strong></span> <span class='ocrx_word' id='word_1_563' title='bbox 1789 3946 1824 3998; x_wconf 89' lang='lat' dir='ltr'><strong>et</strong></span> <span class='ocrx_word' id='word_1_564' title='bbox 1844 3933 2021 3999; x_wconf 88' lang='lat' dir='ltr'><strong>clementer</strong></span> <span class='ocrx_word' id='word_1_565' title='bbox 2043 3930 2155 3996; x_wconf 89' lang='lat' dir='ltr'><strong>nobis·</strong></span> 
     </span>
     <span class='ocr_line' id='line_1_43' title="bbox 163 4015 2154 4103; baseline -0.001 -20"><span class='ocrx_word' id='word_1_566' title='bbox 163 4017 324 4084; x_wconf 89' lang='lat' dir='ltr'><strong>cauendae</strong></span> <span class='ocrx_word' id='word_1_567' title='bbox 345 4017 409 4083; x_wconf 92' lang='lat' dir='ltr'><strong>Dei</strong></span> <span class='ocrx_word' id='word_1_568' title='bbox 431 4017 546 4084; x_wconf 90' lang='lat' dir='ltr'><strong>laudes</strong></span> <span class='ocrx_word' id='word_1_569' title='bbox 568 4018 628 4082; x_wconf 92' lang='lat' dir='ltr'><strong>sibi</strong></span> <span class='ocrx_word' id='word_1_570' title='bbox 651 4019 754 4084; x_wconf 89' lang='lat' dir='ltr'><strong>socios</strong></span> <span class='ocrx_word' id='word_1_571' title='bbox 775 4017 922 4097; x_wconf 87' lang='lat' dir='ltr'><strong>advocat,</strong></span> <span class='ocrx_word' id='word_1_572' title='bbox 949 4025 982 4081; x_wconf 84' lang='lat' dir='ltr'><strong>et</strong></span> <span class='ocrx_word' id='word_1_573' title='bbox 1004 4015 1044 4081; x_wconf 92' lang='lat' dir='ltr'><strong>ab</strong></span> <span class='ocrx_word' id='word_1_574' title='bbox 1066 4038 1132 4082; x_wconf 92' lang='lat' dir='ltr'><strong>una</strong></span> <span class='ocrx_word' id='word_1_575' title='bbox 1184 4041 1257 4086; x_wconf 90' lang='lat' dir='ltr'><strong>eum</strong></span> <span class='ocrx_word' id='word_1_576' title='bbox 1281 4021 1410 4103; x_wconf 87' lang='lat' dir='ltr'><strong>egisset.</strong></span> <span class='ocrx_word' id='word_1_577' title='bbox 1453 4019 1605 4100; x_wconf 90' lang='lat' dir='ltr'><strong>Denique</strong></span> <span class='ocrx_word' id='word_1_578' title='bbox 1625 4019 1797 4084; x_wconf 86' lang='lat' dir='ltr'><strong>morositas</strong></span> <span class='ocrx_word' id='word_1_579' title='bbox 1820 4028 1932 4083; x_wconf 89' lang='lat' dir='ltr'><strong>nostra</strong></span> <span class='ocrx_word' id='word_1_580' title='bbox 1953 4026 1987 4082; x_wconf 90' lang='lat' dir='ltr'><strong>et</strong></span> <span class='ocrx_word' id='word_1_581' title='bbox 2009 4018 2154 4083; x_wconf 91' lang='lat' dir='ltr'><strong>taedium</strong></span> 
     </span>
     <span class='ocr_line' id='line_1_44' title="bbox 164 4102 2154 4188; baseline 0.002 -21"><span class='ocrx_word' id='word_1_582' title='bbox 164 4104 272 4186; x_wconf 90' lang='lat' dir='ltr'><strong>specie</strong></span> <span class='ocrx_word' id='word_1_583' title='bbox 291 4104 410 4168; x_wconf 89' lang='lat' dir='ltr'><strong>transit</strong></span> <span class='ocrx_word' id='word_1_584' title='bbox 432 4102 472 4167; x_wconf 91' lang='lat' dir='ltr'><strong>ad</strong></span> <span class='ocrx_word' id='word_1_585' title='bbox 496 4111 600 4168; x_wconf 91' lang='lat' dir='ltr'><strong>totum</strong></span> <span class='ocrx_word' id='word_1_586' title='bbox 626 4124 741 4186; x_wconf 87' lang='lat' dir='ltr'><strong>genna.</strong></span> <span class='ocrx_word' id='word_1_587' title='bbox 786 4102 874 4183; x_wconf 77' lang='lat' dir='ltr'><strong>Quia</strong></span> <span class='ocrx_word' id='word_1_588' title='bbox 894 4103 982 4168; x_wconf 92' lang='lat' dir='ltr'><strong>enim</strong></span> <span class='ocrx_word' id='word_1_589' title='bbox 1005 4115 1133 4184; x_wconf 89' lang='lat' dir='ltr'><strong>praeter</strong></span> <span class='ocrx_word' id='word_1_590' title='bbox 1184 4106 1219 4171; x_wconf 93' lang='lat' dir='ltr'><strong>iu</strong></span> <span class='ocrx_word' id='word_1_591' title='bbox 1243 4104 1353 4170; x_wconf 91' lang='lat' dir='ltr'><strong>dolore</strong></span> <span class='ocrx_word' id='word_1_592' title='bbox 1374 4104 1540 4168; x_wconf 89' lang='lat' dir='ltr'><strong>saeculum</strong></span> <span class='ocrx_word' id='word_1_593' title='bbox 1571 4124 1610 4168; x_wconf 92' lang='lat' dir='ltr'><strong>ex</strong></span> <span class='ocrx_word' id='word_1_594' title='bbox 1641 4113 1807 4170; x_wconf 91' lang='lat' dir='ltr'><strong>momento</strong></span> <span class='ocrx_word' id='word_1_595' title='bbox 1836 4105 1932 4169; x_wconf 86' lang='lat' dir='ltr'><strong>facit:</strong></span> <span class='ocrx_word' id='word_1_596' title='bbox 1965 4105 2154 4188; x_wconf 86' lang='lat' dir='ltr'><strong>malignitas</strong></span> 
     </span>
     <span class='ocr_line' id='line_1_45' title="bbox 162 4188 2151 4275; baseline 0.001 -22"><span class='ocrx_word' id='word_1_597' title='bbox 162 4210 253 4272; x_wconf 84' lang='lat' dir='ltr'><strong>spem</strong></span> <span class='ocrx_word' id='word_1_598' title='bbox 272 4199 431 4269; x_wconf 83' lang='lat' dir='ltr'><strong>serratus,</strong></span> <span class='ocrx_word' id='word_1_599' title='bbox 449 4189 511 4254; x_wconf 91' lang='lat' dir='ltr'><strong>boo</strong></span> <span class='ocrx_word' id='word_1_600' title='bbox 528 4189 678 4271; x_wconf 92' lang='lat' dir='ltr'><strong>exemplo</strong></span> <span class='ocrx_word' id='word_1_601' title='bbox 697 4189 737 4253; x_wconf 92' lang='lat' dir='ltr'><strong>de</strong></span> <span class='ocrx_word' id='word_1_602' title='bbox 754 4198 911 4272; x_wconf 90' lang='lat' dir='ltr'><strong>perpetua</strong></span> <span class='ocrx_word' id='word_1_603' title='bbox 929 4197 963 4253; x_wconf 90' lang='lat' dir='ltr'><strong>et</strong></span> <span class='ocrx_word' id='word_1_604' title='bbox 974 4188 1133 4253; x_wconf 89' lang='lat' dir='ltr'><strong>immensa</strong></span> <span class='ocrx_word' id='word_1_605' title='bbox 1184 4212 1261 4257; x_wconf 90' lang='lat' dir='ltr'><strong>vero</strong></span> <span class='ocrx_word' id='word_1_606' title='bbox 1293 4201 1328 4254; x_wconf 89' lang='lat' dir='ltr'><strong>et</strong></span> <span class='ocrx_word' id='word_1_607' title='bbox 1359 4188 1563 4274; x_wconf 86' lang='lat' dir='ltr'><strong>ingratitudo</strong></span> <span class='ocrx_word' id='word_1_608' title='bbox 1596 4192 1734 4275; x_wconf 87' lang='lat' dir='ltr'><strong>gratiam</strong></span> <span class='ocrx_word' id='word_1_609' title='bbox 1769 4190 1841 4273; x_wconf 90' lang='lat' dir='ltr'><strong>Dei,</strong></span> <span class='ocrx_word' id='word_1_610' title='bbox 1875 4193 2084 4273; x_wconf 86' lang='lat' dir='ltr'><strong>quantumvis</strong></span> <span class='ocrx_word' id='word_1_611' title='bbox 2117 4193 2151 4256; x_wconf 89' lang='lat' dir='ltr'><strong>in</strong></span> 
     </span>
     <span class='ocr_line' id='line_1_46' title="bbox 163 4273 2153 4360; baseline 0.002 -22"><span class='ocrx_word' id='word_1_612' title='bbox 163 4295 241 4359; x_wconf 89' lang='lat' dir='ltr'><strong>erga</strong></span> <span class='ocrx_word' id='word_1_613' title='bbox 263 4285 396 4340; x_wconf 88' lang='lat' dir='ltr'><strong>cunctos</strong></span> <span class='ocrx_word' id='word_1_614' title='bbox 417 4274 530 4340; x_wconf 90' lang='lat' dir='ltr'><strong>fideles</strong></span> <span class='ocrx_word' id='word_1_615' title='bbox 551 4273 615 4338; x_wconf 91' lang='lat' dir='ltr'><strong>Dei</strong></span> <span class='ocrx_word' id='word_1_616' title='bbox 641 4274 785 4339; x_wconf 91' lang='lat' dir='ltr'><strong>bonitate</strong></span> <span class='ocrx_word' id='word_1_617' title='bbox 807 4275 939 4340; x_wconf 91' lang='lat' dir='ltr'><strong>edoctus</strong></span> <span class='ocrx_word' id='word_1_618' title='bbox 959 4274 1073 4351; x_wconf 85' lang='lat' dir='ltr'><strong>fuerat,</strong></span> <span class='ocrx_word' id='word_1_619' title='bbox 1095 4273 1132 4338; x_wconf 91' lang='lat' dir='ltr'><strong>in</strong></span> <span class='ocrx_word' id='word_1_620' title='bbox 1183 4297 1242 4342; x_wconf 91' lang='lat' dir='ltr'><strong>nos</strong></span> <span class='ocrx_word' id='word_1_621' title='bbox 1274 4285 1475 4359; x_wconf 87' lang='lat' dir='ltr'><strong>prorogetur,</strong></span> <span class='ocrx_word' id='word_1_622' title='bbox 1516 4288 1777 4340; x_wconf 89' lang='lat' dir='ltr'><strong>momentaneam</strong></span> <span class='ocrx_word' id='word_1_623' title='bbox 1812 4297 1882 4341; x_wconf 90' lang='lat' dir='ltr'><strong>esse</strong></span> <span class='ocrx_word' id='word_1_624' title='bbox 1914 4277 2019 4360; x_wconf 88' lang='lat' dir='ltr'><strong>fingit.</strong></span> <span class='ocrx_word' id='word_1_625' title='bbox 2076 4276 2153 4343; x_wconf 83' lang='lat' dir='ltr'><strong>Sola</strong></span> 
     </span>
     <span class='ocr_line' id='line_1_47' title="bbox 162 4359 2153 4446; baseline 0.001 -22"><span class='ocrx_word' id='word_1_626' title='bbox 162 4361 248 4425; x_wconf 87' lang='lat' dir='ltr'><strong>hanc</strong></span> <span class='ocrx_word' id='word_1_627' title='bbox 268 4359 530 4426; x_wconf 89' lang='lat' dir='ltr'><strong>exhortationem</strong></span> <span class='ocrx_word' id='word_1_628' title='bbox 554 4360 705 4441; x_wconf 86' lang='lat' dir='ltr'><strong>erumpit,</strong></span> <span class='ocrx_word' id='word_1_629' title='bbox 729 4379 792 4442; x_wconf 90' lang='lat' dir='ltr'><strong>qua</strong></span> <span class='ocrx_word' id='word_1_630' title='bbox 809 4380 1013 4425; x_wconf 91' lang='lat' dir='ltr'><strong>communem</strong></span> <span class='ocrx_word' id='word_1_631' title='bbox 1031 4359 1132 4424; x_wconf 87' lang='lat' dir='ltr'><strong>totius</strong></span> <span class='ocrx_word' id='word_1_632' title='bbox 1183 4363 1284 4446; x_wconf 85' lang='lat' dir='ltr'><strong>igitur</strong></span> <span class='ocrx_word' id='word_1_633' title='bbox 1311 4375 1424 4427; x_wconf 89' lang='lat' dir='ltr'><strong>nostra</strong></span> <span class='ocrx_word' id='word_1_634' title='bbox 1458 4363 1604 4444; x_wconf 86' lang='lat' dir='ltr'><strong>pravitas</strong></span> <span class='ocrx_word' id='word_1_635' title='bbox 1639 4361 1774 4444; x_wconf 91' lang='lat' dir='ltr'><strong>impedit</strong></span> <span class='ocrx_word' id='word_1_636' title='bbox 1809 4362 1984 4445; x_wconf 90' lang='lat' dir='ltr'><strong>quominus</strong></span> <span class='ocrx_word' id='word_1_637' title='bbox 2020 4364 2153 4444; x_wconf 90' lang='lat' dir='ltr'><strong>reipsa</strong></span> 
     </span>
     <span class='ocr_line' id='line_1_48' title="bbox 162 4444 2151 4530; baseline -0.001 -18"><span class='ocrx_word' id='word_1_638' title='bbox 162 4446 317 4512; x_wconf 86' lang='lat' dir='ltr'><strong>eeclesiae</strong></span> <span class='ocrx_word' id='word_1_639' title='bbox 352 4446 490 4510; x_wconf 91' lang='lat' dir='ltr'><strong>salutem</strong></span> <span class='ocrx_word' id='word_1_640' title='bbox 527 4466 603 4512; x_wconf 90' lang='lat' dir='ltr'><strong>oum</strong></span> <span class='ocrx_word' id='word_1_641' title='bbox 639 4466 699 4510; x_wconf 88' lang='lat' dir='ltr'><strong>aaa</strong></span> <span class='ocrx_word' id='word_1_642' title='bbox 731 4447 966 4528; x_wconf 80' lang='lat' dir='ltr'><strong>complectitur.</strong></span> <span class='ocrx_word' id='word_1_643' title='bbox 1016 4444 1132 4527; x_wconf 88' lang='lat' dir='ltr'><strong>Neque</strong></span> <span class='ocrx_word' id='word_1_644' title='bbox 1183 4449 1362 4514; x_wconf 88' lang='lat' dir='ltr'><strong>sentiamus</strong></span> <span class='ocrx_word' id='word_1_645' title='bbox 1396 4467 1509 4513; x_wconf 91' lang='lat' dir='ltr'><strong>omues</strong></span> <span class='ocrx_word' id='word_1_646' title='bbox 1542 4450 1622 4511; x_wconf 90' lang='lat' dir='ltr'><strong>iram</strong></span> <span class='ocrx_word' id='word_1_647' title='bbox 1656 4449 1717 4513; x_wconf 91' lang='lat' dir='ltr'><strong>Dei</strong></span> <span class='ocrx_word' id='word_1_648' title='bbox 1740 4448 1875 4514; x_wconf 86' lang='lat' dir='ltr'><strong>brevem</strong></span> <span class='ocrx_word' id='word_1_649' title='bbox 1898 4468 1977 4528; x_wconf 89' lang='lat' dir='ltr'><strong>esse,</strong></span> <span class='ocrx_word' id='word_1_650' title='bbox 2014 4448 2151 4530; x_wconf 87' lang='lat' dir='ltr'><strong>gratiam</strong></span> 
     </span>
     <span class='ocr_line' id='line_1_49' title="bbox 161 4531 2151 4618; baseline 0.002 -23"><span class='ocrx_word' id='word_1_651' title='bbox 161 4531 250 4597; x_wconf 92' lang='lat' dir='ltr'><strong>onim</strong></span> <span class='ocrx_word' id='word_1_652' title='bbox 273 4531 390 4596; x_wconf 85' lang='lat' dir='ltr'><strong>recitat</strong></span> <span class='ocrx_word' id='word_1_653' title='bbox 422 4540 549 4596; x_wconf 86' lang='lat' dir='ltr'><strong>tantum</strong></span> <span class='ocrx_word' id='word_1_654' title='bbox 582 4531 711 4612; x_wconf 88' lang='lat' dir='ltr'><strong>qualem</strong></span> <span class='ocrx_word' id='word_1_655' title='bbox 744 4532 815 4614; x_wconf 91' lang='lat' dir='ltr'><strong>ipse</strong></span> <span class='ocrx_word' id='word_1_656' title='bbox 843 4532 953 4596; x_wconf 92' lang='lat' dir='ltr'><strong>Deum</strong></span> <span class='ocrx_word' id='word_1_657' title='bbox 976 4540 1132 4614; x_wconf 88' lang='lat' dir='ltr'><strong>expertus</strong></span> <span class='ocrx_word' id='word_1_658' title='bbox 1183 4555 1262 4599; x_wconf 85' lang='lat' dir='ltr'><strong>vero</strong></span> <span class='ocrx_word' id='word_1_659' title='bbox 1294 4542 1362 4599; x_wconf 92' lang='lat' dir='ltr'><strong>toto</strong></span> <span class='ocrx_word' id='word_1_660' title='bbox 1396 4535 1482 4598; x_wconf 87' lang='lat' dir='ltr'><strong>vitae</strong></span> <span class='ocrx_word' id='word_1_661' title='bbox 1514 4553 1611 4599; x_wconf 85' lang='lat' dir='ltr'><strong>curun</strong></span> <span class='ocrx_word' id='word_1_662' title='bbox 1644 4534 1680 4599; x_wconf 92' lang='lat' dir='ltr'><strong>in</strong></span> <span class='ocrx_word' id='word_1_663' title='bbox 1713 4554 1773 4599; x_wconf 90' lang='lat' dir='ltr'><strong>noe</strong></span> <span class='ocrx_word' id='word_1_664' title='bbox 1808 4534 1985 4618; x_wconf 87' lang='lat' dir='ltr'><strong>prorogari.</strong></span> <span class='ocrx_word' id='word_1_665' title='bbox 2039 4534 2151 4615; x_wconf 90' lang='lat' dir='ltr'><strong>Neque</strong></span> 
     </span>
     <span class='ocr_line' id='line_1_50' title="bbox 163 4616 2152 4702; baseline 0.002 -23"><span class='ocrx_word' id='word_1_666' title='bbox 163 4617 271 4697; x_wconf 87' lang='lat' dir='ltr'><strong>luerit,</strong></span> <span class='ocrx_word' id='word_1_667' title='bbox 292 4616 349 4682; x_wconf 90' lang='lat' dir='ltr'><strong>sed</strong></span> <span class='ocrx_word' id='word_1_668' title='bbox 371 4637 468 4699; x_wconf 89' lang='lat' dir='ltr'><strong>quam</strong></span> <span class='ocrx_word' id='word_1_669' title='bbox 487 4616 665 4680; x_wconf 88' lang='lat' dir='ltr'><strong>liberaliter</strong></span> <span class='ocrx_word' id='word_1_670' title='bbox 682 4637 908 4700; x_wconf 89' lang='lat' dir='ltr'><strong>propensoque</strong></span> <span class='ocrx_word' id='word_1_671' title='bbox 925 4617 1037 4682; x_wconf 85' lang='lat' dir='ltr'><strong>lavore</strong></span> <span class='ocrx_word' id='word_1_672' title='bbox 1055 4636 1131 4681; x_wconf 90' lang='lat' dir='ltr'><strong>suos</strong></span> <span class='ocrx_word' id='word_1_673' title='bbox 1183 4621 1270 4685; x_wconf 94' lang='lat' dir='ltr'><strong>enim</strong></span> <span class='ocrx_word' id='word_1_674' title='bbox 1289 4621 1412 4686; x_wconf 82' lang='lat' dir='ltr'><strong>frustra</strong></span> <span class='ocrx_word' id='word_1_675' title='bbox 1441 4621 1535 4685; x_wconf 89' lang='lat' dir='ltr'><strong>toties</strong></span> <span class='ocrx_word' id='word_1_676' title='bbox 1568 4620 1761 4702; x_wconf 89' lang='lat' dir='ltr'><strong>pronuntiat</strong></span> <span class='ocrx_word' id='word_1_677' title='bbox 1787 4640 1822 4683; x_wconf 89' lang='lat' dir='ltr'><strong>se</strong></span> <span class='ocrx_word' id='word_1_678' title='bbox 1845 4617 2082 4685; x_wconf 86' lang='lat' dir='ltr'><strong>misericordem</strong></span> <span class='ocrx_word' id='word_1_679' title='bbox 2118 4627 2152 4683; x_wconf 94' lang='lat' dir='ltr'><strong>et</strong></span> 
     </span>
     <span class='ocr_line' id='line_1_51' title="bbox 162 4701 2150 4790; baseline 0.001 -24"><span class='ocrx_word' id='word_1_680' title='bbox 162 4723 277 4768; x_wconf 88' lang='lat' dir='ltr'><strong>omnes</strong></span> <span class='ocrx_word' id='word_1_681' title='bbox 298 4702 413 4767; x_wconf 87' lang='lat' dir='ltr'><strong>iuvare</strong></span> <span class='ocrx_word' id='word_1_682' title='bbox 439 4703 549 4767; x_wconf 91' lang='lat' dir='ltr'><strong>soleat.</strong></span> <span class='ocrx_word' id='word_1_683' title='bbox 593 4701 746 4784; x_wconf 93' lang='lat' dir='ltr'><strong>Denique</strong></span> <span class='ocrx_word' id='word_1_684' title='bbox 768 4724 833 4768; x_wconf 91' lang='lat' dir='ltr'><strong>uno</strong></span> <span class='ocrx_word' id='word_1_685' title='bbox 856 4702 1050 4768; x_wconf 88' lang='lat' dir='ltr'><strong>documento</strong></span> <span class='ocrx_word' id='word_1_686' title='bbox 1074 4701 1132 4767; x_wconf 89' lang='lat' dir='ltr'><strong>ad·</strong></span> <span class='ocrx_word' id='word_1_687' title='bbox 1183 4706 1357 4787; x_wconf 88' lang='lat' dir='ltr'><strong>propitium</strong></span> <span class='ocrx_word' id='word_1_688' title='bbox 1381 4727 1452 4771; x_wconf 90' lang='lat' dir='ltr'><strong>esse</strong></span> <span class='ocrx_word' id='word_1_689' title='bbox 1468 4707 1503 4771; x_wconf 92' lang='lat' dir='ltr'><strong>iu</strong></span> <span class='ocrx_word' id='word_1_690' title='bbox 1526 4706 1615 4770; x_wconf 92' lang='lat' dir='ltr'><strong>mille</strong></span> <span class='ocrx_word' id='word_1_691' title='bbox 1637 4706 1871 4790; x_wconf 86' lang='lat' dir='ltr'><strong>generationes,</strong></span> <span class='ocrx_word' id='word_1_692' title='bbox 1893 4704 2009 4784; x_wconf 86' lang='lat' dir='ltr'><strong>longae</strong></span> <span class='ocrx_word' id='word_1_693' title='bbox 2027 4705 2150 4786; x_wconf 89' lang='lat' dir='ltr'><strong>patien-</strong></span> 
     </span>
     <span class='ocr_line' id='line_1_52' title="bbox 163 4787 2151 4872; baseline 0.001 -19"><span class='ocrx_word' id='word_1_694' title='bbox 163 4790 317 4865; x_wconf 89' lang='lat' dir='ltr'><strong>muuitns,</strong></span> <span class='ocrx_word' id='word_1_695' title='bbox 337 4787 377 4852; x_wconf 93' lang='lat' dir='ltr'><strong>ad</strong></span> <span class='ocrx_word' id='word_1_696' title='bbox 396 4789 578 4870; x_wconf 90' lang='lat' dir='ltr'><strong>generalem</strong></span> <span class='ocrx_word' id='word_1_697' title='bbox 598 4788 780 4852; x_wconf 88' lang='lat' dir='ltr'><strong>doctrinam</strong></span> <span class='ocrx_word' id='word_1_698' title='bbox 799 4808 917 4853; x_wconf 89' lang='lat' dir='ltr'><strong>sensus</strong></span> <span class='ocrx_word' id='word_1_699' title='bbox 934 4788 1131 4852; x_wconf 86' lang='lat' dir='ltr'><strong>snosrefert.</strong></span> <span class='ocrx_word' id='word_1_700' title='bbox 1184 4793 1257 4869; x_wconf 87' lang='lat' dir='ltr'><strong>tiae,</strong></span> <span class='ocrx_word' id='word_1_701' title='bbox 1279 4791 1410 4856; x_wconf 90' lang='lat' dir='ltr'><strong>tardum</strong></span> <span class='ocrx_word' id='word_1_702' title='bbox 1439 4791 1480 4856; x_wconf 90' lang='lat' dir='ltr'><strong>ad</strong></span> <span class='ocrx_word' id='word_1_703' title='bbox 1502 4793 1594 4868; x_wconf 85' lang='lat' dir='ltr'><strong>iram,</strong></span> <span class='ocrx_word' id='word_1_704' title='bbox 1625 4790 1666 4856; x_wconf 91' lang='lat' dir='ltr'><strong>ad</strong></span> <span class='ocrx_word' id='word_1_705' title='bbox 1695 4790 1834 4855; x_wconf 91' lang='lat' dir='ltr'><strong>dandam</strong></span> <span class='ocrx_word' id='word_1_706' title='bbox 1858 4790 1988 4856; x_wconf 82' lang='lat' dir='ltr'><strong>reniam</strong></span> <span class='ocrx_word' id='word_1_707' title='bbox 2011 4810 2151 4872; x_wconf 89' lang='lat' dir='ltr'><strong>propen-</strong></span> 
     </span>
     <span class='ocr_line' id='line_1_53' title="bbox 162 4872 2150 4959; baseline 0.001 -20"><span class='ocrx_word' id='word_1_708' title='bbox 162 4873 252 4954; x_wconf 79' lang='lat' dir='ltr'><strong>Quid</strong></span> <span class='ocrx_word' id='word_1_709' title='bbox 275 4874 384 4938; x_wconf 85' lang='lat' dir='ltr'><strong>valeat</strong></span> <span class='ocrx_word' id='word_1_710' title='bbox 409 4875 590 4956; x_wconf 90' lang='lat' dir='ltr'><strong>epithetum</strong></span> <span class='ocrx_word' id='word_1_711' title='bbox 619 4883 766 4957; x_wconf 55' lang='lat' dir='ltr'><strong>omnm,</strong></span> <span class='ocrx_word' id='word_1_712' title='bbox 800 4894 863 4955; x_wconf 91' lang='lat' dir='ltr'><strong>qno</strong></span> <span class='ocrx_word' id='word_1_713' title='bbox 893 4894 990 4958; x_wconf 89' lang='lat' dir='ltr'><strong>saepe</strong></span> <span class='ocrx_word' id='word_1_714' title='bbox 1018 4872 1132 4937; x_wconf 89' lang='lat' dir='ltr'><strong>fideles</strong></span> <span class='ocrx_word' id='word_1_715' title='bbox 1183 4898 1255 4942; x_wconf 87' lang='lat' dir='ltr'><strong>sum</strong></span> <span class='ocrx_word' id='word_1_716' title='bbox 1279 4886 1313 4941; x_wconf 91' lang='lat' dir='ltr'><strong>et</strong></span> <span class='ocrx_word' id='word_1_717' title='bbox 1332 4877 1470 4959; x_wconf 87' lang='lat' dir='ltr'><strong>facilem,</strong></span> <span class='ocrx_word' id='word_1_718' title='bbox 1500 4886 1533 4941; x_wconf 91' lang='lat' dir='ltr'><strong>et</strong></span> <span class='ocrx_word' id='word_1_719' title='bbox 1561 4878 1645 4959; x_wconf 91' lang='lat' dir='ltr'><strong>quod</strong></span> <span class='ocrx_word' id='word_1_720' title='bbox 1668 4877 1746 4943; x_wconf 86' lang='lat' dir='ltr'><strong>dieit</strong></span> <span class='ocrx_word' id='word_1_721' title='bbox 1768 4897 1827 4959; x_wconf 90' lang='lat' dir='ltr'><strong>per</strong></span> <span class='ocrx_word' id='word_1_722' title='bbox 1854 4876 1984 4952; x_wconf 89' lang='lat' dir='ltr'><strong>Isaiam,</strong></span> <span class='ocrx_word' id='word_1_723' title='bbox 2013 4875 2089 4958; x_wconf 88' lang='lat' dir='ltr'><strong>quia</strong></span> <span class='ocrx_word' id='word_1_724' title='bbox 2110 4875 2150 4941; x_wconf 93' lang='lat' dir='ltr'><strong>ad</strong></span> 
     </span>
     <span class='ocr_line' id='line_1_54' title="bbox 162 4958 2150 5045; baseline 0.003 -23"><span class='ocrx_word' id='word_1_725' title='bbox 162 4959 299 5044; x_wconf 84' lang='lat' dir='ltr'><strong>insignit</strong></span> <span class='ocrx_word' id='word_1_726' title='bbox 329 4958 448 5039; x_wconf 85' lang='lat' dir='ltr'><strong>David,</strong></span> <span class='ocrx_word' id='word_1_727' title='bbox 478 4959 601 5024; x_wconf 91' lang='lat' dir='ltr'><strong>dictum</strong></span> <span class='ocrx_word' id='word_1_728' title='bbox 631 4969 681 5023; x_wconf 91' lang='lat' dir='ltr'><strong>est</strong></span> <span class='ocrx_word' id='word_1_729' title='bbox 710 4958 840 5023; x_wconf 89' lang='lat' dir='ltr'><strong>Psalmo</strong></span> <span class='ocrx_word' id='word_1_730' title='bbox 872 4958 922 5023; x_wconf 89' lang='grc'><strong>16.</strong></span> <span class='ocrx_word' id='word_1_731' title='bbox 975 4959 1132 5024; x_wconf 87' lang='lat' dir='ltr'><strong>Ouelestie</strong></span> <span class='ocrx_word' id='word_1_732' title='bbox 1184 4983 1323 5044; x_wconf 88' lang='lat' dir='ltr'><strong>regnum</strong></span> <span class='ocrx_word' id='word_1_733' title='bbox 1357 4962 1481 5028; x_wconf 84' lang='lat' dir='ltr'><strong>Christi</strong></span> <span class='ocrx_word' id='word_1_734' title='bbox 1515 4972 1647 5043; x_wconf 88' lang='lat' dir='ltr'><strong>spectat,</strong></span> <span class='ocrx_word' id='word_1_735' title='bbox 1682 4961 1823 5045; x_wconf 91' lang='lat' dir='ltr'><strong>qnotidie</strong></span> <span class='ocrx_word' id='word_1_736' title='bbox 1856 4959 1986 5043; x_wconf 89' lang='lat' dir='ltr'><strong>impleri</strong></span> <span class='ocrx_word' id='word_1_737' title='bbox 2019 4981 2150 5027; x_wconf 89' lang='lat' dir='ltr'><strong>necesse</strong></span> 
     </span>
     <span class='ocr_line' id='line_1_55' title="bbox 1184 5045 2150 5122; baseline 0 -10"><span class='ocrx_word' id='word_1_738' title='bbox 1184 5057 1248 5112; x_wconf 92' lang='lat' dir='ltr'><strong>est:</strong></span> <span class='ocrx_word' id='word_1_739' title='bbox 1271 5047 1324 5113; x_wconf 89' lang='lat' dir='ltr'><strong>Ad</strong></span> <span class='ocrx_word' id='word_1_740' title='bbox 1338 5056 1540 5112; x_wconf 90' lang='lat' dir='ltr'><strong>momentum</strong></span> <span class='ocrx_word' id='word_1_741' title='bbox 1563 5048 1597 5110; x_wconf 93' lang='lat' dir='ltr'><strong>in</strong></span> <span class='ocrx_word' id='word_1_742' title='bbox 1618 5049 1668 5112; x_wconf 89' lang='lat' dir='ltr'><strong>ira</strong></span> <span class='ocrx_word' id='word_1_743' title='bbox 1690 5068 1761 5111; x_wconf 92' lang='lat' dir='ltr'><strong>mea</strong></span> <span class='ocrx_word' id='word_1_744' title='bbox 1782 5047 1884 5111; x_wconf 81' lang='lat' dir='ltr'><strong>afflixi</strong></span> <span class='ocrx_word' id='word_1_745' title='bbox 1907 5054 1950 5122; x_wconf 92' lang='lat' dir='ltr'><strong>te,</strong></span> <span class='ocrx_word' id='word_1_746' title='bbox 1973 5045 2029 5111; x_wconf 90' lang='lat' dir='ltr'><strong>sed</strong></span> <span class='ocrx_word' id='word_1_747' title='bbox 2053 5049 2150 5112; x_wconf 91' lang='lat' dir='ltr'><strong>mise·</strong></span> 
     </span>
     <span class='ocr_line' id='line_1_56' title="bbox 231 5131 2150 5257; baseline -0.001 -23"><span class='ocrx_word' id='word_1_748' title='bbox 231 5180 261 5257; x_wconf 76' lang='lat'><strong>‘)</strong></span> <span class='ocrx_word' id='word_1_749' title='bbox 278 5183 414 5235; x_wconf 77' lang='lat' dir='ltr'><strong>confessos</strong></span> <span class='ocrx_word' id='word_1_750' title='bbox 432 5181 449 5235; x_wconf 77' lang='lat' dir='ltr'><strong>t</strong></span> <span class='ocrx_word' id='word_1_751' title='bbox 466 5181 493 5233; x_wconf 90' lang='lat' dir='ltr'><strong>la</strong></span> <span class='ocrx_word' id='word_1_752' title='bbox 510 5181 638 5235; x_wconf 88' lang='lat' dir='ltr'><strong>memoire</strong></span> <span class='ocrx_word' id='word_1_753' title='bbox 657 5180 691 5234; x_wconf 88' lang='lat' dir='ltr'><strong>de</strong></span> <span class='ocrx_word' id='word_1_754' title='bbox 710 5197 741 5233; x_wconf 91' lang='lat' dir='ltr'><strong>sa</strong></span> <span class='ocrx_word' id='word_1_755' title='bbox 756 5179 895 5243; x_wconf 82' lang='lat' dir='ltr'><strong>sainctete,</strong></span> <span class='ocrx_word' id='word_1_756' title='bbox 913 5195 949 5233; x_wconf 81' lang='lat' dir='ltr'><strong>ert</strong></span> <span class='ocrx_word' id='word_1_757' title='bbox 965 5195 1072 5250; x_wconf 77' lang='lat' dir='ltr'><strong>merge:</strong></span> <span class='ocrx_word' id='word_1_758' title='bbox 1091 5197 1135 5246; x_wconf 88' lang='lat' dir='ltr'><strong>ou,</strong></span> <span class='ocrx_word' id='word_1_759' title='bbox 1184 5133 1333 5235; x_wconf 62' lang='lat' dir='ltr'><strong>rl⁰9rdii⁸</strong></span> <span class='ocrx_word' id='word_1_760' title='bbox 1351 5133 1559 5216; x_wconf 57' lang='lat' dir='ltr'><strong>sempiternis</strong></span> <span class='ocrx_word' id='word_1_761' title='bbox 1578 5143 1610 5196; x_wconf 50' lang='grc' dir='ltr'><strong>ιθ</strong></span> <span class='ocrx_word' id='word_1_762' title='bbox 1629 5132 1790 5230; x_wconf 57' lang='lat' dir='ltr'><strong>⁰⁰lllga¹d¹⁹</strong></span> <span class='ocrx_word' id='word_1_763' title='bbox 1814 5132 1895 5231; x_wconf 58' lang='lat' dir='ltr'><strong>lesa·</strong></span> <span class='ocrx_word' id='word_1_764' title='bbox 1919 5131 1971 5210; x_wconf 58' lang='grc' dir='ltr'><strong>Μ’</strong></span> <span class='ocrx_word' id='word_1_765' title='bbox 1996 5133 2024 5196; x_wconf 66' lang='lat'><strong>7‘</strong></span> <span class='ocrx_word' id='word_1_766' title='bbox 2066 5133 2150 5233; x_wconf 51' lang='grc' dir='ltr'><strong>ΟΨ</strong></span> 
     </span>
     <span class='ocr_line' id='line_1_57' title="bbox 161 5217 2152 5318; baseline 0 -34"><span class='ocrx_word' id='word_1_767' title='bbox 161 5250 275 5304; x_wconf 56' lang='lat' dir='ltr'><strong>,mm</strong></span> <span class='ocrx_word' id='word_1_768' title='bbox 293 5248 345 5302; x_wconf 80' lang='lat' dir='ltr'><strong>adn</strong></span> <span class='ocrx_word' id='word_1_769' title='bbox 364 5248 428 5318; x_wconf 79' lang='lat' dir='ltr'><strong>qu’it</strong></span> <span class='ocrx_word' id='word_1_770' title='bbox 445 5249 497 5302; x_wconf 80' lang='lat' dir='ltr'><strong>soit</strong></span> <span class='ocrx_word' id='word_1_771' title='bbox 515 5249 651 5303; x_wconf 55' lang='lat' dir='ltr'><strong>mmm,</strong></span> <span class='ocrx_word' id='word_1_772' title='bbox 1185 5219 1265 5285; x_wconf 82' lang='lat' dir='ltr'><strong>drtro</strong></span> <span class='ocrx_word' id='word_1_773' title='bbox 1287 5230 1409 5299; x_wconf 85' lang='lat' dir='ltr'><strong>nostra,</strong></span> <span class='ocrx_word' id='word_1_774' title='bbox 1438 5221 1549 5294; x_wconf 86' lang='lat' dir='ltr'><strong>fateor,</strong></span> <span class='ocrx_word' id='word_1_775' title='bbox 1583 5227 1630 5282; x_wconf 90' lang='lat' dir='ltr'><strong>tot</strong></span> <span class='ocrx_word' id='word_1_776' title='bbox 1652 5237 1790 5281; x_wconf 78' lang='lat' dir='ltr'><strong>miserus</strong></span> <span class='ocrx_word' id='word_1_777' title='bbox 1811 5238 1846 5280; x_wconf 90' lang='lat' dir='ltr'><strong>1n</strong></span> <span class='ocrx_word' id='word_1_778' title='bbox 1869 5217 1931 5284; x_wconf 91' lang='lat' dir='ltr'><strong>hoc</strong></span> <span class='ocrx_word' id='word_1_779' title='bbox 1951 5218 2074 5284; x_wconf 91' lang='lat' dir='ltr'><strong>mundo</strong></span> <span class='ocrx_word' id='word_1_780' title='bbox 2092 5241 2152 5284; x_wconf 83' lang='lat' dir='ltr'><strong>rm-</strong></span> 
     </span>
     <span class='ocr_line' id='line_1_58' title="bbox 215 5303 2152 5388; baseline 0 -17"><span class='ocrx_word' id='word_1_781' title='bbox 215 5318 263 5386; x_wconf 68' lang='lat' dir='ltr'><strong>”t</strong></span> <span class='ocrx_word' id='word_1_782' title='bbox 280 5320 331 5384; x_wconf 84' lang='lat' dir='ltr'><strong>rie,</strong></span> <span class='ocrx_word' id='word_1_783' title='bbox 347 5331 383 5371; x_wconf 80' lang='lat' dir='ltr'><strong>sa</strong></span> <span class='ocrx_word' id='word_1_784' title='bbox 397 5309 510 5386; x_wconf 67' lang='lat' dir='ltr'><strong>‘maces</strong></span> <span class='ocrx_word' id='word_1_785' title='bbox 527 5336 563 5372; x_wconf 85' lang='lat' dir='ltr'><strong>on</strong></span> <span class='ocrx_word' id='word_1_786' title='bbox 580 5335 616 5370; x_wconf 88' lang='lat' dir='ltr'><strong>un</strong></span> <span class='ocrx_word' id='word_1_787' title='bbox 634 5319 699 5387; x_wconf 82' lang='lat' dir='ltr'><strong>long</strong></span> <span class='ocrx_word' id='word_1_788' title='bbox 716 5324 817 5388; x_wconf 84' lang='lat' dir='ltr'><strong>tempe.</strong></span> <span class='ocrx_word' id='word_1_789' title='bbox 1185 5305 1298 5388; x_wconf 90' lang='lat' dir='ltr'><strong>plicita</strong></span> <span class='ocrx_word' id='word_1_790' title='bbox 1319 5312 1377 5384; x_wconf 92' lang='lat' dir='ltr'><strong>est,</strong></span> <span class='ocrx_word' id='word_1_791' title='bbox 1410 5313 1564 5388; x_wconf 84' lang='lat' dir='ltr'><strong>tantaque</strong></span> <span class='ocrx_word' id='word_1_792' title='bbox 1597 5303 1757 5369; x_wconf 83' lang='lat' dir='ltr'><strong>varietate</strong></span> <span class='ocrx_word' id='word_1_793' title='bbox 1789 5303 1942 5387; x_wconf 66' lang='lat' dir='ltr'><strong>agitatum,</strong></span> <span class='ocrx_word' id='word_1_794' title='bbox 1975 5314 2011 5370; x_wconf 93' lang='lat' dir='ltr'><strong>nt</strong></span> <span class='ocrx_word' id='word_1_795' title='bbox 2040 5304 2152 5372; x_wconf 91' lang='lat' dir='ltr'><strong>nullus</strong></span> 
     </span>
     <span class='ocr_line' id='line_1_59' title="bbox 1896 5405 1946 5459; baseline 0 0"><span class='ocrx_word' id='word_1_796' title='bbox 1896 5405 1946 5459; x_wconf 79' lang='lat'><strong>19·</strong></span> 
     </span>
    </p>
   </div>
   <div class='ocr_carea' id='block_1_3' title="bbox 0 0 2334 5856">
    <p class='ocr_par' dir='ltr' id='par_1_3' title="bbox 0 0 2334 5856">
     <span class='ocr_line' id='line_1_60' title="bbox 0 0 2334 5856; baseline 0 1"><span class='ocrx_word' id='word_1_797' title='bbox 0 0 2334 5856; x_wconf 95' lang='lat' dir='ltr'><strong> </strong></span> 
     </span>
    </p>
   </div>
  </div>
 </body>
</html>
