4658 5856
171 345 235 413 333
987 344 1204 412 PSALMUS
1226 344 1397 411 XXXIII.
2105 352 2169 419 334

172 536 293 605 dixerit
326 536 455 603 beatum
490 557 561 601 esse
592 535 768 619 populum,
809 535 901 600 cuius
933 534 1058 601 Iehova
1090 542 1141 598 est
1192 553 1276 616 quae
1293 532 1347 601 hio
1365 534 1417 600 bis
1434 534 1609 617 repetitur,
1628 537 1719 603 varie
1737 538 1877 603 sumitur
1894 538 2167 629 epudHebraeos‚

173 626 274 702 Deus,
297 623 375 706 quia
397 632 492 688 extra
513 621 621 705 ipsum
651 619 809 705 quidquid
832 621 966 687 virtutis
988 631 1022 686 et
1041 640 1140 704 opum
1192 619 1313 702 duplex
1335 630 1444 702 potest
1464 642 1534 687 esse
1553 642 1679 688 sensus.
1712 622 1798 688 Nam
1816 623 1844 688 si
1864 633 2002 706 utroque
2021 628 2166 695 membro

173 718 334 795 suppetat,
364 708 471 786 inane,
500 706 618 784 fallax,
645 718 679 772 et
707 705 882 772 evanidam
910 707 1041 771 tandem
1070 705 1141 785 erit,
1192 705 1390 771 affirmative
1412 706 1616 789 exponimus,
1648 716 1715 773 tam
1747 707 1787 774 de
1816 729 1876 774 sua
1905 710 2038 789 laetitia,
2067 735 2165 796 qnam

172 797 242 880 ipse
263 805 374 861 antem
403 792 472 861 solo
496 792 619 858 intuitu
650 791 763 857 fideles
785 814 861 858 suos
882 801 1042 877 protegat,
1072 812 1141 857 suc·
1194 790 1233 855 de
1255 811 1312 873 spe
1334 791 1566 875 gloriabuntur
1588 791 1709 874 fideles,
1732 815 1792 862 nec
1815 794 1897 860 mihi
1919 795 2075 878 displicet,
2098 821 2164 865 nno

172 889 285 949 currat
314 900 428 947 eorum
456 879 604 961 inopiae,
633 877 797 943 famelicos
826 886 947 963 passm,
980 877 1143 960 mortique
1193 886 1359 954 contextu,
1391 878 1544 944 distincte
1577 888 1686 944 tamen
1716 880 1796 946 haec
1826 880 1889 946 duo
1911 881 2034 962 referri,
2065 882 2164 953 Gerte

174 968 353 1034 destinatos
384 965 537 1031 vivificet.
590 962 663 1029 Etsi
696 974 806 1029 autem
841 964 904 1030 Dei
936 962 1143 1048 providentia
1193 961 1286 1026 Deus
1307 983 1438 1046 semper
1460 975 1572 1029 nostra
1595 964 1722 1031 laetitia
1744 966 1816 1042 erit,
1839 975 1927 1033 certe
1949 989 2077 1034 sacrum
2094 972 2163 1038 eius

173 1055 302 1120 fovetur
326 1061 429 1117 totum
452 1050 632 1115 humanum
656 1070 769 1133 genus,
792 1051 912 1115 scimus
934 1058 1044 1114 temen
1066 1069 1140 1113 eum
1193 1068 1315 1112 nomen
1338 1049 1443 1114 instar
1464 1050 1548 1116 areis
1569 1050 1712 1117 invictae
1734 1052 1827 1118 nobis
1849 1052 1912 1117 erit
1933 1052 1974 1118 ad
1990 1054 2162 1140 refugium.

172 1149 310 1224 paterne
330 1158 410 1204 cura
432 1137 563 1201 nonnisi
586 1156 662 1201 suos
680 1134 763 1199 filios
782 1136 987 1217 peculiariter
1002 1133 1142 1220 dignari,
1193 1132 1291 1199 Unde
1322 1136 1409 1200 euim
1445 1137 1481 1199 fit
1513 1146 1551 1200 ut
1582 1136 1618 1200 in
1648 1137 1710 1201 Dei
1738 1138 1943 1204 invocatione
1975 1150 2164 1208 constanter

172 1233 211 1291 ιιι
243 1245 323 1290 vers
353 1223 394 1287 ab
426 1242 463 1286 eo
497 1242 573 1286 suas
606 1222 815 1287 necessitates
841 1221 958 1305 respici
988 1221 1141 1287 sentiant.
1194 1221 1370 1300 persistant
1391 1220 1514 1298 fideles,
1542 1221 1607 1286 nisi
1629 1223 1706 1304 quia
1728 1224 1797 1288 eius
1818 1225 1925 1307 gratia
1944 1228 2099 1308 contenti,
2128 1229 2163 1294 in

171 1311 276 1376 Porro
298 1330 398 1392 quum
428 1304 489 1372 sibi
512 1305 604 1371 Deus
633 1306 667 1370 in
696 1306 782 1371 fame
811 1316 844 1372 et
865 1314 970 1372 morte
994 1312 1143 1389 prompta
1195 1305 1330 1370 tristitia
1362 1318 1395 1370 et
1427 1327 1574 1373 moerore
1604 1308 1748 1373 retinent
1779 1310 1931 1375 solatium
1960 1312 2048 1377 istud
2077 1315 2163 1396 quod

171 1395 316 1462 remedie
344 1394 385 1459 ad
408 1391 602 1458 servandam
633 1392 761 1474 piorum
791 1394 892 1458 vitam
915 1413 987 1458 esse
1009 1402 1142 1469 asserat,
1194 1411 1305 1456 eorum
1339 1392 1539 1458 alacritatem
1573 1393 1757 1459 sustineat?
1801 1394 1910 1460 Probe
1942 1397 2042 1479 igitur
2075 1400 2162 1465 affir-

171 1501 344 1547 monemur
378 1489 456 1544 tuno
496 1479 565 1543 eius
606 1477 829 1562 providentiae
863 1477 981 1544 deferri
1018 1479 1142 1542 iustum
1193 1490 1287 1541 mant
1316 1479 1421 1559 priore
1450 1478 1519 1545 loco
1548 1477 1662 1544 fideles
1691 1501 1746 1546 cor
1774 1502 1871 1546 saum
1899 1482 2014 1546 laetari
2036 1485 2071 1548 in
2093 1487 2161 1551 Do·

172 1567 343 1647 honorem,
364 1564 442 1629 dum
464 1563 497 1628 in
521 1573 669 1629 extreme
692 1564 828 1645 penuria
850 1565 976 1629 animos
998 1584 1063 1628 non
1086 1561 1140 1626 de·
1194 1562 1292 1641 mino,
1315 1565 1392 1645 quia
1414 1586 1480 1629 nou
1502 1574 1666 1648 vagantur
1689 1574 1761 1647 post
1782 1565 1895 1631 mundi
1917 1566 2094 1647 illecebras,
2124 1580 2162 1637 ιιι

170 1651 333 1736 spondent
356 1650 482 1715 fideles:
510 1649 589 1732 quin
612 1649 721 1732 potius
746 1670 763 1713 e
785 1649 933 1732 sepulcro
955 1669 1047 1732 spem
1070 1667 1142 1712 sur·
1193 1668 1252 1729 pro
1274 1649 1367 1712 varia
1389 1650 1541 1716 fortunae
1564 1649 1776 1716 inclinatione
1798 1662 1916 1717 nutent
1938 1675 1975 1719 aa
1998 1655 2161 1733 vacilleut,

170 1758 245 1805 sum
279 1735 443 1816 attollunt,
475 1736 550 1818 quia
580 1733 672 1799 Deus
704 1734 739 1798 in
769 1735 858 1800 huno
886 1736 987 1800 finem
1017 1733 1142 1799 esurire
1193 1733 1249 1798 sed
1271 1734 1308 1799 in
1326 1737 1468 1819 gratuito
1490 1744 1523 1801 et
1545 1747 1682 1818 paterno
1704 1738 1768 1802 Dei
1790 1737 1902 1803 favore
1924 1749 2026 1805 totam
2048 1741 2161 1809 beatae

171 1845 248 1890 suos
270 1820 311 1888 ad
333 1831 463 1907 tempus
483 1822 617 1904 patitur,
641 1830 676 1884 ut
699 1830 810 1904 postea
828 1821 940 1887 satiet:
964 1819 1141 1902 mortisque
1193 1820 1279 1885 vitae
1301 1841 1463 1885 summam
1484 1821 1666 1887 includunt.
1711 1821 1839 1889 Deinde
1860 1824 2001 1890 secundo
2023 1825 2160 1908 addunt,

170 1909 323 1976 tenebras
345 1905 494 1983 offundit,
518 1915 554 1971 ut
576 1906 662 1972 vitas
679 1905 785 1970 lucem
804 1906 928 1973 reddat.
967 1906 1039 1972 Imo
1062 1915 1140 1969 tunc
1191 1926 1224 1971 se
1244 1926 1373 1986 sperare
1401 1909 1436 1972 iu
1455 1908 1580 1973 mmiue
1599 1913 1707 1973 sancto
1736 1910 1812 1973 ciue.
1858 1907 1895 1976 Si
1929 1920 2039 1976 tamen
2061 1915 2160 1995 parti·

167 1996 300 2062 demum
329 1992 482 2059 fiduciam
510 2001 657 2057 nostram
690 1991 793 2056 solide
818 1993 854 2057 in
884 2013 922 2057 eo
954 1992 1058 2058 locare
1089 1990 1139 2054 in·
1191 1992 1297 2058 culam
1317 2004 1357 2074 ι)
1376 1994 1549 2059 causaliter
1571 1995 1715 2075 accipere
1739 1993 1846 2072 libeat,
1869 2017 1936 2060 nan
1960 1999 2067 2063 minus
2086 2007 2160 2082 apte

167 2081 318 2166 cipimus,
340 2079 395 2144 ubi
418 2099 505 2143 mors
528 2086 604 2142 ante
626 2077 735 2144 oculos
758 2076 853 2143 nobis
875 2078 1001 2143 versari
1023 2076 1138 2159 coepit,
1191 2086 1225 2142 ιι
1245 2080 1401 2143 concinne
1423 2100 1538 2145 sensus
1566 2080 1663 2144 fluet:
1695 2079 1781 2160 Quia
1802 2101 1877 2163 spes
1900 2089 2010 2148 nostra
2031 2083 2066 2147 in
2088 2085 2160 2151 Deo

169 2168 244 2251 quia
266 2164 381 2230 mundi
403 2161 558 2242 subsidia,
587 2161 688 2228 donec
717 2183 796 2228 suae
825 2163 983 2229 vanitatis
1012 2161 1138 2246 experi-
1190 2164 1298 2228 defixa
1319 2164 1388 2243 fuit,
1412 2185 1478 2230 non
1501 2164 1604 2230 deerit
1624 2164 1694 2248 ipso
1715 2167 1784 2231 suis
1806 2166 1959 2249 partibus,
1985 2170 2063 2251 quin
2085 2189 2160 2253 per·

167 2261 316 2317 mentum
338 2249 496 2326 dederint,
525 2268 641 2313 sensus
663 2256 793 2314 nostros
822 2257 934 2314 tenent
955 2248 1138 2331 implicitos,
1190 2269 1306 2314 ennem
1340 2248 1452 2333 gaudii
1481 2254 1651 2316 materiam
1679 2251 1874 2334 suppeditet.
1928 2254 1975 2319 Et
1996 2265 2084 2321 certe
2105 2277 2161 2322 ex·

167 2335 294 2419 sibique
324 2334 480 2401 addictos.
531 2333 664 2400 Fideles
693 2332 820 2400 duobus
853 2335 990 2419 insignit
1023 2334 1137 2410 titulis,
1190 2334 1348 2418 parientia
1370 2335 1545 2414 convincit,
1575 2357 1722 2402 moerore
1751 2336 1844 2403 obrui
1867 2338 2031 2418 homines,
2062 2349 2096 2406 ιι
2124 2344 2159 2407 in

167 2422 285 2507 quibus
316 2430 386 2486 tota
408 2421 497 2486 vitae
519 2430 650 2484 nostrae
679 2420 834 2503 perfectio
856 2423 1048 2493 continetur,
1072 2421 1138 2502 pri·
1190 2420 1285 2497 curis,
1304 2420 1476 2497 doloribus,
1495 2432 1527 2488 et
1545 2423 1711 2488 anxietate
1730 2423 1903 2501 tabescere,
1923 2433 1959 2489 ut
1976 2427 2158 2493 mercedem

168 2528 257 2574 mum
274 2507 361 2572 enim
377 2517 436 2584 est,
460 2513 497 2570 ut
511 2505 621 2571 Deum
636 2514 828 2571 reverenter
841 2505 996 2582 colamus,
1020 2504 1137 2569 deinde
1189 2526 1268 2572 suae
1295 2508 1448 2572 vanitatis
1477 2521 1660 2591 reportent:
1692 2508 1769 2590 quia
1801 2507 1885 2573 nihil
1916 2509 2080 2578 difficilius
2109 2523 2159 2578 est

168 2604 204 2659 ut
225 2593 345 2659 intenti
368 2591 471 2657 simus
500 2591 535 2655 in
565 2591 636 2656 eius
665 2592 815 2674 gratiam.
861 2591 905 2657 ut
927 2601 1015 2658 certe
1037 2590 1138 2675 hypo·
1188 2613 1286 2675 quam
1309 2613 1384 2675 spes
1401 2612 1513 2659 eorum
1535 2594 1595 2659 uni
1611 2592 1684 2660 Deo
1703 2593 1852 2678 astringi,
1874 2615 1916 2660 ne
1933 2597 2100 2663 exsultent
2121 2598 2157 2662 in

167 2679 268 2746 aritae
300 2677 452 2761 quamvis
483 2675 579 2742 fidem
614 2677 718 2759 plenis
749 2677 862 2744 buccis
889 2679 1019 2761 iactent,
1052 2697 1137 2742 nun·
1189 2677 1356 2744 fallacibus
1376 2680 1444 2744 suis
1467 2678 1642 2745 blanditiis.

167 2785 267 2848 quam
303 2772 413 2829 tamen
448 2762 511 2827 Dei
549 2761 725 2827 bonitatem
765 2764 819 2829 vel
859 2763 997 2829 summis
1035 2761 1137 2829 labris
1273 2764 1326 2829 22.
1360 2761 1425 2844 (su
1451 2766 1668 2839 misericordia
1697 2765 1776 2850 tua.)
1820 2765 1995 2831 Clauditur
2026 2767 2157 2835 tandem

166 2857 349 2933 gustarant,
379 2858 416 2914 ιιι
443 2846 483 2912 ab
512 2868 550 2913 eo
579 2855 772 2932 exspectent
799 2849 885 2933 quod
913 2849 976 2914 sibi
1005 2869 1137 2915 necesse
1188 2849 1339 2915 Psalmus
1353 2851 1551 2932 precatione,
1574 2871 1671 2934 quam
1684 2850 1851 2934 Propheta
1865 2852 1992 2935 piorum
2010 2855 2157 2920 omnium

166 2944 225 3002 est.
283 2933 377 3017 Quod
408 2942 519 2999 autem
546 2933 579 2997 in
607 2932 672 2999 Dei
700 2933 826 3001 cultum
856 2945 891 3001 et
919 2934 1136 3001 reverentiam
1187 2934 1319 3001 nomine
1331 2937 1481 3017 concipit,
1505 2947 1542 3000 ιιι
1565 2958 1601 3001 re
1614 2939 1684 3019 ipsa
1705 2937 1860 3019 sentiant,
1889 2958 1955 3003 nou
1977 2938 2100 3006 frustra
2121 2961 2157 3007 se

166 3043 201 3088 se
222 3029 307 3087 totos
328 3019 441 3086 fideles
456 3017 589 3098 dedunt,
610 3019 665 3084 hie
686 3019 820 3088 affectus
835 3041 878 3086 ex
894 3019 960 3086 fide
976 3020 1135 3087 nascitur:
1186 3020 1252 3085 Dei
1274 3021 1418 3086 bonitate
1441 3021 1541 3087 fuisse
1563 3022 1731 3088 subnixos.
1766 3021 1898 3087 Interea
1919 3023 2053 3106 spiritus
2071 3024 2156 3093 hano

164 3109 231 3173 imo
253 3105 428 3191 praecipua
457 3105 538 3171 haec
566 3123 642 3187 pars
671 3115 821 3172 censetur
850 3106 988 3191 legitimi
1016 3106 1135 3184 cultus,
1186 3105 1302 3172 orandi
1325 3107 1471 3189 regulam
1496 3127 1552 3188 per
1573 3128 1610 3172 os
1631 3106 1808 3190 prophetae
1830 3107 1993 3187 dictando,
2023 3110 2156 3176 ianuam

164 3192 251 3277 quod
272 3194 313 3259 ab
335 3193 405 3258 eins
426 3188 650 3256 misericordia
671 3188 823 3273 pendent.
1187 3191 1250 3256 Dei
1272 3192 1398 3276 gratiae
1419 3193 1538 3274 aperiri
1569 3191 1686 3270 docuit,
1720 3189 1776 3257 ubi
1805 3213 1872 3257 non
1905 3193 2038 3260 aliunde
2066 3196 2156 3262 salus

1188 3277 1239 3341 vel
1272 3278 1436 3360 expetitur
1477 3278 1527 3343 vel
1563 3289 1723 3360 speratur.
1779 3276 1984 3344 suavissima
2023 3282 2156 3347 interim

250 3363 304 3430 20.
333 3361 456 3428 Anima
483 3363 592 3427 uestra
613 3363 766 3441 exspectat
787 3362 951 3429 Iciacum:
978 3361 1136 3426 autolium
1186 3364 1362 3428 consolatio
1395 3363 1473 3428 hino
1506 3363 1645 3442 elicitur,
1677 3361 1772 3427 modo
1806 3385 1848 3428 ne
1876 3385 1951 3449 spes
1980 3381 2092 3433 nostra
2120 3367 2156 3432 in

164 3454 328 3532 uestrum,
357 3452 385 3513 et
412 3451 532 3513 scutum
560 3450 701 3510 uestrum
726 3446 794 3527 ipsc
822 3453 874 3514 cat.
918 3448 970 3513 21.
995 3445 1080 3513 Oerle
1101 3448 1136 3511 iu
1186 3449 1292 3513 medio
1315 3470 1411 3515 cursu
1434 3450 1573 3530 fatiscat,
1601 3449 1737 3514 minime
1767 3448 1949 3516 timendum
1979 3473 2050 3518 esse
2076 3454 2156 3536 quin

162 3536 236 3618 apso
257 3532 427 3600 laetabitur
453 3551 507 3598 cor
534 3536 683 3611 nomam,
712 3535 790 3613 quia
817 3535 853 3600 iu
881 3536 1004 3600 momine
1032 3537 1136 3598 cauato
1187 3534 1277 3601 Deus
1299 3555 1393 3600 suam
1415 3555 1492 3619 erga
1514 3556 1573 3601 nos
1591 3534 1846 3601 mIserioordiam
1868 3538 2021 3603 contiuuo
2044 3549 2155 3604 tenore

164 3623 235 3688 eiua
255 3618 463 3704 sperabimus.
496 3616 549 3683 22.
573 3615 623 3682 Sit
643 3617 861 3685 misericordia
881 3624 936 3684 tua
956 3639 1053 3701 super
1069 3639 1134 3694 noe,
1186 3631 1400 3705 prosequatur
1422 3642 1523 3704 nsque
1544 3622 1579 3686 in
1600 3623 1710 3686 finem.

164 3707 294 3788 loteva,
316 3703 574 3787 quenadmodum
595 3703 793 3785 epmaoimus
815 3706 850 3769 iu
870 3710 906 3771 te.

248 3876 301 3943 20.
337 3875 459 3941 Anima
479 3870 609 3957 maura.)
642 3871 809 3958 Quidquid
828 3876 984 3942 hactenus
1002 3875 1042 3941 de
1060 3896 1134 3959 pro·

161 3962 311 4031 videntia
367 3962 407 4041 ei,
430 3979 468 4026 ac
489 3960 681 4043 praesertim
704 3962 802 4039 fideli,
830 3983 893 4045 qua
915 3983 990 4028 suos
1012 3972 1133 4039 tuetur,
1473 3957 1680 4027 Pshulws
1702 3958 1869 4027 xxxlv.

162 4046 322 4126 custodia,
345 4045 509 4125 disseruit,
532 4066 597 4110 non
613 4054 680 4110 tam
703 4048 1012 4131 aseipsoprotulit,
1036 4067 1132 4130 quam

162 4157 205 4201 ex
226 4155 284 4234 ore
305 4133 441 4231 spiritus
456 4130 698 4280 ΙιιιιιιιίιὶἸΝιιιιι
718 4135 849 4234 veroin
873 4153 1011 4216 persona
1031 4133 1133 4282 ltotius
1216 4219 1247 4284 bi
1268 4131 1417 4283 Dizvbdss’
1442 4130 1521 4230 'dum
1549 4129 1618 4279 iptse
1645 4131 1918 4282 ιιιιιιὲιίιόιέιιιιιιιιι
1935 4153 2030 4200 suum
2050 4155 2154 4202 aarum

162 4220 319 4373 litat:
340 4225 702 4370 tt¹”tt.l.¹..t?⁸⁰
717 4220 971 4370 allidit?
991 4229 1133 4370 llil
1183 4219 1216 4285 Α
1247 4238 1297 4283 '⁶⁰
1324 4238 1340 4282 ⁶
1363 4267 1371 4297 '
1393 4236 1449 4299 a.
1470 4214 1565 4400 ff
1610 4236 1690 4300 Μ’
1761 4238 1781 4282 ‘²
1814 4223 1846 4282 ‘³'

163 4390 343 4477 superioris
376 4389 542 4456 doctrinae
576 4388 702 4454 cunctis
730 4389 884 4456 fidelibus
917 4392 1062 4474 proponi,
1096 4400 1133 4454 ut
1270 4387 1380 4454 David
1412 4389 1453 4452 ob
1485 4389 1647 4472 insignem
1680 4386 1905 4455 liberationem
1934 4392 2058 4475 gratias
2081 4392 2153 4458 Deo

164 4498 279 4547 secure
307 4477 498 4559 excelsoque
527 4475 637 4539 animo
667 4475 701 4537 in
731 4485 899 4558 paternam
929 4474 993 4540 Dei
1019 4496 1131 4542 curam
1185 4477 1270 4560 agit:
1292 4486 1325 4540 et
1348 4476 1408 4540 hac
1430 4475 1597 4539 occasione
1619 4484 1806 4555 perpetuam
1825 4474 1890 4541 Dei
1906 4479 2052 4626 tgratiam
2075 4498 2153 4562 erga

164 4585 200 4630 se
220 4562 357 4630 reiicere
377 4583 444 4626 non
468 4558 626 4624 dubitent.
670 4559 757 4624 Nam
785 4563 846 4627 hac
868 4560 908 4627 de
930 4582 1027 4628 causa
1051 4560 1132 4626 nihil
1184 4563 1255 4648 pios
1277 4581 1390 4627 omues
1412 4559 1564 4638 celebrat,
1586 4578 1704 4641 eosque
1726 4570 1796 4626 tum
1818 4561 1857 4626 ad
1881 4563 1903 4627 fi
1928 4584 1989 4643 em,
2019 4575 2087 4627 tum
2111 4562 2151 4627 ad

164 4649 323 4734 privatim
355 4647 397 4715 de
428 4668 463 4713 se
497 4645 655 4729 propheta
689 4655 844 4728 testatur,
877 4647 934 4713 sed
968 4648 1028 4712 sibi
1062 4647 1133 4731 pios
1186 4648 1315 4731 pietatis
1332 4644 1476 4711 studium
1494 4644 1652 4724 hortatur,
1671 4645 1756 4711 hanc
1773 4668 1871 4712 unam
1887 4649 2046 4712 rationem
2063 4646 2152 4712 vitae

163 4756 280 4802 omnes
311 4733 462 4817 adiungit
493 4733 528 4795 in
561 4730 707 4796 eiusdem
742 4732 816 4799 fidei
848 4754 1059 4808 consensum,
1096 4753 1134 4798 ac
1186 4734 1323 4800 feliciter
1343 4743 1442 4815 atque
1460 4753 1501 4796 ex
1524 4742 1601 4797 voto
1624 4732 1851 4816 transigendae
1880 4754 1952 4799 esse
1973 4733 2151 4810 affirmans,

164 4821 277 4888 subest
310 4817 474 4904 emphasis
507 4817 541 4881 in
575 4837 654 4883 voce
685 4818 830 4883 animae:
867 4822 942 4902 quia
975 4819 1036 4883 etsi
1068 4817 1133 4883 He·
1186 4842 1266 4904 pure
1288 4829 1320 4884 et
1342 4818 1476 4883 innoxie
1499 4818 1559 4881 sub
1577 4815 1641 4880 Dei
1664 4818 1752 4882 cultu
1776 4827 1809 4883 ιι
1832 4818 1948 4883 timore
1970 4817 2094 4883 versari
2116 4819 2151 4883 in

165 4907 272 4973 braeis
290 4907 368 4971 trita
386 4917 435 4970 est
454 4903 608 4985 loquutio,
631 4903 753 4969 serium
773 4914 883 4970 tamen
902 4905 1054 4969 affectum
1077 4925 1134 4969 ex·
1186 4909 1318 4970 mundo.
1363 4904 1466 4970 Porro
1496 4925 1539 4968 ex
1562 4903 1654 4967 titulo
1684 4912 1775 4986 patet
1798 4903 1960 4985 quodnam
1983 4902 2036 4966 hic
2058 4924 2151 4986 prae·

163 4993 292 5077 primit:
323 4991 403 5059 acsi
425 4990 570 5054 dicerent
592 4987 712 5066 fideles,
743 5010 777 5054 se
799 4989 929 5073 integro
952 5010 990 5055 ac
1011 4991 1135 5056 sincero
1186 4990 1271 5056 dicet
1292 4990 1354 5054 Dei
1378 4987 1579 5055 beneficium.
1622 4989 1708 5053 Nam
1731 5009 1829 5071 quum
1852 4987 1893 5052 ad
1915 5009 2026 5072 regem
2049 4990 2151 5055 Aehis

162 5077 261 5146 corde
282 5078 443 5161 respicere
465 5075 499 5138 iu
523 5075 641 5151 Deum,
670 5074 745 5157 quia
772 5077 853 5141 souti
881 5081 910 5140 et
930 5076 1045 5142 auxilii
1067 5077 1135 5142 loco
1187 5086 1310 5141 tractus
1341 5086 1435 5155 esset,
1477 5075 1506 5138 1.
1531 5074 1618 5140 Sam.
1642 5074 1694 5148 27,
1722 5073 1752 5152 2,
1779 5096 1873 5157 quem
1903 5074 2150 5141 infestissimum

162 5165 226 5232 sibi
250 5184 322 5229 esse
344 5163 474 5228 ducant.
1186 5164 1331 5227 omnium
1354 5161 1493 5238 hostem,
1521 5171 1658 5243 excepto
1682 5157 1790 5239 Saule,
1820 5159 1969 5239 habebat,
1997 5159 2151 5228 credibile

251 5250 305 5316 21.
327 5246 429 5335 (cete
450 5248 485 5312 iu
506 5249 576 5328 ipso
593 5246 781 5332 laetabitur.)
815 5246 902 5329 Quia
916 5246 1079 5331 particula
1093 5260 1133 5329 ι)
1187 5270 1252 5314 uon
1274 5257 1356 5331 erat,
1378 5248 1511 5331 impune
1533 5246 1703 5311 dimissum
1722 5245 1773 5311 iri.
1813 5245 1903 5330 Ergo
1926 5246 2042 5312 unicus
2063 5246 2150 5313 vitae
