4658 5856
221 384 286 449 423

223 571 360 638 stabilias
382 590 430 635 me
451 590 556 636 eoram
574 569 658 651 faeie
675 575 730 635 tun
749 570 992 651 inperpetuum.
1024 569 1075 634 14.
1094 569 1197 636 Brae-

223 658 324 723 didus
344 656 458 722 Iebooa
475 655 566 722 Deus
580 654 686 722 Israel
706 675 726 720 a
743 655 868 721 soeculo
886 661 1026 738 eiusque
1044 656 1078 720 iri
1093 677 1196 722 soecu-

224 744 299 809 lum.
343 741 457 822 Amen,
480 747 507 806 et
529 761 628 806 amen.

313 913 363 978 11.
387 913 445 999 (Et
461 919 496 978 tu
515 909 651 997 Iebooa.)
688 911 813 977 Iterum
832 934 875 977 ex
895 909 1040 978 hostium
1062 931 1198 978 suorum

226 999 348 1065 iniusto
367 998 558 1065 crudelitate
577 997 703 1083 colligit
721 997 874 1080 precandi
894 996 1053 1064 fiduciam.
1077 996 1198 1065 Subest

227 1095 336 1151 autem
370 1083 543 1150 antithesis
576 1084 665 1149 inter
694 1083 804 1149 Deum
837 1092 870 1148 et
902 1082 1068 1150 homines:
1102 1105 1140 1150 ao
1169 1085 1197 1149 si

228 1171 357 1249 diceret,
388 1168 519 1252 quando
547 1167 630 1233 nihil
660 1168 695 1234 in
728 1168 851 1235 mundo
879 1169 1015 1235 subsidii
1044 1169 1097 1235 vel
1128 1171 1197 1252 opis

228 1265 342 1337 restat,
374 1256 441 1320 imo
463 1254 584 1336 ubique
614 1255 685 1320 sera
713 1253 901 1321 immanitas
931 1263 1110 1339 grassatur,
1144 1256 1196 1319 vel

228 1343 364 1408 interior
396 1340 531 1420 malitia,
567 1348 604 1405 tn
637 1340 753 1407 saltem
788 1340 938 1419 Domine,
975 1340 1198 1408 misericordia

228 1440 286 1494 tua
314 1426 473 1493 subleves.
518 1427 629 1509 Atque
657 1426 738 1492 haec
769 1425 853 1491 ratio
883 1427 1012 1493 miseris
1045 1426 1197 1492 omnibus

230 1513 372 1580 tenenda
401 1522 459 1591 est,
489 1532 569 1594 quos
597 1511 718 1577 iniusto
746 1510 887 1578 mundus
910 1514 1125 1595 persequitur,
1156 1534 1197 1579 ne

229 1620 264 1665 se
293 1605 421 1663 tantum
451 1598 486 1662 in
517 1596 677 1662 deflendis
699 1598 829 1665 iniuriis
848 1610 1015 1681 occupent,
1044 1599 1102 1664 sed
1125 1599 1197 1664 Deo

228 1681 457 1752 commendent
491 1703 580 1749 suam
612 1703 763 1750 oausam:
796 1693 829 1747 et
857 1704 920 1766 quo
949 1683 1054 1767 magis
1083 1706 1196 1750 eorum

229 1779 356 1836 mentes
385 1769 562 1851 percellere
591 1778 729 1835 conatur
758 1768 871 1848 Satan,
901 1769 1031 1853 hucque
1058 1781 1090 1835 et
1119 1770 1198 1836 illuc

230 1855 421 1933 distrahere,
452 1875 489 1920 eo
519 1853 675 1920 attentius
704 1855 739 1919 in
768 1876 871 1920 unum
891 1854 1000 1921 Deum
1029 1877 1085 1922 eas
1106 1857 1197 1922 colli·

229 1948 319 2026 gant.
363 1941 488 2006 lterum
509 1960 589 2005 vero
611 1960 689 2005 suae
711 1940 929 2007 restitutionis
952 1961 1082 2008 causam
1106 1942 1199 2025 ponit

229 2025 486 2094 misericordiam
510 2025 582 2091 Dei.
628 2024 695 2092 Sed
723 2026 842 2092 durum
871 2035 920 2092 est
942 2026 1028 2110 quod
1049 2028 1199 2111 sequitur

230 2114 270 2179 de
292 2111 445 2178 vindicta.
486 2111 573 2177 Nam
596 2111 625 2178 si
647 2132 751 2195 nuper
773 2133 850 2178 vere
871 2122 903 2179 et
926 2132 968 2178 ex
991 2114 1100 2179 animo
1121 2134 1198 2180 con·

229 2200 334 2265 fessus
352 2210 411 2281 est,
430 2199 547 2263 merito
564 2217 599 2263 se
617 2197 727 2280 affligi,
747 2219 805 2264 cur·
823 2219 888 2263 non
906 2198 980 2263 aliis
991 2198 1047 2264 dat
1060 2200 1198 2274 veniam,

232 2285 318 2350 sicut
339 2281 401 2349 sibi
425 2281 496 2348 dari
518 2281 682 2366 postulat?
722 2282 796 2350 Hoc
816 2294 902 2350 certe
923 2304 1093 2368 perperam
1115 2299 1200 2350 asset

230 2369 322 2436 abuti
344 2369 407 2435 Dei
429 2369 547 2453 gratia,
569 2368 623 2434 ubi
646 2389 707 2435 nos
730 2370 883 2449 restituit,
906 2391 971 2435 non
989 2370 1111 2436 imitari
1131 2371 1199 2434 eius

230 2454 446 2522 clementiam.
482 2454 578 2520 Adde
600 2454 684 2538 quod
709 2475 773 2520 non
795 2455 910 2522 fuisset
929 2456 1124 2521 humilitatis
1148 2454 1199 2520 vel

230 2540 420 2622 modestiae,
443 2539 550 2607 adhue
568 2541 602 2604 in
621 2537 729 2606 media
746 2548 850 2606 morte
868 2541 993 2624 spirare
1012 2540 1199 2606 vindictam.

233 2625 298 2693 Sed
332 2626 387 2693 hie
421 2625 484 2691 diro
514 2625 656 2692 tenenda
684 2636 777 2706 sunt,
812 2626 972 2693 Davidem
1004 2647 1071 2692 non
1101 2628 1200 2694 lubae

231 2710 410 2796 quemlibet
439 2733 457 2776 e
484 2711 594 2795 vulgo,
625 2709 682 2776 sed
711 2733 821 2794 regam
851 2712 1012 2778 divinitus
1042 2720 1200 2795 potestate

232 2800 444 2863 instructum:
477 2795 593 2862 deinde
627 2818 694 2860 non
728 2799 836 2864 carnis
870 2799 1023 2881 impulsu,
1057 2797 1114 2864 sed
1141 2819 1200 2882 pro

232 2885 359 2950 rationo
392 2884 489 2948 officii
523 2902 662 2964 poenam
692 2882 840 2950 hostibus
873 2884 1068 2950 denuntiare
1102 2905 1200 2967 quam

233 2970 341 3035 meriti
371 2978 458 3034 sunt.
504 2968 594 3053 Ergo
624 2968 653 3034 si
683 2969 819 3053 quisque
841 2969 1035 3052 promiscue,
1065 2971 1201 3037 dumea

232 3056 272 3121 de
293 3053 442 3121 hostibus
465 3054 643 3138 ulciscitur,
673 3055 812 3122 Davidis
830 3055 1018 3140 exemplum
1036 3055 1200 3132 obtendat,

231 3142 338 3225 primo
372 3139 552 3205 notandum
587 3152 638 3205 est
670 3162 829 3226 personae
862 3141 1048 3220 discrimen,
1086 3140 1202 3208 deinde

232 3225 408 3293 videndum
437 3232 476 3290 nt
503 3225 589 3291 idem
620 3229 654 3293 in
684 3228 777 3293 nobis
806 3236 922 3313 regnet
950 3228 1049 3306 zelus,
1076 3229 1143 3293 imo
1166 3238 1202 3292 ut

233 3311 344 3379 eodem
368 3332 521 3396 regamur
539 3313 667 3396 spiritu.
699 3313 807 3380 David
826 3334 925 3396 quum
945 3335 1003 3380 rex
1022 3326 1117 3390 esset,
1137 3313 1201 3379 Dei

232 3395 410 3463 vindictam
440 3396 512 3462 iure
544 3419 603 3463 suo
636 3400 768 3482 exsequi
802 3401 919 3481 potuit:
957 3399 1051 3465 nobis
1083 3420 1202 3466 manus

232 3490 311 3549 sunt
331 3481 462 3565 ligatae.
503 3480 655 3548 Secundo
681 3494 718 3548 ut
740 3483 865 3550 Christi
895 3505 1067 3567 personam
1090 3486 1200 3570 gessit,

233 3571 279 3633 ita
302 3566 410 3631 induit
430 3587 530 3649 puros
548 3577 580 3632 et
598 3570 743 3635 sinceros
761 3570 907 3652 affectus,
931 3579 1051 3635 utnon
1070 3571 1200 3637 iracun-

1046 378 1264 448 Panthus
1286 380 1380 446 XLI.

2152 379 2219 444 424

1250 578 1359 635 tamen
1382 578 1498 652 potest,
1524 590 1566 635 an
1590 571 1669 636 haec
1691 569 1771 636 satis
1793 571 1887 635 firma
1909 570 1952 634 sit
1975 568 2091 634 notitia
2114 566 2218 633 divini

1249 654 1283 720 in
1316 675 1375 719 nos
1406 655 1540 733 amoris,
1574 654 1651 721 dum
1680 655 1829 722 hostibus
1857 655 1980 721 nostris
2012 653 2217 737 triumphare

1250 761 1315 806 non
1338 741 1507 823 permittit.
1541 740 1720 824 Continget
1742 740 1828 806 enim
1852 761 1947 824 saepe
1970 739 2110 823 aliquem
2134 740 2218 822 eripi

1250 849 1291 892 ex
1321 826 1475 909 periculo,
1506 827 1562 909 qui
1591 837 1700 892 tamen
1724 840 1897 910 propterea
1918 825 1991 891 Deo
2013 836 2128 910 gratus
2152 846 2218 890 non

1249 913 1320 979 erit.
1349 910 1403 977 Ad
1421 911 1502 978 haec
1524 912 1762 994 beneplacitum
1782 912 1846 978 Dei
1865 932 1928 977 non
1948 932 1991 977 ex
2009 911 2097 976 nuda
2118 932 2218 993 expe·

1250 998 1379 1076 rientia,
1412 996 1467 1062 sed
1499 998 1672 1080 praecipue
1698 1020 1738 1063 cx
1771 998 1869 1062 verbo
1897 999 1968 1062 eius
1998 997 2216 1081 cognoscitur.

1249 1083 1434 1167 Responsio
1475 1083 1579 1150 facilis
1613 1093 1677 1149 est:
1715 1084 1879 1149 Davidem
1910 1104 1976 1147 non
2009 1083 2083 1147 fidei
2116 1083 2219 1147 fuisse

1249 1179 1429 1252 expertem,
1466 1169 1522 1235 sed
1553 1170 1589 1234 in
1618 1170 1688 1235 eius
1716 1169 1996 1235 confirmationem
2026 1169 2219 1253 amplexum

1249 1275 1320 1320 esse
1338 1274 1422 1337 quae
1437 1254 1529 1320 Dans
1547 1255 1755 1320 adminicula·
1766 1256 1866 1320 verbo
1882 1276 1941 1322 suo
1956 1266 2069 1336 postea
2085 1253 2219 1319 addidit.

1249 1339 1345 1406 Adde
1374 1343 1458 1423 quod
1487 1361 1554 1406 non
1584 1361 1791 1407 communem
1823 1352 1949 1406 tantum
1981 1342 2124 1405 favorem
2154 1361 2220 1422 quo

1250 1427 1456 1508 prosequitur
1478 1425 1570 1492 Deus
1588 1448 1700 1493 omnes
1722 1426 1844 1504 fideles,
1867 1427 1925 1493 sed
1947 1425 2118 1509 specialem
2142 1446 2219 1508 gra-

1253 1513 1331 1577 tiam
1356 1533 1421 1594 qua
1450 1512 1574 1579 electus
1596 1513 1704 1578 luerat
1728 1513 1762 1577 in
1790 1533 1910 1597 regem,
1934 1513 2064 1578 videtur
2086 1519 2217 1576 notare:

1251 1620 1288 1663 aa
1314 1599 1343 1663 si
1368 1598 1520 1664 dixisset:
1549 1598 1623 1663 Iam
1646 1598 1798 1674 Domine,
1828 1600 1932 1683 magis
1954 1619 1992 1664 ac
2011 1597 2116 1681 magis
2139 1616 2218 1663 con·

1250 1685 1362 1748 firmor
1390 1684 1423 1748 in
1450 1683 1515 1750 fide
1544 1683 1726 1767 adoptionis
1755 1705 1819 1767 qua
1847 1706 1899 1749 me
1930 1684 2083 1768 dignatus
2114 1704 2159 1762 es,
2184 1695 2219 1747 nt

1251 1769 1487 1854 primogenitus
1515 1791 1620 1836 essem
1643 1771 1728 1835 inter
1751 1790 1843 1854 reges
1867 1780 1982 1835 terrae.
2026 1768 2100 1835 Hoc
2123 1768 2219 1833 modo

1251 1855 1410 1920 auxilium
1435 1854 1508 1933 Dei,
1531 1877 1594 1939 quo
1616 1855 1744 1921 levatus
1766 1856 1873 1921 luerat
1895 1856 1935 1921 ab
1959 1874 2024 1920 una
2045 1855 2147 1933 clade,
2177 1854 2218 1919 ad

1251 1948 1355 2006 totum
1379 1963 1413 2005 re
1440 1943 1471 2005 ui
1495 1951 1617 2007 statum
1641 1940 1797 2007 extendit.

1338 2027 1388 2091 13.
1412 1961 1471 2111 {Et
1491 2047 1543 2111 epo
1563 2028 1598 2090 in
1619 2028 1793 2110 intepritnte
1814 2025 1905 2110 meo.)
1950 2025 2093 2107 Quidam
2117 2045 2219 2108 expo·

1253 2123 1345 2188 nunt,
1376 2116 1454 2195 quia
1475 2111 1585 2178 David
1615 2113 1838 2196 integritatem
1860 2114 2006 2189 coluerit,
2036 2122 2218 2194 porrectam

1252 2198 1300 2262 illi
1331 2199 1429 2263 luisse
1458 2219 1591 2262 manum
1623 2200 1744 2263 aDeo.
1789 2195 1855 2262 Sed
1878 2197 1940 2263 hoc
1962 2197 2122 2280 superiori
2144 2219 2218 2263 sen-

1253 2284 1375 2349 tentiae
1397 2304 1464 2348 non
1487 2283 1660 2348 admodum
1685 2283 1869 2367 quadraret,
1892 2283 1946 2348 ubi
1969 2286 2135 2349 confessus
2158 2294 2217 2366 est,

1253 2369 1369 2434 merito
1385 2391 1419 2434 se
1435 2370 1548 2453 plecti:
1568 2378 1601 2433 at
1613 2390 1797 2452 quanquam
1810 2370 1879 2434 eius
1890 2369 2060 2434 calamitas
2073 2369 2216 2434 hostium

1252 2454 1459 2520 insultationi
1482 2464 1553 2520 erat
1575 2455 1722 2532 obnoxia,
1747 2476 1811 2519 non
1835 2465 1944 2519 tamen
1970 2453 2146 2521 verisimile
2167 2466 2218 2520 est·

1253 2561 1307 2605 eos
1329 2542 1430 2606 luisse
1448 2551 1613 2607 auctores:
1642 2541 1715 2606 ideo
1734 2540 1927 2624 tempestiva
1945 2561 2011 2604 non
2031 2551 2117 2606 esset
2135 2541 2217 2605 inte·

1253 2626 1382 2710 gritatis
1404 2627 1527 2691 mentio
1548 2627 1583 2691 in
1607 2624 1695 2693 huno
1717 2629 1832 2691 finem:
1856 2626 1932 2709 quia
1954 2635 2033 2691 tuno
2055 2625 2218 2691 Dominus

1253 2712 1413 2794 respicere
1439 2712 1661 2795 integritatem
1694 2721 1838 2777 nostram
1863 2711 1990 2788 dicitur,
2020 2712 2075 2776 ubi
2097 2712 2138 2778 ab
2162 2711 2219 2775 ho·

1254 2798 1378 2861 minum
1413 2797 1541 2863 iniuriis
1573 2817 1631 2862 nos
1661 2798 1812 2864 vindicat.
1864 2795 2079 2878 Quaerendae
2109 2797 2219 2880 itaque

1254 2883 1338 2948 alius
1366 2904 1492 2949 sensus.
1536 2884 1580 2948 Et
1602 2881 1732 2964 quidem
1755 2884 1927 2966 integritas
1950 2898 2015 2948 tam
2038 2883 2078 2947 ad
2101 2903 2219 2966 corpus

1254 2988 1351 3052 quam
1384 2967 1425 3032 ad
1458 2969 1600 3034 animam
1634 2969 1747 3034 referri
1779 2979 1894 3051 potest.
1946 2969 2016 3053 Ego
2046 2968 2219 3034 incolumis

1254 3054 1354 3132 stabo,
1377 3054 1454 3138 quia
1476 3069 1511 3120 tu
1534 3077 1586 3120 me
1608 3056 1805 3121 sustentabis
1827 3074 1865 3121 ac
1888 3057 2047 3120 restitues.
2076 3053 2221 3119 Videtur

1255 3149 1367 3205 tamen
1397 3142 1528 3224 longius
1557 3141 1734 3207 extendere
1761 3140 1824 3206 Dei
1855 3142 2004 3221 gratiam,
2033 3160 2071 3207 ao
2098 3141 2125 3203 si
2153 3160 2218 3203 nou

1255 3225 1355 3291 semel
1385 3233 1511 3291 tuntum
1542 3228 1611 3293 eius
1640 3248 1741 3291 manu
1772 3248 1806 3291 se
1829 3226 1977 3290 adiutum
2000 3225 2132 3305 diceret,
2162 3224 2218 3290 sed

1255 3310 1410 3396 quamdiu
1441 3334 1593 3395 prospero
1621 3312 1715 3392 vixit,
1743 3312 1882 3377 salutem
1911 3333 2006 3378 snam
2028 3310 2128 3377 luisse
2150 3310 2219 3375 eius

1255 3399 1377 3462 virtute
1399 3398 1576 3464 suffultam.
1611 3398 1646 3465 Si
1670 3398 1710 3463 de
1731 3398 1853 3482 pietate
1874 3397 1927 3462 vel
1950 3398 2077 3463 sincero
2100 3396 2218 3462 affectu

1254 3483 1438 3567 intelligere
1461 3484 1534 3566 quis
1556 3485 1657 3560 malit,
1685 3483 1771 3566 quod
1795 3483 1916 3565 optime
1938 3484 2124 3563 conveniet,
2154 3504 2217 3546 non

1255 3569 1412 3654 gloriatur
1434 3568 1545 3634 David
1569 3569 1608 3635 de
1631 3571 1700 3634 vita
1722 3581 1883 3634 anteacta:
1913 3566 1971 3634 sed
1992 3568 2026 3634 in
2049 3569 2120 3652 ipso
2142 3586 2217 3632 exa·

233 3652 304 3718 diae
322 3673 400 3718 suae
411 3673 535 3718 morem
547 3667 685 3738 gereret,
704 3654 761 3721 sed
773 3653 845 3720 Deo
856 3654 1060 3739 impenderet
1070 3657 1201 3722 fidelem
1254 3655 1353 3733 mine,
1383 3656 1533 3737 quamvis
1556 3655 1659 3723 Satan
1689 3663 1723 3720 et
1751 3653 1889 3737 improbi
1919 3655 1987 3721 eius
2016 3653 2114 3719 fldem
2132 3652 2218 3718 labe·

232 3758 375 3822 operam.
398 3737 552 3821 Denique
574 3739 688 3806 eodem
709 3740 805 3806 modo
827 3741 974 3807 exercuit
995 3743 1115 3807 iustum
1136 3741 1201 3807 Dei
1254 3739 1376 3808 factare
1405 3741 1513 3806 conati
1541 3742 1616 3820 sint,
1646 3761 1712 3806 non
1735 3752 1844 3805 tamen
1867 3761 1903 3806 se
1923 3739 2022 3806 luisse
2044 3739 2218 3805 alienatum

232 3824 400 3902 iudicium,
430 3843 494 3907 quo
523 3826 618 3891 nobis
641 3826 766 3910 precari
790 3826 866 3893 licet
887 3836 924 3893 nt
946 3827 1107 3893 Dominus
1130 3828 1201 3911 ipse
1254 3847 1272 3891 a
1303 3827 1418 3892 timore
1446 3825 1511 3892 Dei
1539 3836 1660 3892 narrat.
1707 3827 1795 3910 Ergo
1827 3826 2018 3909 patientiam
2048 3844 2143 3890 suam
2161 3823 2219 3888 hoe

232 3931 353 3993 poenas
387 3920 494 3977 sumat
528 3909 567 3975 de
600 3911 721 3996 impiis.
772 3912 857 3978 Nam
886 3913 964 3997 quia
993 3933 1057 3978 non
1088 3933 1201 3978 sumus
1253 3910 1348 3977 modo
1379 3914 1412 3976 in
1436 3912 1577 3978 medinm
1603 3913 1771 3995 proferret,
1800 3911 1885 3994 quod
1908 3912 2055 3997 graviter
2077 3911 2219 3994 agitatus

232 3995 350 4060 armati
382 3995 499 4080 gladio,
534 4007 682 4064 nostrum
712 4008 761 4064 est
790 3999 830 4063 ad
858 3999 1028 4066 coelestem
1060 3996 1199 4066 iudicem
1252 4006 1285 4063 et
1316 4017 1503 4077 concussus,
1533 4019 1600 4063 non
1628 4008 1738 4063 tamen
1768 3997 2004 4064 arectitudine
2033 3996 2217 4062 desciverit.

230 4081 422 4164 confugere:
444 4083 502 4148 sed
525 4085 705 4167 composito
727 4084 836 4151 animo
858 4083 1022 4169 rogandus
1044 4095 1147 4151 estut
1166 4105 1200 4150 se
1252 4082 1377 4149 Verum
1412 4084 1440 4149 si
1473 4084 1553 4150 haec
1586 4084 1747 4150 sententia
1780 4082 1915 4166 placeat,
1950 4081 2131 4148 notandum
2161 4094 2216 4156 est,

230 4165 393 4233 vindicam
425 4176 574 4234 nostrum
605 4170 770 4236 ostendat:
801 4178 835 4235 et
862 4171 1053 4250 cavendum,
1082 4192 1124 4236 no
1146 4191 1201 4236 ex·
1252 4171 1407 4236 continuo
1437 4178 1509 4252 post
1537 4168 1677 4236 adscribi
1705 4169 1777 4234 Deo
1805 4169 2000 4235 beneficium
2029 4165 2100 4244 hoc,
2133 4166 2217 4250 quod

229 4272 325 4319 eusso
359 4253 495 4336 spiritus
529 4255 654 4333 t'raeno,
688 4267 767 4322 vota
799 4262 911 4320 nostra
943 4257 1200 4338 intemperanter
1252 4257 1380 4321 steterit
1402 4254 1513 4320 David
1536 4256 1689 4337 invictus,
1711 4265 1743 4319 et
1765 4254 1839 4319 illos
1862 4255 2083 4320 tentationum
2102 4250 2216 4336 impul·

228 4338 404 4404 exsultant.
436 4337 532 4419 Quod
555 4340 597 4404 ad
620 4340 782 4405 Davidem
806 4349 940 4423 spectat,
964 4343 1009 4408 sic
1032 4341 1107 4406 tulit
1130 4343 1199 4408 eius
1253 4362 1308 4407 sus
1330 4341 1458 4406 fortiter
1479 4342 1689 4407 sustinuerit:
1718 4357 1751 4406 et
1776 4341 1809 4406 in
1833 4341 1977 4406 futurum
2001 4348 2132 4423 tempus
2154 4357 2218 4402 non

230 4423 365 4502 vocatio,
398 4434 434 4489 ut
462 4434 595 4508 cogeret
623 4426 659 4489 in
692 4426 762 4491 eius
791 4426 981 4509 obsequium
1004 4427 1140 4495 rebelles
1162 4448 1200 4493 ac
1252 4427 1292 4492 de
1323 4427 1386 4492 alia
1408 4447 1503 4510 quam
1527 4448 1645 4493 manus
1666 4426 1729 4492 Dei
1752 4425 1876 4491 fultura
1897 4446 1972 4492 eum
1995 4445 2137 4508 sperare.
2182 4421 2217 4488 Si

228 4510 265 4574 in
287 4507 463 4592 puniendis
486 4510 640 4574 omnibus
658 4511 828 4578 sceleratis
845 4511 1013 4596 legitimus
1032 4524 1117 4580 esset
1134 4513 1198 4579 Dei
1252 4511 1292 4577 de
1310 4523 1447 4578 externo
1460 4519 1548 4578 statu
1560 4512 1720 4596 loquatur,
1739 4520 1912 4578 contextus
1924 4511 2023 4577 etiam
2034 4509 2118 4576 bene
2129 4510 2218 4585 fluet,

229 4594 390 4661 minister.
1252 4598 1361 4665 Deum
1384 4620 1448 4664 non
1472 4609 1547 4664 ante
1566 4600 1665 4664 finem
1684 4598 1810 4682 gratiae
1828 4618 1906 4664 suae
1924 4598 2097 4668 facturum,
2121 4614 2216 4678 quam

316 4680 367 4746 12.
391 4679 449 4765 (In
470 4679 526 4745 boo
548 4679 697 4767 copatovi.)
737 4681 809 4746 Iam
833 4679 873 4746 ud
896 4683 1077 4766 gratiarum
1100 4685 1198 4750 aetio·
1251 4704 1366 4751 servos
1388 4704 1465 4750 suos
1487 4685 1522 4748 in
1545 4685 1643 4749 finem
1663 4704 1765 4767 usque
1784 4683 1892 4749 salvos
1911 4691 2063 4766 praestet.
2087 4680 2218 4747 Dicitur

229 4787 306 4832 nem
328 4765 511 4832 descendit:
536 4766 600 4830 nisi
622 4766 705 4831 forte
727 4774 851 4831 mutato
874 4767 966 4831 verbi
989 4777 1135 4852 tempore
1154 4771 1199 4835 ita
1252 4781 1362 4836 autem
1389 4770 1530 4836 stabilire
1551 4790 1654 4836 coram
1675 4770 1757 4850 socie
1778 4789 1848 4849 auo,
1879 4790 1960 4853 quos
1982 4770 2028 4832 ita
2050 4776 2163 4833 tuetur
2183 4776 2218 4829 nt

229 4854 403 4918 contexere
419 4851 546 4934 placeat
561 4872 634 4916 eum
646 4852 922 4934 proximaversn:
941 4852 1198 4938 Inhoceognos·
1252 4855 1348 4922 claris
1376 4857 1479 4939 signis
1501 4865 1671 4939 paternam
1693 4875 1770 4938 erga
1792 4876 1847 4919 eos
1869 4874 1982 4921 curam
2003 4851 2215 4918 demonstret:

229 4958 301 5004 cam
331 4949 364 5002 te
393 4936 473 5002 mihi
505 4937 681 5020 propitium
713 4958 793 5015 esse,
822 4937 849 5003 si
879 4958 943 5001 non
967 4940 1064 5005 fueris
1084 4962 1199 5023 passus
1252 4942 1347 5007 sicuti
1377 4941 1496 5008 dicitur
1517 4942 1632 5008 faciem
1656 4938 1862 5016 abscondere,
1893 4938 1970 5005 dum
1993 4939 2126 5004 videtur
2147 4958 2214 5005 suo·

230 5024 340 5089 hostes
355 5043 444 5088 meos
460 5023 664 5105 triumphum
682 5044 788 5107 agere.
813 5021 880 5088 Sed
896 5025 1070 5106 gratulatio
1082 5027 1199 5092 melius
1251 5048 1326 5091 rum
1356 5027 1512 5093 oblivisci.
1557 5027 1737 5092 Confirmat
1766 5034 1798 5091 at
1826 5026 1944 5108 repetit
1971 5025 2088 5091 ultimo
2122 5032 2216 5089 versu

229 5109 393 5173 convenit.
437 5108 618 5191 Postquam
642 5110 730 5173 enim
754 5109 866 5173 retulit
887 5128 962 5173 suas
986 5129 1106 5193 preces,
1132 5114 1198 5177 iam
1253 5112 1434 5195 gratiarum
1464 5113 1625 5178 actionem
1657 5132 1754 5194 qnam
1785 5132 1889 5191 nuper
1911 5111 2075 5195 attigerat,
2105 5118 2138 5176 et
2160 5127 2214 5173 no·

229 5192 301 5258 Deo
330 5193 555 5259 liberationem
586 5214 679 5261 snam
702 5194 865 5271 adscribit,
896 5202 929 5259 et
951 5194 1115 5276 praedicat
1137 5197 1199 5262 hoc
1252 5198 1399 5261 minatim
1419 5197 1523 5264 Deum
1542 5197 1647 5263 Israel
1668 5196 1864 5279 exprimens,
1888 5195 1999 5262 t'oedus
2020 5217 2093 5262 cum
2119 5194 2215 5279 patri·

229 5277 354 5344 clarum
387 5286 420 5343 et
452 5279 582 5364 insigne
615 5301 685 5346 esse
718 5282 788 5346 eius
822 5280 1024 5346 beneficium.
1076 5281 1198 5362 Quaeri
1251 5281 1311 5348 bus
1354 5303 1543 5367 percussum
1574 5282 1647 5350 sibi
1685 5283 1721 5349 in
1760 5282 1870 5348 animo
1908 5283 2042 5366 penitus
2081 5281 2215 5348 haerare
