4658 5856
109 328 173 394 533
199 320 207 337 ’
934 329 1149 399 PSALMUS
1173 329 1264 395 LIV.
2031 332 2096 399 534

110 538 173 598 que
196 517 283 599 ipsos
306 517 347 582 ad
370 518 509 601 aliquam
541 518 777 584 humanitatem
806 521 935 584 flectere
964 518 1075 596 soleat,
1100 570 1103 577 .
1127 527 1234 602 potest
1254 517 1301 582 ita
1319 517 1437 582 resolvi
1462 518 1606 600 loquutio
1627 516 1716 597 haec,
1740 519 1816 583 acsi
1832 518 1976 597 dixisset,
1995 521 2092 586 nnius

108 602 218 667 David
243 611 412 669 uteorum
443 604 670 671 truculentiam
700 603 889 689 amplificet,
920 604 1076 687 aquibus
1099 590 1102 707 j
1128 603 1189 668 Dei
1211 603 1368 668 fulturam
1390 603 1450 668 sibi
1474 624 1531 686 pro
1550 605 1730 669 innumeris
1751 604 1909 670 sufficere.

109 708 174 753 non
206 689 315 754 minus
346 689 505 755 violenter
534 689 761 773 impetebatur,
790 711 885 772 quam
915 690 1074 771 quispiam
1100 710 1103 735 ι
1213 690 1242 754 t.
1266 686 1437 774 (space
1458 688 1598 773 molum)
1643 688 1729 769 Quia
1753 691 1888 755 verbum
1912 704 2001 775 murt
2023 701 2094 756 tan·

109 776 250 857 ignotus,
273 787 306 838 et
327 774 395 839 fere
418 786 514 841 natus
535 775 570 840 in
593 776 658 840 alio
678 775 765 858 orbe,
799 774 878 840 dicit
898 775 939 841 ab
960 774 1076 840 alienis
1100 746 1104 853 l
1128 775 1270 840 dundcm
1301 774 1387 840 valet
1408 794 1454 852 ac,
1484 775 1606 840 Redire
1629 776 1731 852 faciet,
1763 796 1828 839 non
1852 775 1946 842 modo
1967 776 2095 842 videtur

109 860 143 923 in
157 860 369 943 reimpetnm
388 862 472 926 fieri:
490 860 679 945 significans
697 861 840 927 belluino
851 862 959 926 furore
970 882 1075 926 ruere.
1099 865 1103 944 l
1128 881 1267 945 poenam
1294 860 1421 935 minari,
1450 862 1507 925 sed
1536 861 1678 945 speciem
1704 880 1826 944 poenae
1847 861 1942 926 simul
1967 873 2092 928 notare:

110 944 183 1025 Quo
212 946 310 1010 ctiam
340 947 482 1030 pertinet
504 946 684 1012 secundum
711 946 893 1030 epitheton,
921 947 1076 1028 formida·
1128 944 1214 1031 quod
1244 947 1335 1011 Deus
1362 967 1466 1030 prava
1494 966 1605 1011 eorum
1635 945 1782 1022 consilia,
1811 947 1971 1029 malignas
1996 959 2096 1028 artes,

108 1030 194 1097 tte.
238 1030 322 1096 Nam
346 1034 401 1114 qui
424 1033 588 1099 Robustus
609 1043 754 1111 vertunt,
777 1033 875 1097 nimis
897 1043 1077 1097 extenuant
1127 1040 1162 1097 et
1189 1032 1354 1115 improbos
1382 1045 1518 1097 mustus
1548 1034 1582 1096 in
1609 1051 1723 1097 eorum
1753 1033 1859 1116 capita
1887 1034 2094 1117 retorquebit.

109 1117 314 1181 atrocitatem
342 1119 398 1183 rei.
443 1118 570 1184 Sensus
592 1128 642 1183 est
663 1119 774 1204 igitur,
803 1117 914 1182 hostes
935 1116 1077 1183 Davidis
1129 1119 1200 1183 Etsi
1240 1128 1348 1182 autem
1387 1138 1450 1183 non
1485 1117 1633 1202 improbo
1666 1138 1778 1181 eorum
1812 1120 2007 1184 sententiam
2040 1120 2096 1203 qui

109 1201 234 1266 abiecto
255 1203 344 1267 omni
377 1203 592 1269 humanitatis
621 1224 730 1281 sensu,
761 1224 825 1268 non
848 1223 941 1269 secus
963 1225 1000 1268 ae
1024 1224 1074 1268 ra·
1127 1204 1271 1287 optative
1300 1203 1464 1287 accipiunt
1493 1202 1629 1268 verbum
1658 1204 1759 1268 futuri
1790 1204 1961 1286 temporis,
1991 1207 2096 1290 magis

108 1288 213 1353 biosas
235 1289 378 1352 ferasin
402 1289 672 1372 eiusperniciem
695 1289 784 1354 ferri.
829 1288 925 1355 Unde
955 1289 1075 1353 mirum
1128 1298 1237 1355 tamen
1265 1288 1369 1371 placet
1391 1289 1557 1371 preprium
1581 1310 1711 1355 sensum
1734 1290 1886 1368 retinere,
1915 1299 1952 1354 ut
1975 1290 2095 1372 David,
2134 1346 2136 1351 .

109 1384 247 1439 nonest
269 1395 343 1438 eum
368 1395 593 1457 expavescere,
616 1384 654 1440 ut
675 1374 802 1458 trepide
823 1376 884 1440 sub
906 1374 970 1439 Dei
994 1384 1075 1438 tute·
1127 1375 1220 1456 quasi
1240 1374 1308 1440 voti
1320 1394 1460 1456 compos,
1478 1395 1590 1441 secure
1601 1373 1685 1458 quod
1697 1382 1847 1457 precatus
1859 1385 1909 1440 est
1920 1387 2095 1459 exspectet.

108 1461 173 1525 lam
207 1460 381 1543 confugiat.
439 1462 593 1542 Quaerere
624 1482 702 1526 veru
734 1461 874 1525 animam
912 1459 1074 1537 dicuntur,
1127 1460 1172 1524 Et
1195 1481 1291 1543 saepe
1313 1458 1463 1524 videmus
1486 1458 1562 1545 (quo
1586 1461 1694 1526 acrius
1716 1480 1750 1523 se
1769 1460 1915 1524 stimulet
1932 1481 1970 1525 ao
1988 1482 2096 1544 perse·

109 1565 246 1629 quorum
269 1546 443 1611 crudelitas
465 1546 556 1611 nulla
573 1546 726 1612 mediocri
748 1546 890 1612 laesione
912 1554 1074 1624 contenta,
1128 1544 1264 1610 verendi
1282 1544 1427 1611 studium
1446 1545 1563 1630 erigat)
1582 1567 1657 1611 eum
1676 1545 1794 1611 talibus
1813 1548 1983 1611 sententiis
1995 1548 2096 1612 inter·

109 1632 219 1696 satiari
254 1651 319 1695 non
355 1644 460 1714 potest
492 1633 557 1697 nisi
589 1642 704 1697 morte.
754 1631 827 1697 Iam
860 1652 925 1714 quo
958 1631 1075 1696 melius
1128 1633 1240 1714 positis
1271 1630 1421 1714 precandi
1444 1640 1634 1696 contextum
1657 1629 1859 1715 abrumpere,
1889 1653 1989 1715 quare
2012 1632 2095 1697 nihil

108 1718 284 1782 effraenem
314 1716 434 1782 rabiem
458 1719 637 1801 exprimat,
671 1718 798 1783 nullum
829 1717 894 1782 illis
918 1738 989 1783 esse
1010 1714 1074 1780 Dei
1128 1716 1259 1781 absurdi
1288 1717 1316 1781 si
1348 1716 1431 1781 votis
1460 1720 1528 1782 suis
1559 1716 1754 1782 sententiam
1785 1716 1868 1782 hanc
1895 1719 2098 1800 permisceat,

109 1813 291 1885 respectum
315 1801 407 1870 dicit:
437 1803 596 1887 quiahoc
618 1803 723 1868 solum
752 1812 822 1869 erat
843 1804 990 1867 fraenum
1013 1823 1075 1885 quo
1127 1802 1236 1866 Deum
1259 1802 1327 1867 fore
1350 1803 1469 1866 iustum
1494 1802 1640 1881 ultorem,
1664 1803 1718 1885 qui
1741 1803 1922 1869 mercedem
1941 1802 2097 1886 rependat

108 1899 259 1972 poterant
276 1888 428 1966 cohiberi,
447 1891 475 1953 si
492 1890 635 1956 venisset
653 1889 718 1953 illie
736 1889 769 1954 in
790 1899 941 1967 mentem,
963 1886 1075 1954 sedere
1127 1888 1237 1972 impiis
1265 1900 1299 1952 et
1326 1888 1500 1954 sceleratis.
1545 1887 1617 1953 Iam
1650 1887 1689 1951 ad
1719 1889 1787 1971 spei
1818 1890 2096 1955 confirmationem

109 1973 221 2040 mundi
251 1974 390 2039 iudicem
421 1977 454 2039 in
484 1975 581 2056 coelo,
609 1975 648 2041 ad
679 1976 772 2040 cuius
802 1974 944 2040 tribunal
973 1973 1074 2039 semel
1129 1973 1191 2040 hoc
1220 1994 1285 2038 non
1317 1993 1431 2056 parum
1455 1972 1551 2052 valet,
1575 1974 1647 2039 Deo
1669 1992 1761 2038 soom
1780 1976 1941 2040 ceritatem
1963 1973 2096 2057 produci

108 2060 258 2125 omnibus
281 2059 445 2125 reddenda
467 2073 516 2125 est
537 2061 625 2125 vitae
646 2060 743 2126 ratio:
766 2081 902 2127 excussa
920 2081 1000 2126 vero
1012 2059 1074 2125 Dei
1127 2060 1162 2124 in
1189 2058 1350 2125 medium:
1380 2059 1456 2143 quia
1478 2060 1540 2124 nisi
1563 2062 1595 2124 iu
1619 2060 1837 2124 tentationum
1859 2060 2008 2142 procellis
2028 2062 2095 2125 fixa

107 2147 265 2211 memoria
288 2146 399 2211 nullus
421 2160 493 2211 erat
515 2145 727 2213 moderationi
750 2146 849 2212 locus.

192 2343 222 2407 6.
253 2342 332 2409 Ecce
359 2342 450 2421 Deus
477 2344 556 2408 mibi
584 2345 774 2423 occdictor,
808 2342 967 2408 Dominus
995 2344 1076 2408 inter

106 2428 266 2511 (werce
287 2430 426 2495 ocimum
447 2448 557 2495 mecm
598 2429 626 2494 t.
652 2430 808 2511 Rependat
827 2429 946 2495 molum
967 2429 1075 2494 adom·

106 2515 206 2580 scriis
233 2514 320 2592 meis,
347 2516 384 2579 irs
411 2516 537 2580 veturs
563 2520 619 2580 bea
639 2515 760 2581 succide
779 2514 859 2581 illos.
905 2516 934 2580 8.
965 2511 1078 2580 Voluc-

107 2599 226 2685 rerer)
248 2601 428 2683 sacrificabo
449 2601 514 2679 tibi,
542 2600 695 2667 celebrabo
714 2621 824 2666 comere
845 2607 933 2665 tuum
951 2600 1074 2678 lebera,

106 2687 183 2767 quic
204 2686 325 2752 bersum
370 2688 399 2751 9.
425 2687 568 2768 Quioec
588 2689 672 2752 omni
693 2687 838 2770 cupedia
860 2688 942 2752 emit
962 2706 1020 2763 me,
1048 2690 1076 2751 ef

107 2775 142 2837 in
164 2773 360 2838 &vecordia
381 2774 458 2838 mes
477 2773 557 2838 uidit
574 2774 682 2840 ocolus
701 2792 797 2839 meu.

193 2971 223 3035 6.
247 2968 339 3056 (Ecce
359 2970 449 3037 Deus
469 2971 549 3036 miti
569 2968 716 3054 cdirrtor.)
760 2969 864 3035 Docet
886 2969 938 3035 hic
962 2989 1076 3034 versus

108 3056 270 3121 Davidem
299 3078 363 3120 non
394 3058 529 3121 fortuito
559 3067 637 3120 vota
664 3057 697 3119 in
726 3067 833 3121 acrem
863 3055 990 3130 iecisse,
1019 3053 1075 3119 sed

108 3154 277 3224 precatum
300 3162 369 3207 esse
392 3165 432 3206 ex
456 3143 531 3208 vivo
552 3140 628 3206 fidei
651 3162 759 3206 sensu.
805 3141 850 3204 Et
872 3139 1074 3204 demonstra·

108 3229 211 3292 tivum
230 3229 418 3294 adverbium
431 3248 585 3312 magnam
600 3227 772 3310 emphasin
787 3225 939 3292 continet.
963 3223 1074 3304 Quum

108 3316 173 3378 iarn
196 3335 237 3377 ne
260 3315 345 3378 inter
367 3315 452 3379 feras
474 3312 604 3396 quidem
628 3324 699 3376 tute
715 3310 841 3390 lateret,
865 3312 919 3375 ubi
935 3311 996 3374 ista
1013 3311 1076 3376 Dei

109 3397 355 3482 propinquitas?
397 3420 496 3482 quum
538 3400 604 3462 fere
637 3398 672 3460 in
707 3397 856 3478 sepulcro
889 3395 1074 3461 demersum

107 3486 259 3550 obrueret
282 3486 395 3549 mortis
417 3485 531 3568 caligo,
554 3482 715 3566 quomodo
736 3482 845 3548 Deum
868 3494 1074 3566 praesentem

108 3570 275 3654 adspicere
300 3572 414 3652 potuit,
444 3582 477 3634 et
498 3569 591 3653 quasi
612 3569 714 3654 digito
736 3567 942 3634 monstrare?
972 3588 1072 3649 quum

107 3655 254 3738 trepidus
274 3656 308 3719 in
332 3656 460 3739 singula
482 3666 649 3721 momenta
670 3654 841 3719 interitum
860 3666 1074 3737 exspectaret,

106 3740 266 3823 quomodo
293 3741 334 3805 de
354 3743 517 3822 praesenti
539 3750 690 3823 certoque
713 3741 777 3804 Dei
799 3741 920 3805 auxilio
941 3739 1074 3823 gloriari

108 3826 235 3908 potuit?
284 3827 372 3910 Ergo
403 3848 534 3893 necesse
562 3827 623 3891 fuit
651 3826 735 3890 mira
762 3825 837 3890 fidei
867 3826 989 3891 virtute
1017 3847 1073 3890 ex-

106 3913 238 3990 cellere,
272 3933 336 3995 qua
367 3924 415 3977 tot
446 3913 612 3978 obstacula
643 3912 890 3994 transcendens,
924 3911 963 3976 ab
996 3910 1074 3993 ipsis

105 3999 218 4063 inferis
241 4018 344 4081 usque
366 3998 406 4063 ad
429 3998 535 4063 Deum
559 3997 707 4063 celeriter
727 4007 923 4080 penetraret.
958 3997 1074 4063 ante·

107 4105 190 4160 rum,
220 4083 276 4148 ubi
299 4085 404 4149 Deum
436 4085 523 4149 inter
550 4082 734 4148 defensores
763 4084 891 4148 animae
913 4104 991 4149 suae
1014 4104 1074 4147 nu·

107 4180 222 4246 merat,
247 4189 312 4233 non
335 4168 526 4252 simpliciter
548 4168 701 4253 intelligit
723 4190 824 4234 unum
846 4190 916 4234 esse
934 4191 975 4233 ex
993 4168 1074 4232 illis:

108 4255 187 4336 qnia
215 4275 329 4337 parum
352 4254 510 4320 tribueret
531 4252 673 4331 honoris,
704 4275 779 4319 enm
803 4254 938 4320 locando
960 4257 995 4319 in
1019 4254 1074 4318 ho-

108 4340 233 4405 minum
253 4341 374 4422 gradu:
398 4361 435 4405 ac
458 4350 637 4422 praestaret
659 4340 783 4406 nullam
805 4342 875 4406 eius
897 4340 968 4406 lieri
986 4360 1075 4404 men·

109 4428 247 4504 tionem,
277 4447 374 4509 quam
404 4427 450 4491 ita
478 4428 512 4489 in
542 4425 688 4490 ordinem
717 4445 848 4508 cogere,
880 4425 937 4491 sed
966 4426 1075 4509 potius

105 4511 269 4595 significet
291 4513 398 4577 Deum
421 4525 508 4576 stare
530 4509 569 4574 ab
592 4531 703 4575 eorum
726 4522 818 4592 parte
840 4511 957 4593 quibus
978 4532 1075 4577 curae

107 4610 178 4660 erat
206 4597 310 4681 ipsius
339 4598 435 4679 salus,
466 4596 571 4679 qualis
593 4607 664 4660 erat
686 4594 922 4671 Ionathan,·et
943 4596 1075 4662 similes.

107 4681 220 4761 Quum
243 4703 322 4747 vero
343 4684 391 4748 illi
414 4695 447 4748 et
469 4702 606 4747 numero
628 4683 722 4764 pauci
745 4695 862 4761 essent,
890 4693 924 4747 et
946 4681 1076 4758 debiles,

109 4779 144 4830 et
166 4768 283 4848 timidi,
305 4769 367 4834 hae
389 4782 498 4833 minen
517 4766 634 4832 fiducia
650 4787 686 4831 se
703 4778 876 4847 sustentat,
893 4767 986 4849 quod
1004 4767 1076 4833 Deo

106 4854 257 4936 praeside
295 4871 328 4920 et
360 4854 519 4920 directore
556 4852 658 4917 futuri
689 4854 755 4917 sint
784 4852 935 4918 omnibus
967 4854 1076 4935 impiis

108 4941 268 5006 fortiores.
312 4941 413 5006 Forte
442 4941 538 5005 etiam
570 4937 686 5002 alludit
706 4937 746 5002 ad
768 4959 860 5002 suam
884 4937 1075 5003 nuditatem.

92 5026 193 5116 Nam
223 5026 312 5112 (quia
342 5026 490 5092 omnium
518 5023 708 5090 mortalium
737 5044 797 5107 ope
826 5022 1076 5109 destituebatur)

197 5250 225 5317 ⁹)
243 5249 477 5314 volontairement,
494 5260 529 5301 tet
545 5259 651 5313 marce:
669 5263 705 5300 on
722 5244 784 5300 d’un
803 5245 878 5297 franc
895 5260 1018 5314 eourage.

1128 2154 1278 2210 maneret
1295 2144 1472 2244 persuasio,
1492 2143 1611 2224 Deum,
1633 2147 1687 2228 qui
1704 2145 1819 2210 salutis
1838 2157 1969 2211 nostrae
1984 2167 2095 2211 curam

1127 2230 1190 2297 sibi
1214 2229 1375 2310 vendicat,
1404 2250 1475 2296 esso
1496 2251 1656 2311 veracem,
1686 2251 1791 2313 neque
1812 2230 1966 2297 inanibus
1989 2232 2095 2297 verbis

1128 2337 1203 2381 suos
1242 2317 1376 2398 lactare,
1417 2315 1542 2398 quoties
1582 2316 1740 2382 auxilium
1782 2336 1878 2380 suum
1916 2316 2025 2382 differt
2058 2338 2095 2384 ac

1128 2400 1306 2485 suspendit,
1329 2400 1530 2484 labascerent
1552 2412 1679 2467 mentes
1701 2410 1841 2467 nostrae.
1877 2401 1948 2465 Non
1972 2413 2096 2468 temere

1127 2488 1229 2571 igitur
1258 2486 1368 2552 David
1401 2508 1491 2569 spem
1520 2486 1717 2571 impetrandi
1748 2488 1782 2550 in
1812 2508 1849 2552 ec
1877 2488 1975 2564 locat,
2008 2487 2095 2570 quod

1128 2574 1218 2639 Deus
1241 2593 1307 2637 non
1329 2574 1435 2656 magis
1454 2571 1550 2637 fidem
1569 2595 1661 2640 suam
1680 2573 1843 2657 abnegare
1860 2583 1975 2656 potest,
1997 2594 2094 2656 quarn

1127 2680 1162 2723 se
1185 2680 1195 2721 ι
1220 2679 1302 2723 sum.

1198 2680 1243 2810 pb.
1266 2742 1465 2829 (Vobertcre'e
1486 2741 1688 2827 sacrificabo.)
1733 2741 1802 2808 Suo
1824 2764 1914 2808 more
1935 2744 2095 2828 promittit

1127 2851 1170 2906 se,
1193 2829 1248 2895 ubi
1270 2831 1370 2895 fuerit
1383 2829 1556 2908 liberatus,
1585 2829 1711 2914 gratiae
1734 2829 1796 2894 Dei
1820 2850 1995 2895 memorem
2017 2830 2094 2897 tore.

1128 2915 1196 2981 Nec
1214 2914 1348 2981 dubium
1372 2925 1421 2980 est
1443 2915 1522 2997 quin
1544 2915 1723 2998 promittat,
1746 2915 1881 2981 simulac
1903 2915 1980 2980 data
2000 2916 2096 2980 fuerit

1127 3001 1281 3081 facultas,
1313 3000 1462 3066 solennes
1492 3020 1528 3065 se
1557 2999 1629 3064 Deo
1659 3001 1781 3083 gratias
1811 3010 1970 3065 acturum.
2021 3000 2094 3066 Etsi

1128 3088 1216 3152 enim
1237 3085 1393 3152 interiore
1415 3085 1533 3150 affectu
1556 3093 1726 3153 contentus
1748 3093 1798 3149 est
1819 3084 1920 3162 Deus,
1951 3106 2016 3149 non
2039 3084 2094 3149 de·

1128 3172 1197 3238 buit
1223 3184 1332 3236 tamen
1353 3169 1462 3235 David
1492 3172 1575 3236 ritus
1601 3170 1638 3233 in
1660 3169 1731 3253 lege
1754 3170 1968 3253 praescriptos
1991 3169 2095 3253 negli-

1128 3279 1213 3342 gere.
1258 3259 1348 3341 Ergo
1379 3257 1545 3321 sacrificiis
1572 3256 1695 3337 accepti
1725 3254 1873 3321 beneficii
1903 3257 2094 3320 memoriam

1127 3355 1264 3409 testatus
1294 3352 1351 3418 est,
1382 3351 1419 3406 ut
1447 3343 1571 3407 ferebat
1600 3362 1770 3407 commune
1791 3342 1919 3424 piorum
1941 3341 2093 3418 officium,

1128 3444 1164 3493 ut
1196 3451 1254 3495 suo
1284 3449 1411 3511 quoque
1439 3428 1589 3511 exemplo
1618 3427 1697 3491 alios
1725 3428 1892 3493 excitaret.
1944 3425 1989 3492 se
2016 3446 2093 3493 vero

1128 3515 1189 3581 hoc
1217 3513 1394 3579 liberaliter
1421 3513 1584 3577 facturum
1614 3511 1700 3588 dicit,
1730 3534 1797 3577 non
1823 3512 1918 3578 modo
1940 3513 2016 3595 quia
2037 3533 2095 3595 pro

1127 3623 1185 3666 auo
1205 3600 1340 3665 arbitrio
1358 3598 1475 3681 cuique
1493 3598 1632 3663 liberum
1649 3607 1721 3662 erat
1738 3599 1897 3664 sacfifieia
1913 3599 2095 3682 gratiarum

1127 3687 1262 3753 actionis
1288 3685 1413 3762 offerre,
1443 3682 1500 3749 sed
1527 3683 1611 3767 quod
1641 3682 1781 3748 libenter
1802 3695 1834 3748 et
1856 3683 1955 3748 alacri
1977 3682 2094 3763 animo,

1127 3771 1269 3857 periculo
1290 3771 1355 3835 iam
1378 3768 1548 3835 defunctus
1571 3780 1682 3835 votum
1705 3790 1799 3834 snum
1818 3769 1930 3833 solvet.
1964 3767 2094 3834 Scimus

1127 3859 1212 3924 enirn
1236 3857 1392 3921 maiorem
1415 3854 1530 3919 mundi
1547 3866 1684 3938 partem,
1706 3855 1760 3919 ubi
1776 3854 1885 3936 aliqua
1902 3854 2094 3921 necessitate

1127 3943 1377 4027 constringitur,
1406 3941 1486 4006 satis
1515 3941 1606 4025 large
1635 3939 1779 4022 polliceri
1809 3961 1843 4004 se
1872 3941 1940 4004 fore
1967 3940 2002 4004 in
2029 3940 2094 4005 Dei

1126 4029 1295 4112 obsequio:
1317 4048 1393 4091 mox
1415 4047 1493 4092 vero
1515 4026 1571 4092 ubi
1588 4026 1723 4110 quisque
1740 4026 1870 4108 elapsus
1887 4033 1947 4101 est,
1970 4025 2095 4091 revolvi

1126 4115 1166 4180 ad
1185 4134 1280 4180 suum
1298 4113 1477 4198 ingenium,
1496 4112 1623 4195 Deique
1642 4113 1780 4196 gratiam
1798 4110 1955 4176 oblivisci.
1986 4109 2095 4176 David

1127 4222 1204 4286 ergo
1226 4209 1406 4283 spontanea
1427 4198 1586 4265 sacrificia
1607 4207 1715 4277 vovet,
1738 4207 1775 4262 ut
1797 4218 1831 4262 se
1853 4196 1893 4260 ab
1916 4195 2094 4281 hypocritis

1127 4286 1305 4366 discernat,
1342 4285 1397 4367 qui
1431 4305 1496 4349 nun
1526 4283 1588 4349 nisi
1618 4282 1781 4348 serviliter
1810 4293 1843 4347 et
1871 4294 1959 4347 metu
1994 4283 2094 4348 coacti

1127 4372 1198 4439 Deo
1226 4393 1263 4436 se
1290 4370 1478 4437 subiiciunt.
1526 4369 1699 4435 Discamus
1729 4370 1838 4451 itaque
1870 4389 1911 4433 ex
1934 4366 2093 4444 hocloco,

1128 4458 1254 4542 quoties
1272 4456 1438 4540 prodimus
1457 4456 1491 4519 in
1505 4456 1567 4520 Dei
1579 4463 1797 4537 conspectum,
1815 4453 1965 4518 liberales
1977 4453 2094 4518 afferre

1128 4544 1269 4620 animos,
1306 4544 1333 4608 si
1366 4542 1489 4608 cultum
1522 4553 1670 4606 nostrum
1703 4541 1852 4623 cupimus
1885 4539 1913 4603 ei
1949 4537 2092 4623 probare.

1127 4629 1298 4697 Posterius
1327 4629 1507 4693 membrum
1536 4646 1610 4692 cum
1640 4625 1753 4690 ultime
1785 4645 1880 4689 versu
1902 4623 1943 4689 ad
1966 4633 2094 4707 tempus

1127 4716 1248 4781 laetum
1271 4723 1305 4779 et
1323 4714 1535 4798 tranquillum
1553 4711 1666 4777 referri
1686 4710 1790 4776 debet.
1828 4709 1988 4791 Quamvis
2006 4710 2093 4774 enim

1128 4810 1232 4866 totum
1247 4800 1416 4866 Psalmum
1435 4809 1507 4883 post
1526 4798 1751 4864 liberationem
1774 4796 1999 4879 composuerit,
2022 4796 2094 4860 hac·

1129 4898 1224 4951 tenus
1260 4898 1370 4952 tamen
1404 4884 1566 4959 recensuit
1602 4903 1666 4965 qua
1700 4881 1853 4965 precandi
1886 4883 1989 4945 forma
2018 4900 2095 4945 usus

1128 4982 1212 5037 esset
1234 4972 1339 5037 adhuc
1361 4973 1395 5036 in
1417 4971 1488 5055 ipso
1507 4968 1694 5035 discrimine
1711 4968 1879 5033 laborans:
1902 4986 1989 5031 nunc
2006 4966 2094 5030 omni

1129 5059 1295 5123 anxietate
1313 5057 1438 5122 solutus
1455 5075 1492 5120 ac
1503 5055 1595 5131 liber,
1614 5074 1733 5118 novam
1745 5053 1923 5136 gratiarum
1937 5051 2095 5118 actionem
2172 5061 2176 5067 '

1128 5142 1307 5226 subiungit,
1330 5164 1368 5208 ac
1385 5142 1455 5207 lieri
1473 5149 1580 5223 potest
1598 5150 1635 5204 ut
1651 5161 1716 5204 uno
1734 5136 1884 5220 exemplo
1901 5135 2095 5216 admonitus,

1129 5230 1222 5312 plura
1245 5229 1307 5293 Dei
1336 5227 1491 5293 beneficia
1519 5247 1602 5310 quae
1632 5224 1770 5291 diversis
1799 5222 1997 5307 temporibus
2026 5235 2094 5290 erat

1838 5323 1889 5378 34*
