4658 5856
173 335 236 401 745
967 339 1183 409 PSALMUS
1206 342 1370 410 LXXIX.
2107 346 2169 411 746

172 530 287 596 habuit
310 529 351 595 ad
374 529 533 607 homines,
555 528 642 594 unde
664 530 821 612 sequitur,
845 550 935 594 mera
958 527 1018 593 Dei
1041 530 1148 613 gratia
1202 530 1287 598 culis
1297 554 1333 598 se
1349 554 1445 600 usum
1460 531 1560 597 fuisse
1577 531 1618 596 ad
1631 531 1849 616 peragendam
1861 533 2000 599 salutem
2018 543 2173 599 nostram.

172 629 206 683 et
228 615 424 680 liberalitate
443 635 572 696 semper
589 614 630 679 ab
645 615 739 680 initio
755 614 923 681 collectam
937 615 1037 680 fuisse
1051 616 1150 681 eccle·
1201 617 1278 684 Alia
1299 618 1547 684 circumstantia
1568 616 1632 683 Dei
1661 619 1802 702 gratiam
1830 617 2053 697 commendat,
2087 618 2173 702 quod

172 704 274 770 siam:
314 702 390 784 quia
420 722 525 783 neque
554 702 587 764 in
617 699 804 766 hominibus
833 699 970 784 reperiri
1003 721 1148 783 unquam
1201 703 1311 768 David
1333 727 1374 769 cx
1397 713 1529 787 pastore
1545 704 1657 768 ovium
1678 704 1786 770 faetus
1809 715 1859 768 est
1881 705 1974 769 electi
1998 704 2111 788 populi
2142 717 2175 769 ct

172 790 280 873 potuit
301 788 480 851 intrinseca
500 786 653 870 dignitas,
675 797 709 852 et
727 808 779 851 res
796 799 846 852 est
860 786 1035 868 pretiosior
1050 807 1149 868 quam
1201 789 1414 856 haereditatis
1437 791 1501 855 Dei
1522 799 1644 873 pastor.
1688 791 1761 855 Etsi
1784 801 1893 854 autem
1916 789 2033 855 allusio
2062 799 2112 854 est
2133 790 2173 854 ad

172 885 210 939 ut
243 873 384 954 pendeat
416 895 436 935 a
469 873 590 936 virtute
624 871 804 937 hominum.
859 871 1016 937 Proximo
1049 893 1149 938 versu
1200 877 1341 958 priorem
1360 876 1499 940 Doridis
1522 884 1661 953 statum,
1693 874 1784 940 docet
1808 886 1918 940 tamen
1942 876 2076 959 spiritus
2098 896 2174 941 san·

173 960 260 1025 nihil
282 958 369 1024 aliud
401 956 556 1043 intelligit
583 957 742 1041 propheta
769 978 869 1040 quam
898 966 1042 1022 montem
1066 956 1148 1024 Sion
1200 971 1273 1026 ctus
1297 971 1458 1044 quantum
1488 982 1508 1025 a
1538 963 1708 1044 tyrannis,
1739 960 1972 1045 praedonibus,
2005 972 2039 1026 et
2066 962 2174 1027 avaris

173 1045 329 1110 donatum
351 1044 452 1109 fuisse
474 1043 597 1127 insigni
619 1043 847 1125 pulcritudine.
870 1064 952 1125 quae
974 1054 1084 1108 tamen
1107 1043 1148 1107 ad
1200 1047 1404 1112 exactoribus
1427 1046 1582 1112 differant
1608 1047 1748 1130 legitimi
1777 1066 1888 1129 reges,
1917 1066 1999 1128 quus
2029 1055 2173 1130 pastores

173 1131 313 1197 coeleste
342 1129 511 1212 exemplar
538 1129 653 1194 referri
681 1128 785 1195 debet
830 1129 944 1212 Neque
975 1130 1063 1192 enim
1094 1129 1147 1193 vel
1200 1153 1271 1197 esse
1293 1134 1458 1199 convenit.
1502 1133 1622 1199 Postea
1644 1132 1751 1211 addit,
1783 1133 1925 1197 fideliter
1956 1143 2172 1215 exsequutum

172 1217 209 1282 in
232 1216 404 1299 splendore
426 1213 574 1293 aedificii,
599 1215 649 1280 vel
672 1215 707 1279 in
729 1214 1007 1281 caeremoniarum
1029 1235 1148 1297 pompa
1199 1238 1270 1284 esse
1291 1229 1402 1302 partes
1424 1218 1485 1283 sibi
1508 1220 1689 1284 iniunctus:
1724 1219 1907 1300 quostiam
1939 1216 2070 1300 oblique
2099 1239 2170 1300 per·

173 1304 325 1384 occupari
348 1302 455 1366 voluit
475 1300 568 1366 Deus
589 1321 722 1366 suorum
744 1310 888 1379 mentes,
917 1299 974 1365 sed
996 1299 1147 1366 attollere
1199 1305 1376 1389 stringitur
1396 1304 1598 1388 ingratitudo
1626 1324 1663 1369 ac
1692 1305 1839 1386 pravitas
1865 1304 1993 1387 populi,
2024 1304 2079 1386 qui
2107 1324 2171 1367 non

174 1388 215 1453 ad
239 1388 424 1464 Christum,
453 1387 488 1451 in
512 1406 575 1469 quc
597 1385 744 1450 exhibita
764 1386 826 1451 fuit
848 1385 1037 1451 umbrarum
1060 1387 1146 1451 veri·
1200 1390 1295 1454 modo
1326 1401 1477 1457 sanctum
1506 1400 1540 1454 et
1567 1389 1790 1454 inviolabilem
1815 1389 1879 1454 Dei
1906 1389 2056 1453 ordinem
2086 1388 2173 1453 labe·

174 1485 237 1540 tas.
281 1473 359 1539 Ideo
382 1472 461 1538 dicit
481 1477 671 1539 exstructum
690 1473 792 1554 [uisae
812 1472 1029 1537 canduerium
1054 1474 1148 1552 quari
1198 1477 1351 1553 iactavit,
1381 1476 1438 1542 sed
1460 1495 1596 1541 excusso
1618 1476 1753 1540 salutari
1776 1476 1869 1558 iugo,
1897 1496 1932 1540 se
1960 1476 1995 1538 in
2018 1475 2170 1540 miseram

173 1560 308 1639 excolam,
340 1558 401 1624 hoc
430 1568 481 1623 est
507 1559 717 1641 conspicuum
746 1558 845 1623 fuisse
875 1558 961 1622 inter
990 1557 1147 1623 sublimes
1199 1561 1445 1645 dissipationem
1470 1561 1614 1643 proiecit.
1653 1560 1751 1641 Quod
1775 1562 1920 1644 seqnitur
1942 1559 1982 1624 de
1999 1561 2171 1642 prudentio

174 1666 289 1711 omnes
310 1651 449 1723 montes,
471 1643 568 1709 sicuti
589 1643 713 1709 Iesaias
734 1643 765 1720 2,
789 1644 809 1708 2
831 1652 864 1708 et
886 1641 1144 1726 MichaeasAl
1197 1668 1363 1727 munuum,
1396 1647 1573 1731 improprie
1606 1646 1729 1712 dictum
1763 1646 1909 1712 videtur:
1949 1647 2171 1730 significanter

173 1731 230 1796 ubi
253 1730 475 1796 vaticinantur
502 1728 542 1793 dc
570 1730 646 1795 novi
676 1741 709 1794 et·
738 1728 921 1812 spiritualis
954 1729 1068 1812 templi
1096 1729 1146 1793 in·
1198 1743 1308 1798 tamen
1340 1733 1525 1815 exprimere
1558 1731 1662 1797 voluit
1693 1732 1868 1815 propheta,
1908 1731 2071 1798 Davidem
2105 1753 2170 1796 non

173 1817 392 1892 stauratione,
423 1814 539 1880 dicunt
560 1812 732 1881 locandum
757 1835 828 1880 esse
848 1814 884 1878 in
907 1816 1030 1880 vertice
1052 1836 1145 1879 mon·
1198 1818 1294 1884 modo
1316 1819 1442 1884 felicem
1464 1819 1499 1882 in
1521 1819 1590 1884 suis
1611 1818 1793 1884 actionibus
1823 1819 1938 1894 luisse,
1968 1818 2025 1884 sed
2056 1816 2171 1902 guber·

172 1903 274 1982 uum,
303 1912 341 1965 ut
363 1901 505 1966 emineat
535 1920 635 1983 supra
664 1920 778 1965 omnes
800 1900 908 1966 oclles.
951 1900 997 1964 Et
1025 1901 1146 1966 scimus
1197 1915 1311 1969 natum
1333 1904 1398 1970 Dei
1420 1903 1555 1987 spiritu,
1583 1913 1620 1968 ut
1641 1924 1760 1970 manus
1783 1904 1823 1969 ad
1850 1903 1978 1968 nullum
2007 1924 2089 1986 opus
2122 1913 2169 1967 te·

172 2009 265 2054 arces
288 1998 366 2053 tunc
389 1987 489 2051 fuisse
510 1986 545 2051 in
568 1987 647 2051 locis
675 1985 781 2051 editis.
827 1986 948 2052 Postea
975 1985 1045 2050 orbi
1074 1986 1145 2050 uni·
1197 2011 1286 2054 mere
1317 1991 1506 2073 proficeret,
1544 1989 1600 2054 sed
1630 1989 1745 2054 dextre
1771 1991 1977 2072 scienterque
2013 1988 2170 2071 dirigeret

172 2095 270 2139 verso
292 2080 461 2156 comparat
481 2083 627 2137 montem
650 2069 743 2137 Sion.
787 2072 861 2138 Etsi
883 2072 970 2137 enim
997 2071 1145 2156 singulas
1196 2097 1262 2159 quo
1287 2075 1423 2142 vocabat
1444 2074 1526 2139 fides
1548 2088 1581 2139 et
1601 2076 1762 2140 officium:
1786 2084 1882 2159 atque
1902 2076 1948 2140 ita
1965 2079 2000 2139 in
2018 2094 2168 2140 successu

170 2161 322 2243 regiones
344 2158 397 2223 vel
420 2160 548 2224 concuti
570 2158 623 2222 vel
645 2157 812 2224 chasmate
835 2159 956 2240 perire,
979 2156 1032 2222 vel
1054 2168 1144 2222 motu
1196 2181 1334 2244 operum
1356 2165 1427 2226 eius
1449 2161 1552 2226 maior
1574 2161 1768 2243 prudentiae
1785 2161 1866 2240 laus,
1890 2181 1986 2244 quam
2005 2160 2168 2244 prosperi·

170 2246 280 2327 aliquo
312 2244 456 2309 violento
489 2244 632 2320 turbari,
665 2243 719 2308 val
751 2243 893 2326 aliquam
928 2242 1143 2307 mutationem
1196 2248 1274 2312 tatis
1296 2248 1445 2331 fulgeret.

170 2330 281 2396 subire
302 2331 476 2414 contingit,
499 2349 616 2413 corpus
638 2338 748 2394 tamen
770 2329 877 2478 ipsum
900 2336 1008 2393 terrae
1030 2328 1144 2393 stabile

169 2418 367 2498 firmumque
389 2423 517 2480 manet:
539 2416 616 2498 qnia
638 2415 714 2481 altis
735 2436 773 2480 ra
796 2413 899 2481 icibus
921 2414 1048 2478 nititur.
1090 2413 1142 2480 Si·

169 2504 305 2586 gnificat
331 2503 434 2585 igitur
461 2499 620 2585 propheta
649 2522 714 2565 non
745 2521 816 2566 asse
846 2500 1024 2583 temporale
1054 2499 1142 2565 aedi·

169 2589 281 2653 licium
305 2585 345 2652 de
362 2609 425 2669 quo
452 2589 595 2670 loquitur
626 2585 779 2671 (qualiter
807 2595 998 2669 sumptuosa
1027 2604 1141 2670 regum
1476 2604 1686 2674 Pfflqffls
1712 2602 1881 2672 mlx·

167 2674 291 2758 palatia
318 2682 376 2737 aut
404 2681 567 2738 vetustate
595 2671 785 2748 concidunt,
813 2682 871 2736 ant
899 2670 1039 2736 obnoxia
1066 2680 1143 2735 sunt

168 2759 271 2825 'arm
292 2757 442 2844 millis)
464 2759 521 2824 Μ
542 2758 717 2823 fundatum
739 2778 810 2823 ⁰⁸⁸⁰
830 2766 868 2822 ul
889 2766 954 2823 ml
975 2757 1142 2840 integrum
1194 2793 1279 2849 ABG.
1297 2793 1569 2859 Querimcniasatac
1581 2792 1739 2847 lamentatio
1757 2793 1887 2847 ecclesiae
1904 2792 2025 2861 graviter
2043 2790 2166 2857 afflictae,

168 2866 273 2928 usqne
295 2844 335 2909 ad
357 2843 472 2909 mundi
494 2846 605 2909 linem.
648 2841 685 2909 si
709 2844 783 2925 quis
803 2843 955 2926 excipiat,
982 2842 1141 2926 templum
1297 2864 1325 2916 in
1351 2878 1404 2930 qua
1427 2863 1538 2916 amem
1565 2861 1711 2930 deplorant
1736 2863 1831 2916 fida„
1854 2861 1967 2914 mim„
1991 2868 2019 2914 οι
2041 2860 2167 2928 indignas

166 2931 250 2996 illud
273 2951 293 2995 a
315 2928 491 2996 Chaldaeis
512 2941 546 2995 et
564 2929 712 3014 Assyriis
733 2929 879 2995 dirutum
900 2929 1013 2992 fuisse:
1037 2928 1141 2993 facilis
1297 2947 1360 2983 suas
1383 2930 1486 2996 clades,
1510 2936 1539 2983 et
1556 2930 1674 2983 hostium
1698 2937 1826 2987 mensam
1849 2930 2003 2987 saevitiam,
2027 2944 2057 2981 se
2074 2936 2165 2981 tamen

166 3017 287 3083 solutio
310 3027 377 3096 est,
406 3016 538 3080 nonnisi
559 3016 593 3079 in
617 3014 750 3080 Christo
772 3025 921 3081 constare
951 3012 1036 3078 hanc
1067 3013 1142 3078 soli·
1295 2998 1712 3135 fflfmfffissm‘lgffflq
1727 3004 1756 3118 eet
1770 2997 2165 3132 ssfflffigfgiufflffi

166 3102 303 3201 dimlem
333 3122 429 3185 quam
460 3101 604 3168 ΜΘΝ
633 3100 807 3198 wlhelm
847 3100 933 3197 quia.
955 3100 981 3163 ’ἰ
1017 3120 1077 3197 99¹
1105 3120 1140 3164 ⁸⁰
1295 3135 1464 3189 calamitates
1490 3135 1585 3188 vident
1613 3151 1674 3188 oum
1728 3133 1754 3186 ei
1782 3134 1883 3202 probro
1911 3134 2067 3187 coniunctas
2095 3147 2163 3197 esse,

166 3197 361 3254 aestimetur
382 3197 477 3254 vetus
505 3195 538 3251 et
565 3185 740 3250 umbratile
770 3196 1011 3262 sanctuarium,
1040 3205 1139 3248 inane
1294 3205 1359 3257 dum
1381 3203 1459 3272 impii
1480 3220 1587 3257 ,mm
1612 3204 1669 3257 eins
1692 3218 1791 3255 ,men
1811 3217 1942 3270 oppressa
1964 3201 2075 3256 mma,
2093 3197 2164 3254 m...

165 3285 330 3358 spectrum
361 3274 440 3339 erit:
472 3271 529 3337 sed
559 3272 637 3354 quia
664 3271 757 3336 Deus
787 3271 907 3354 pignus
934 3290 1005 3334 esse
1034 3268 1139 3336 voluit
1294 3274 1432 3342 phcmant.

165 3359 293 3425 Ohristi
316 3358 457 3437 venturi,
479 3358 597 3422 merito
620 3355 649 3420 ei
672 3354 827 3421 tribuitur
848 3355 1066 3439 perpetuitas:
1095 3355 1138 3421 si·

163 3448 232 3510 euti
254 3445 333 3510 alibi
355 3443 474 3511 dicitur
496 3441 711 3507 fundamenta
732 3442 846 3506 iecisse
867 3439 960 3504 Deus
986 3441 1021 3504 in
1043 3461 1137 3506 mon·
1277 3443 1428 3510 Psalmus
1456 3442 1579 3524 Asopis.
1632 3444 1660 3507 1.
1683 3442 1790 3522 Deua,
1822 3445 1968 3507 venemut
1994 3447 2098 3526 pentec
2126 3442 2163 3506 iu

164 3531 254 3597 tibus
275 3532 406 3608 sanctis,
427 3529 516 3595 Psal.
540 3529 593 3604 87,
616 3527 644 3591 1.
684 3526 768 3592 Item
792 3526 874 3592 lesa.
895 3526 944 3601 14,
962 3525 1004 3591 32
1033 3527 1137 3591 Manu
1188 3531 1411 3596 moditatem
1425 3534 1521 3608 tuam,
1534 3528 1714 3611 polluerunt
1728 3529 1877 3610 ternplum
1891 3528 2163 3606 conductistuoc,

162 3637 223 3683 sua
251 3616 406 3682 lundense
438 3613 531 3682 Sion.
576 3612 678 3690 Item,
718 3611 805 3678 Psal.
836 3612 895 3690 74,
925 3612 946 3676 2
978 3612 1137 3678 Residere
1182 3621 1359 3701 poauemut
1383 3615 1556 3680 Ierturulem
1584 3616 1620 3679 iu
1649 3634 1782 3680 acervos.
1828 3612 1858 3678 2.
1881 3612 2043 3678 Dedenmt
2069 3613 2161 3680 eadu-

162 3703 197 3768 in
219 3723 268 3778 eo,
290 3712 327 3768 ut
349 3722 518 3784 nunquam
539 3699 691 3765 labascat.
1187 3724 1262 3768 uero
1282 3722 1443 3768 seruorum
1463 3707 1585 3766 tuorum
1602 3718 1703 3764 cacam
1719 3699 1898 3764 volutilibus
1913 3697 2073 3776 melonum,
2093 3718 2161 3764 cor-

250 3787 298 3854 70.
323 3787 382 3875 (Et
403 3785 516 3872 clepit.)
561 3786 663 3851 Facta
685 3784 851 3850 mentione
874 3784 998 3866 templi,
1020 3784 1061 3849 ad
1085 3806 1135 3849 re·
1187 3808 1257 3854 uem
1278 3793 1515 3853 mansuetorum
1536 3791 1661 3851 tuorum
1680 3784 1787 3850 bestiis
1803 3789 1913 3851 terrae.
1947 3783 1977 3848 3.
1997 3781 2162 3849 Fuderunt

162 3896 267 3958 gnum
299 3894 431 3956 quoque
462 3873 598 3938 transit:
641 3873 718 3953 quia
751 3871 832 3935 haec
864 3868 929 3935 duo
961 3869 1136 3953 praecipua
1186 3874 1372 3957 sanquinem
1392 3892 1498 3937 eorum
1518 3872 1598 3936 uelut
1619 3889 1736 3952 uquam
1764 3871 1800 3934 iu
1821 3869 1954 3956 cirmitu
1971 3868 2162 3935 Ierusalem.-

162 3970 259 4025 erant
279 3959 444 4026 electionis
467 3968 501 4023 et
529 3957 653 4043 gratiae
676 3955 740 4022 Dei
769 3957 879 4040 signa,
908 3956 1006 4021 sicuti
1036 3960 1135 4020 etiam
1186 3966 1301 4025 duca
1320 3958 1384 4039 fuit
1403 3957 1563 4039 sepeliens.
1607 3957 1637 4020 4.
1662 3954 1800 4021 Fuimus
1822 3953 2020 4039 opprobrium
2047 3955 2161 4021 vicinia

163 4044 317 4111 Christus
338 4055 377 4110 ut
398 4044 529 4129 plenam
552 4043 690 4108 salntem
713 4041 865 4120 afferret,
895 4062 955 4106 rex
977 4052 1010 4106 et
1031 4061 1136 4107 sacer·
1185 4045 1314 4124 nustria,
1335 4040 1539 4108 alunnum
1560 4046 1588 4106 et
1608 4042 1727 4108 derisio
1749 4042 1793 4107 iia
1820 4043 1874 4124 qui
1894 4042 1929 4104 iu
1950 4040 2083 4106 circuitu
2104 4061 2159 4106 uo·

163 4130 222 4198 dos
244 4132 336 4196 nobis
358 4131 517 4214 apparuit.
558 4127 720 4192 Davidem
743 4148 821 4192 vero
843 4148 953 4211 regem
977 4127 1134 4194 divinitus
1185 4137 1250 4198 stro
1270 4134 1353 4197 sont.

162 4224 308 4284 creatum
331 4216 430 4282 inisse
459 4214 593 4297 probat,
623 4212 709 4296 quod
738 4213 779 4277 ab
807 4213 919 4277 ovium
953 4213 1071 4291 caulis,
1101 4222 1135 4279 et

161 4300 326 4386 pecudum
348 4301 498 4368 custodia
526 4301 562 4364 in
591 4299 707 4365 solium
737 4309 869 4363 evectus
899 4299 1005 4362 luerit.
1048 4299 1133 4365 Nam
1275 4303 1304 4365 1.
1326 4300 1446 4387 (Deua,
1475 4295 1647 4384 venerumt.)
1697 4297 1849 4364 Psalmus
1880 4294 1934 4360 hic
1962 4295 2049 4360 inter
2077 4295 2157 4361 alios

162 4391 226 4456 Dei
260 4389 400 4471 gratiam
435 4408 502 4451 non
534 4404 650 4468 parum
684 4384 829 4449 illustrat
865 4383 945 4449 haec
984 4386 1133 4463 mutatio,
1186 4387 1272 4455 clare
1294 4387 1437 4454 ostendit
1458 4406 1493 4451 se
1515 4385 1613 4468 longe
1634 4395 1709 4466 post
1730 4392 1866 4448 mortem
1891 4380 2029 4446 Davidie
2056 4380 2156 4446 fuisse

162 4476 249 4560 quod
272 4472 368 4539 homo
389 4474 534 4539 rusticus
562 4492 603 4535 ex
631 4470 767 4554 ignobili
797 4471 928 4554 tugurio
957 4470 992 4533 in
1022 4491 1132 4553 regem
1185 4474 1409 4555 compositum.
1453 4469 1549 4551 Quod
1571 4471 1660 4535 enim
1683 4478 1843 4535 excusant
1864 4466 2012 4550 quidam,
2038 4467 2155 4550 spiritu

162 4568 356 4644 assumptus
377 4568 436 4625 est.
480 4559 577 4624 Hanc
598 4575 677 4621 vero
699 4557 838 4640 gratiam
868 4577 934 4620 non
961 4556 1134 4639 restringit
1184 4557 1374 4641 prophetico
1396 4556 1578 4639 praedictas
1598 4557 1699 4620 fuisse
1721 4554 1875 4620 ecclesiae
1893 4551 2011 4628 clades,
2035 4564 2072 4614 ut
2086 4553 2154 4616 ani·

161 4647 330 4731 Propheta
352 4645 392 4710 ad
411 4664 583 4729 personam
602 4641 757 4707 Davidis:
780 4641 837 4706 sed
855 4641 1016 4716 admonet,
1039 4642 1132 4722 quid·
1185 4653 1354 4708 merentur
1382 4643 1504 4724 posteri
1538 4640 1579 4705 ad
1612 4660 1741 4707 erucem
1775 4638 1996 4716 tolerandam,
2029 4637 2155 4703 ratione

161 4734 240 4817 quid
263 4741 314 4798 est
335 4730 506 4815 dignitatis
526 4732 561 4794 in
582 4728 658 4792 filiis
680 4726 843 4806 Abrahae,
863 4727 966 4791 fluere
983 4748 1024 4791 ex
1042 4727 1132 4791 fonte
1184 4739 1282 4795 caret.
1326 4727 1441 4811 Neque
1463 4728 1550 4792 enim
1573 4728 1619 4791 ita
1648 4727 1682 4789 in
1712 4727 1780 4791 suis
1809 4724 1973 4788 vaticiniis
2004 4723 2154 4789 historice

161 4820 219 4885 illo
241 4815 484 4884 misericordiae
507 4815 580 4881 Dei.
624 4815 708 4879 Tota
728 4814 817 4878 enim
839 4811 950 4895 populi
972 4813 1077 4894 gloria
1099 4822 1132 4876 et
1185 4814 1272 4897 loqui
1295 4814 1472 4895 prophetae
1494 4812 1609 4878 solent.
1654 4812 1700 4876 Et
1722 4811 1866 4893 quisquis
1888 4809 2016 4892 integro
2038 4807 2155 4874 iudicio

162 4905 302 4972 felicitas
330 4901 560 4970 continebatur
581 4900 615 4964 in
638 4920 739 4982 regno
761 4908 795 4963 et
822 4896 1021 4964 sacerdotio:
1053 4918 1132 4980 quo·
1183 4909 1372 4964 contextum
1406 4899 1586 4982 expendet,
1627 4919 1685 4982 per
1717 4919 1751 4962 se
1784 4895 1878 4962 facile
1911 4895 2035 4959 videbit
2075 4905 2154 4960 tunc

161 5012 237 5057 rum
259 5002 433 5071 utrumque
455 5007 546 5052 mero
564 4986 626 5051 Dei
649 4984 851 5068 beneplacito
873 4982 1036 5049 adscribit.
1069 4983 1128 5047 At·
1182 4985 1283 5050 fnisse
1311 4986 1526 5067 compositum
1555 4983 1683 5066 qnando
1711 4982 1763 5049 vel
1794 4991 1908 5047 exusto
1945 4978 2083 5064 templo,
2121 4989 2154 5044 et

162 5098 225 5161 qua
253 5076 325 5141 ideo
353 5071 525 5140 exordium
555 5071 648 5156 regni
673 5069 800 5135 Dhristi
833 5068 956 5133 humile
993 5079 1026 5133 et
1054 5088 1130 5134 con·
1182 5072 1262 5136 urbe
1289 5091 1403 5135 eversa
1431 5069 1472 5134 ab
1495 5069 1657 5153 Assyriis,
1693 5079 1816 5135 tractus
1846 5068 1909 5132 luit
1936 5067 1970 5130 in
2000 5065 2151 5130 exsilium

162 5161 342 5246 temptibile
359 5181 430 5226 esse
451 5156 610 5241 oportuit,
641 5163 677 5220 nt
705 5157 829 5239 figurae
861 5175 939 5219 suae
968 5155 1131 5221 conforme
1181 5156 1338 5240 populus:
1361 5156 1415 5220 vel
1430 5177 1531 5238 quum
1547 5156 1587 5220 ab
1600 5155 1766 5221 Antiocho
1784 5154 1940 5235 templum
1964 5151 2026 5215 fuit
2048 5150 2151 5235 pollu-

163 5260 257 5326 asset,
280 5268 318 5312 ac
338 5245 446 5329 palam
464 5245 585 5310 faceret
602 5243 694 5308 Deus
711 5240 811 5307 nullis
829 5241 973 5306 externis
991 5241 1130 5306 admini·
1182 5252 1252 5307 tum
1285 5241 1397 5307 multis
1429 5241 1592 5326 stragibus
1625 5240 1731 5306 editis.
1786 5239 1870 5303 Nam
1903 5236 1943 5302 ad
1977 5242 2152 5319 utrumque
