4658 5856
97 323 161 389 ese
256 294 267 311 ‘
893 321 1107 391 asarinus
1131 321 1294 390 nxxrv.
2023 335 2087 400 690

97 516 183 580 levet
215 516 322 592 Deus,
355 514 408 578 vel
442 513 570 596 inopiae
603 512 768 596 suppetias
800 512 894 578 ferat.
949 513 1064 595 Longe
1116 530 1220 574 unum
1243 510 1351 577 Deum
1381 516 1581 599 restringere
1611 516 1783 583 discamus.
1828 520 1866 584 In
1892 522 1955 585 fine
1984 522 2087 605 signi-

96 603 222 685 plenior
242 614 291 667 est
309 600 450 665 Davidie
471 600 638 677 confessio,
663 600 739 663 dum
763 619 855 664 suam
878 597 927 683 (ut
949 598 996 661 ita
1016 596 1064 662 lo·
1116 597 1200 676 licat,
1223 610 1398 682 postquam
1423 603 1479 666 uni
1497 602 1569 666 Deo
1592 626 1626 668 se
1648 607 1894 684 consecraverit,
1917 628 2086 688 nunquam

97 685 190 771 quar)
214 687 397 751 nullitatem
415 705 523 751 eoram
541 685 613 750 Deo
632 684 794 768 proponit,
818 685 928 765 itaque
947 684 1063 747 merito
1115 681 1176 746 sibi
1207 682 1318 749 defore
1349 687 1420 751 eius
1450 689 1603 753 laudandi
1638 691 1825 765 materiam,
1860 691 1936 773 quia
1963 693 2087 759 scilicet

96 773 194 850 addit,
224 772 328 838 Deum
350 792 415 837 esse
431 772 606 852 portionem
626 791 736 835 suom:
765 791 827 852 qua
850 768 1063 833 similitudine
1114 788 1206 849 spem
1228 791 1363 835 suorum
1386 794 1557 856 nunquam
1579 776 1764 840 frustratur.
1811 775 1906 841 Unde
1928 780 2085 859 sequitur,

96 860 259 942 significat
288 860 448 939 scriptura
477 867 596 921 sortem
626 877 690 938 qua
719 856 856 938 quisque
889 865 1063 920 contentus
1115 873 1180 917 uon
1203 854 1284 920 alios
1306 855 1378 922 Deo
1400 859 1610 936 maledicere,
1635 861 1686 925 vel
1709 862 1909 943 obstrepere,
1940 865 2003 927 nisi
2031 865 2085 946 qui

95 958 153 1011 est.
190 945 302 1025 Quum
324 964 402 1026 ergo
425 942 620 1007 transfertur
642 941 703 1007 hoo
721 940 763 1005 ad
780 940 898 1018 Deum,
921 940 1062 1006 sciamus
1113 949 1227 1020 sponte
1261 942 1398 1008 nebulas
1431 946 1491 1010 sibi
1526 947 1709 1023 obducunt,
1744 968 1785 1010 ne
1815 958 1985 1030 perspecta
2014 951 2085 1016 eius

96 1031 180 1097 hanc
200 1052 271 1095 esse
292 1033 460 1106 rationem,
494 1028 570 1111 quia
603 1049 689 1093 unus
719 1027 789 1109 ipse
818 1025 910 1091 nobis
933 1024 1062 1091 abunde
1113 1025 1320 1107 providentia
1342 1031 1410 1096 eius
1433 1030 1508 1096 fidei
1531 1032 1716 1115 tutelaeque
1739 1054 1773 1097 se
1796 1035 1998 1115 permittant.

94 1118 245 1195 sufficiat,
274 1130 308 1179 et
330 1115 363 1179 iu
387 1136 425 1178 eo
451 1125 577 1179 constet
603 1114 747 1196 perfecta
777 1112 921 1177 felicitas.
966 1109 1062 1177 Unde

93 1204 252 1285 sequitur,
282 1223 340 1265 nos
367 1202 514 1282 ingratos
543 1221 614 1264 esse
636 1200 664 1265 si
687 1199 749 1262 alio
772 1199 969 1263 reflectimus
991 1197 1060 1260 aui·

94 1309 194 1364 murm,
216 1289 311 1352 sicuti
335 1284 458 1351 dictum
481 1297 531 1349 est
552 1285 673 1350 Psalm.
698 1284 749 1364 16,
772 1284 792 1348 5
822 1282 877 1346 ubi
900 1283 1060 1347 rationem

92 1374 303 1455 metaphorae
325 1372 444 1437 clarius
462 1371 572 1435 David
590 1370 741 1454 explicat.
778 1368 873 1449 Quod
897 1379 1062 1451 nugantur
1399 1404 1607 1474 PSAMUS
1631 1407 1782 1474 LXXIV

93 1458 226 1541 quidam
245 1459 352 1523 vocari
369 1456 476 1521 Deum
496 1457 675 1539 portionem
695 1465 839 1520 nostram
858 1453 933 1535 quia
951 1455 1061 1518 anima
1783 1454 1792 1474 ⁹
1846 1488 1849 1493 -

92 1566 135 1609 ⁹¹
157 1567 194 1609 ω
216 1558 346 1626 wmpm
368 1556 425 1607 m:
457 1563 564 1607 nmo
593 1543 680 1606 unde
709 1558 774 1605 tam
798 1541 902 1604 summ
931 1551 1061 1622 argum
1112 1589 1195 1643 ABG.
1215 1591 1370 1654 Queruntur
1394 1593 1480 1644 sancti
1503 1591 1537 1645 de
1556 1595 1685 1646 ecelesiae
1703 1596 1863 1662 imbutione,
1888 1613 1958 1662 quae
1983 1614 2081 1651 nomen

92 1630 158 1696 illis
179 1631 306 1694 Vflnffl'il
335 1629 370 1729 {¹¹
400 1641 555 1728 mentem,
588 1649 671 1709 ‘luae
704 1648 768 1691 ¹¹⁰⁰
799 1627 907 1690 minus
936 1638 1060 1688 remota
1214 1659 1322 1713 lsraiilis
1345 1677 1431 1729 prope
1450 1661 1485 1713 ad
1502 1663 1642 1715 interitum
1664 1663 1823 1716 adduxerat.
1859 1665 1920 1717 Etsi
1939 1673 2029 1718 autom
2048 1683 2083 1720 ex

91 1727 142 1781 est
165 1738 184 1780 a
206 1724 367 1780 sententia
389 1713 542 1788 Davrdrs,
574 1734 669 1795 quam
697 1712 821 1777 coelum
851 1722 992 1775 eterra:
1028 1720 1061 1774 et
1213 1729 1379 1849 enpqlicibus
1404 1733 1474 1783 votis
1497 1737 1612 1799 apparet
1635 1748 1680 1785 eos
1705 1732 1859 1785 adscribere
1883 1735 2002 1802 peccetis
2026 1736 2082 1788 suis

91 1822 200 1867 secum
219 1801 320 1865 trahit
336 1799 605 1864 Manichaeorum
625 1798 786 1876 delirium,
805 1819 867 1879 quo
883 1796 1059 1861 fascinatus
1214 1798 1259 1865 qui
1281 1797 1345 1865 quid
1370 1799 1506 1852 sustinent
1523 1800 1666 1853 mulorum:
1692 1801 1748 1854 Deo
1767 1807 1858 1854 tamen
1877 1802 2009 1855 obfieinnt
2028 1805 2083 1857 foe·
2120 1809 2121 1813 ’

89 1888 152 1952 fuit
186 1885 354 1953 serveque·
411 1884 476 1952 Sed
512 1889 573 1950 boo
606 1898 644 1948 ut
677 1883 856 1967 plurimum
889 1883 1059 1966 contingit,
1213 1864 1263 1918 dus
1282 1882 1367 1930 suum,
1393 1884 1446 1934 quo
1463 1884 1548 1936 genus
1566 1868 1692 1921 Abrahae
1716 1869 1767 1921 sibi
1792 1870 1942 1938 adoptavit.
1977 1871 2083 1926 Deinde

89 1973 238 2038 homines
260 1974 294 2035 in
318 1971 489 2054 seripturis
522 1991 587 2035 non
617 1970 821 2047 exercitatos,
853 1979 887 2032 et
912 1989 974 2032 uon
998 1970 1058 2031 im·
1212 1943 1564 2061 ζζέζζῖζωθζξζξξζξξ
1575 1941 2008 2077 ἱξΠῧῖθζζῗξξζοῇξίῒξῗᾟξξ
2017 1957 2083 2063 1ζῇ

88 2059 185 2123 bubos
209 2078 287 2122 vera
308 2057 481 2142 theologia,
514 2055 589 2122 licet
622 2056 716 2140 periti
747 2057 815 2120 sint
837 2054 967 2136 linguae
1002 2053 1058 2118 ho·
1213 2079 1351 2140 concepta,
1370 2085 1516 2140 precantur
1533 2082 1564 2127 nt
1575 2075 1648 2128 Deus
1666 2092 1745 2143 opem
1764 2083 1792 2129 at
1803 2077 1953 2130 remedium
1972 2079 2081 2132 tandem

87 2144 233 2219 braioae,
274 2143 467 2209 hallucinari
502 2153 610 2206 tamen
640 2143 673 2205 in
706 2140 821 2224 primis
855 2139 1058 2204 rudimentis.
1213 2141 1310 2194 afferat
1327 2143 1407 2196 rebus
1424 2143 1539 2210 perditis
1558 2150 1586 2196 et
1604 2143 1761 2212 deploratis.

87 2229 192 2294 Porro
215 2229 291 2294 licet
312 2230 419 2294 cordis
446 2230 577 2292 uomina
608 2237 711 2292 totam
742 2226 883 2290 animam
912 2245 1058 2307 compre·

86 2315 220 2394 hendat,
243 2328 436 2379 nontamen
457 2315 632 2378 essentiam
655 2313 792 2376 delicere
815 2309 977 2392 intelligit,
1001 2308 1059 2375 sed
1196 2312 1357 2377 Erudiens
1385 2313 1506 2396 Asopi.
1552 2316 1579 2379 1.
1618 2315 1734 2396 thuid
1754 2313 1844 2380 Deus
1872 2314 2016 2398 repulisti
2047 2319 2081 2382 iu

87 2401 176 2466 vires
197 2422 311 2465 omnes
333 2401 511 2477 concidere,
534 2420 616 2482 quas
639 2397 769 2463 nonnisi
792 2418 835 2460 ex
860 2396 921 2459 Dei
944 2394 1058 2460 libera·
1109 2405 1309 2481 perpetuum,
1339 2398 1475 2480 fumabit
1506 2400 1560 2465 ira
1589 2405 1644 2465 tuo
1673 2402 1709 2465 in
1739 2422 1860 2483 prepem
1886 2421 2081 2481 pascuorum

87 2486 178 2550 litate
201 2487 347 2567 precario
370 2487 506 2550 obtinet.
1110 2485 1262 2567 tuorum?
1311 2485 1341 2549 2.
1377 2484 1551 2551 Recordme
1581 2487 1829 2569 oonprepotionis
1860 2492 1947 2566 tuoe,
1985 2507 2080 2568 quam

174 2573 226 2638 27.
256 2570 356 2657 (Quia
377 2590 449 2650 ecre,
471 2569 550 2655 qui.)
594 2570 626 2633 A
656 2569 913 2651 repugnantibus
942 2568 1059 2648 probet
1107 2571 1231 2653 pridem
1247 2570 1425 2651 possedisti,
1443 2592 1539 2651 quom
1556 2572 1726 2650 redemisti,
1748 2573 1858 2654 eirpoe
1875 2571 2080 2638 baereditatis

87 2657 170 2723 nihil
194 2679 267 2724 esse
295 2657 422 2739 melius,
455 2676 553 2738 quam
575 2654 767 2737 simpliciter
797 2653 1057 2736 acquiescerem
1110 2663 1190 2736 tuae,
1212 2658 1327 2720 montis
1352 2654 1429 2721 Sion
1455 2656 1607 2723 laniosio
1629 2678 1687 2739 quo
1715 2656 1872 2723 habitasti.
1917 2657 1948 2721 3.
1976 2657 2080 2724 Eleon

86 2765 153 2809 uno
175 2743 265 2808 Deo:
299 2743 374 2826 quia
396 2741 533 2806 simulac
555 2739 596 2805 ab
617 2762 655 2805 eo
677 2739 838 2823 quispiam
863 2738 1057 2821 discesserit,
1106 2744 1322 2825 percussiones
1354 2746 1426 2806 tuos
1459 2744 1501 2809 ad
1533 2744 1738 2809 desolationes
1766 2747 1937 2824 perpetuos
1972 2749 2079 2809 cantro

86 2829 253 2895 horribilis
279 2830 386 2911 ipsum
409 2829 561 2892 interitus
583 2839 702 2891 manet.
747 2823 924 2890 Discedere
947 2836 1056 2889 antem
1109 2848 1227 2893 omnem
1255 2826 1428 2907 malefidam
1458 2828 1575 2893 bostem
1603 2830 1792 2893 sanctuario.
1842 2829 1871 2892 4.
1903 2828 2081 2911 Rupierunt

85 2915 229 2982 sciamus
257 2936 369 2979 omnes
399 2915 454 2995 qui
483 2934 558 2996 spes
587 2933 663 2976 suas
685 2912 775 2976 varie
805 2911 991 2992 partiuntur
1019 2930 1057 2973 ac
1109 2914 1287 2979 aduersarii
1315 2914 1363 2977 tui
1389 2915 1425 2977 in
1451 2914 1550 2978 media
1577 2915 1830 2980 sordiscariorum
1859 2920 1994 2993 tuorum,
2024 2935 2081 2994 po·

86 3000 256 3082 dissipant.
291 3000 414 3064 Eodem
438 3001 581 3082 pertinet
600 2996 782 3078 smnicoudi
804 2998 956 3060 verbum:
980 2996 1056 3077 quia
1107 3003 1237 3063 suerunt
1257 2998 1352 3079 sipna
1373 3019 1433 3063 sua
1454 3001 1557 3081 sipon.
1601 3000 1632 3064 5.
1664 2999 1811 3082 Copnitrm
1837 3003 1882 3063 est
1901 3001 1996 3080 quasi
2017 2999 2078 3064 ela-

85 3088 263 3170 pessimum
282 3085 435 3150 adulterii
453 3105 557 3167 genus
577 3098 635 3159 est,
658 3103 712 3148 cor
731 3090 879 3145 nostrum
899 3080 1052 3158 dividere,
1107 3089 1158 3148 tus
1180 3085 1215 3147 in
1236 3083 1375 3152 sublime.
1405 3084 1440 3148 in
1457 3083 1662 3167 perplexitate
1692 3085 1771 3167 lipsi
1799 3103 1928 3149 secures.
1975 3084 2005 3147 6.
2035 3084 2080 3149 Et

87 3194 128 3237 ne
150 3173 184 3236 in
208 3173 276 3235 solo
307 3172 378 3236 Deo
407 3171 512 3235 fixum
540 3182 687 3232 maneat:
721 3167 805 3248 quod
834 3165 963 3231 facilius
993 3167 1056 3229 erit
1107 3189 1189 3233 nune
1210 3169 1390 3249 scalpturas
1411 3169 1479 3233 cius
1501 3169 1597 3235 simul
1618 3172 1654 3233 in
1675 3170 1799 3252 bipenni
1822 3170 1990 3234 etmolleis
2010 3189 2079 3235 eon·

86 3257 216 3341 cognitu
240 3257 267 3322 si
290 3257 465 3321 definiatur
494 3253 674 3338 spiritualis
701 3253 821 3316 mentis
850 3263 980 3316 nostrae
1002 3271 1054 3314 ca·
1105 3255 1257 3337 frinpunt.
1297 3254 1326 3319 7.
1351 3253 1507 3319 Miserunt
1528 3256 1564 3318 in
1586 3257 1659 3337 ipae
1679 3255 1862 3319 sanduorio
1883 3258 1939 3319 luo
1960 3254 2004 3319 od
2020 3261 2080 3318 ter·

85 3346 190 3421 scitas,
213 3363 296 3424 quae
318 3344 353 3406 in
376 3341 448 3416 fide,
472 3339 676 3405 invocatione
697 3337 772 3419 Dei,
793 3336 898 3401 cordis
920 3337 1056 3419 integri·
1105 3361 1186 3418 rom,
1203 3339 1383 3422 polluerunt
1404 3340 1597 3405 domicilium
1618 3342 1756 3405 nourinis
1773 3341 1830 3407 tui.
1867 3340 1896 3403 8.
1915 3339 2080 3406 Diueruut

85 3441 163 3508 tate,
185 3439 218 3492 et
241 3426 330 3493 verbi
350 3426 534 3492 obedientia
556 3426 618 3489 sita
640 3436 700 3489 est.
742 3422 898 3505 Quisquis
920 3443 998 3505 ergo
1020 3443 1055 3487 se
1106 3428 1141 3490 in
1169 3425 1259 3491 corde
1290 3445 1365 3504 suo,
1404 3424 1597 3507 Populemur
1632 3448 1683 3492 eos
1709 3427 1843 3509 pariter,
1877 3425 2080 3492 incenderunt

84 3515 187 3580 verbo
209 3514 273 3578 Dei
296 3533 362 3578 non
385 3512 525 3591 subiicit,
554 3523 589 3575 ut
612 3510 771 3575 bonorum
794 3509 939 3573 omnium
963 3522 1054 3572 auto·
1106 3513 1212 3579 omnia
1233 3511 1433 3577 tabernacula
1455 3510 1519 3577 Dei
1540 3513 1575 3577 in
1596 3517 1692 3578 terro.

84 3621 154 3667 rem
177 3601 310 3665 unicum
337 3601 485 3663 sentiens
513 3596 614 3664 abeo
636 3593 790 3678 pendeat,
821 3616 856 3659 se
884 3596 993 3658 tradat
1025 3593 1054 3657 ei

83 3685 284 3769 regendum,
315 3682 356 3747 ad
389 3705 464 3749 eum
497 3703 626 3764 semper
658 3682 840 3763 confugiat,
877 3700 1054 3761 omnesque
1190 3681 1365 3767 (Erudiens
1393 3681 1532 3767 Asopi.)
1581 3681 1755 3765 Inscriptio
1789 3657 1920 3766 bonvs)
1954 3683 2077 3765 optime
2171 3720 2177 3732 ·

52 3772 55 3777 ’
84 3773 218 3837 affectus
249 3772 279 3835 ei
308 3768 454 3849 addicat,
487 3769 602 3834 similis
635 3779 685 3832 est
715 3766 843 3829 mulieri
879 3764 1054 3845 adulterae,
1106 3778 1299 3853 argumento
1321 3770 1483 3844 convenit,
1506 3790 1581 3833 nam
1602 3771 1661 3835 etsi
1681 3768 1778 3833 rebus
1796 3772 1889 3832 laetis
1909 3768 2076 3833 interdum

84 3878 167 3941 quae
197 3856 309 3921 relicto
340 3857 468 3934 marito,
497 3854 614 3920 alienis
636 3874 671 3918 se
695 3853 867 3934 prostituit.
912 3851 1054 3916 Perinde
1106 3867 1244 3936 aptatur,
1273 3853 1369 3917 sicuti
1392 3855 1502 3918 visum
1525 3864 1574 3917 est
1595 3854 1727 3919 Psalmo
1750 3852 1808 3918 45:
1840 3853 2076 3934 utplurimum

83 3946 185 4028 igitur
208 3953 258 4006 est
279 3962 316 4007 ao
338 3942 366 4006 si
389 3942 498 4006 David
529 3960 643 4005 omues
670 3949 833 4019 apostatas
862 3936 1054 4019 pronunciet
1106 3954 1216 4004 tamen
1243 3938 1395 4002 admonet
1425 3959 1609 4003 sermonem
1639 3938 1752 4005 haberi
1782 3939 1821 4003 de
1854 3938 1982 4003 iudiciis
2010 3939 2075 4004 Dei

84 4050 155 4095 esse
178 4026 352 4092 adulteros.
1105 4027 1224 4108 quibus
1253 4035 1414 4106 coguntur
1441 4025 1476 4089 in
1506 4045 1540 4088 se
1571 4026 1658 4105 ipsos
1689 4023 1883 4088 descendero
1914 4024 2075 4103 homines,

170 4114 221 4179 28.
250 4112 424 4198 (Quantum
450 4111 493 4177 ad
522 4111 593 4197 me.)
643 4109 696 4175 Ad
726 4107 884 4184 verbnm,
916 4107 960 4172 Et
989 4130 1052 4191 epo.
1105 4131 1227 4192 suaque
1257 4120 1388 4190 peecata
1410 4110 1600 4175 examinare
1624 4122 1659 4174 ut
1681 4133 1716 4175 se
1737 4131 1846 4174 eoram
1869 4108 1942 4174 Deo
1965 4109 2075 4175 humi·

85 4201 150 4266 Sed
173 4199 284 4264 David
306 4218 452 4263 seorsum
476 4197 516 4262 de
538 4218 574 4260 se
596 4197 741 4278 loquens,
765 4195 916 4272 affirmat,
940 4216 1053 4276 quam·
1104 4196 1194 4259 lient.
1239 4195 1408 4259 Psalmum
1438 4216 1516 4260 vero
1539 4217 1558 4259 a
1580 4195 1708 4260 Davide
1733 4217 1798 4260 non
1820 4194 1922 4259 fuisse
1944 4215 2075 4277 compo·

83 4287 136 4351 vis
166 4296 271 4349 totum
301 4284 462 4348 mundum
491 4282 600 4347 videat
627 4283 720 4365 vagis
748 4280 911 4344 erroribus
940 4303 959 4343 a
982 4281 1053 4344 Deo
1105 4283 1214 4360 situm,
1244 4303 1284 4344 er
1309 4293 1503 4363 argumento
1526 4280 1679 4363 colligere
1703 4291 1887 4364 promptum
1911 4296 1970 4359 est,
1999 4282 2076 4362 quia

84 4372 229 4443 alienari.
253 4391 287 4434 se
310 4384 420 4433 tamen
443 4370 502 4434 sub
526 4370 588 4433 Dei
611 4389 709 4432 manu
732 4386 860 4447 semper
883 4365 965 4429 lore:
988 4367 1053 4431 Pe·
1105 4388 1170 4431 non
1194 4367 1300 4448 potuit
1321 4386 1380 4430 sua
1402 4377 1510 4431 aetate
1533 4367 1632 4431 talem
1656 4367 1810 4433 ecclesiae
1829 4366 2074 4448 dissipationem

83 4472 194 4536 reant,
223 4457 344 4537 iuquit,
374 4454 445 4531 alii,
476 4455 505 4519 si
527 4453 682 4536 restringi
714 4474 776 4516 non
806 4461 912 4533 potest
941 4472 1051 4515 eorum
1105 4461 1137 4516 ct
1159 4451 1284 4516 cladem
1307 4450 1434 4517 deflere.
1473 4450 1538 4532 Qui
1561 4452 1656 4518 aliter
1679 4455 1833 4530 sentiunt,
1857 4453 1975 4533 spiritu
2000 4472 2074 4533 pro·

84 4542 183 4608 libido
211 4544 288 4625 quin
319 4543 466 4605 terantur
495 4550 568 4622 post
598 4538 710 4604 mundi
741 4536 900 4602 fallacias:
934 4537 969 4599 in
992 4537 1052 4603 hoe
1105 4538 1232 4621 phetico
1261 4558 1279 4600 a
1304 4536 1432 4601 Davide
1462 4539 1560 4602 fuisse
1584 4539 1785 4620 praedictum
1808 4548 1965 4602 excusant
1988 4535 2074 4618 quod

65 4639 193 4692 -tamen
224 4628 388 4709 proposito
417 4627 531 4690 firmus
565 4625 716 4697 manebo,
752 4634 790 4687 ut
819 4643 944 4687 sacram
977 4643 1051 4687 cum
1104 4622 1247 4688 nondum
1279 4635 1443 4687 evenerat.
1469 4622 1554 4689 sed
1583 4646 1682 4706 quum
1708 4625 1859 4688 Psalmos
1889 4623 2073 4703 complures

84 4713 155 4779 Deo
177 4713 438 4779 coniunctionem
457 4711 570 4776 oolam.
602 4713 715 4792 Appro
740 4707 896 4791 inquandi
920 4708 1051 4773 modum
1104 4708 1268 4792 probabile
1291 4709 1333 4772 sit
1356 4720 1584 4790 postmortem
1603 4709 1741 4773 Davidis
1759 4711 1857 4773 luisse
1876 4708 2071 4788 compositos

84 4802 239 4865 continuo
262 4807 334 4881 post
355 4797 494 4869 subiicit,
518 4797 593 4861 dum
612 4798 648 4859 in
666 4816 704 4858 eo
751 4792 844 4858 dacia
866 4808 979 4858 nostra
1001 4816 1050 4858 re·
1103 4818 1122 4860 a
1152 4794 1288 4859 diversis
1317 4795 1499 4858 autoribus:
1531 4795 1619 4859 hune
1650 4816 1749 4858 uuum
1777 4815 1848 4858 esse
1871 4815 1911 4856 ex
1935 4812 2072 4857 numero

84 4887 175 4952 sidet.
220 4885 335 4966 Neque
364 4883 452 4946 enim
481 4881 575 4947 aliter
595 4902 655 4946 nos
678 4881 769 4944 Deus
797 4881 960 4955 retinebit,
990 4882 1049 4946 nisi
1103 4902 1169 4945 non
1191 4877 1311 4943 dubito.
1357 4880 1407 4944 De
1437 4902 1501 4961 qua
1531 4893 1638 4944 tamen
1669 4880 1853 4945 calamitate
1876 4878 1930 4943 hic
1953 4888 2071 4945 tracte·

83 4971 230 5054 persuasi
263 4973 366 5035 simus
397 4991 460 5032 nou
492 4969 587 5032 aliter
617 4988 714 5048 quam
746 4966 818 5031 eius
851 4968 959 5048 gratia
992 4987 1051 5031 nos
1103 4977 1166 5044 tur,
1197 4986 1261 5028 non
1292 4963 1372 5028 adeo
1402 4977 1526 5029 certum
1552 4978 1609 5029 est.
1657 4967 1750 5030 Duae
1772 4976 1849 5029 sunt
1871 4965 2071 5048 sententiae:

84 5053 192 5122 salvos
213 5065 309 5120 stare.
344 5054 515 5119 Notandus
533 5067 585 5118 est
603 5066 711 5117 autem
732 5050 785 5116 hic
805 5051 901 5130 locus,
924 5075 963 5117 ne
983 5064 1051 5116 toto
1101 5052 1232 5134 quidam
1251 5051 1339 5112 enim
1362 5049 1400 5113 ad
1425 5052 1515 5114 urhis
1538 5067 1570 5114 et
1594 5051 1705 5133 templi
1728 5051 1889 5115 excidium
1912 5050 2070 5127 referunt,

85 5143 206 5208 mundo
236 5142 275 5203 ad
309 5141 571 5204 incredulitatem
606 5139 750 5211 labente,
784 5138 869 5202 mala
902 5141 1050 5219 exempla
1102 5158 1200 5218 quum
1231 5136 1371 5216 populus
1402 5135 1570 5200 traductus
1599 5136 1660 5200 fuit
1686 5135 1893 5220 Babylonem
1921 5135 1981 5199 sub
2005 5135 2071 5199 Na·

85 5251 142 5294 nos
164 5226 327 5309 abripiant
348 5226 388 5289 ad
411 5246 616 5291 communem
639 5223 819 5288 licentiam:
848 5223 904 5288 sed
927 5248 987 5290 nos
1009 5223 1049 5288 ad
1104 5222 1336 5289 buchadneser.
1387 5222 1453 5287 Alii
1482 5222 1523 5285 ad
1556 5222 1666 5304 templi
1701 5222 1960 5305 profanationem
1990 5240 2072 5304 quae

183 5328 293 5384 Caluini
308 5342 402 5396 opero.
422 5325 483 5382 Vol.
498 5326 616 5381 XXXI.
1832 5322 1867 5376 44
