4658 5856
160 343 225 410 ιιι
971 337 1190 405 rsanuus
1213 337 1350 404 aaut.
1393 319 1396 325 ’
2091 351 2156 414 aro

162 538 271 603 omnia
289 533 382 599 uobis
400 531 529 596 abunde
550 540 734 614 suppetant,
754 530 894 595 sciamus
912 551 978 594 non
998 528 1129 593 aliunde
1152 576 1157 625 Ι.
1181 546 1279 607 quam
1302 528 1364 592 sibi
1386 531 1568 595 necessaria
1590 533 1631 595 sit
1653 532 1716 597 Dei
1739 537 1904 616 protectio,
1927 540 2155 604 communibus

162 647 221 689 nos
251 623 361 687 beatos
384 640 463 694 csse,
495 618 559 683 nisi
581 619 658 700 quia
679 617 771 681 Deus
792 617 827 679 in
850 636 909 680 suo
932 636 1031 699 grege
1053 635 1129 680 cen·
1154 632 1157 709 1
1181 611 1325 676 miseriis
1354 613 1523 681 subiacent
1543 618 1692 682 obnoxii:
1722 621 1916 686 nominatim
1941 623 1994 688 hic
2016 642 2156 688 mmmc-

161 730 231 775 sere
261 727 322 771 nos
350 705 515 788 dignatur.
568 703 662 768 Adde
691 702 777 784 quod
800 715 879 766 tunc
901 700 1032 765 demum
1054 720 1130 764 oum
1154 712 1157 779 1
1182 708 1289 760 morat
1311 697 1432 777 David,
1462 702 1587 783 siquid
1611 704 1738 768 advorsi
1762 707 1947 790 contigerit,
1971 729 2005 773 se
2029 732 2154 774 recum-

160 796 306 879 legitimo
330 791 452 855 honore
475 788 631 854 tribuitur
647 789 790 853 officium
811 787 950 870 pastoris
968 786 1050 864 Deo,
1074 787 1130 851 ubi
1154 784 1158 859 ξ
1185 780 1258 845 bere
1280 782 1403 881 'invDei
1425 787 1676 868 providentiam.
1721 790 1774 855 Ita
1797 813 1861 856 non
1885 793 1980 858 modo
2002 794 2065 859 sibi
2090 817 2152 860 non

160 880 308 966 persuasi
344 898 459 943 sumus
495 876 623 940 unicam
659 878 728 940 eius
761 874 1001 957 providentiam
1038 873 1130 936 nobis
1154 873 1158 950 1
1183 877 1345 948 promittit
1380 873 1553 938 continuas
1582 875 1723 955 delicias,
1759 877 1816 941 sed
1845 879 1944 943 etiam
1974 880 2015 944 ad
2046 883 2155 947 varios

160 970 319 1032 sufficere.
364 964 449 1027 Nam
477 963 560 1027 sicut
588 962 621 1025 in
652 982 779 1025 summa
808 959 1009 1026 abundantia
1037 957 1131 1023 vacui
1182 961 1321 1052 eventus
1348 957 1476 1022 fortiter
1508 959 1695 1025 subeundos
1723 961 1788 1027 Dei
1817 964 1940 1030 auxilio
1971 987 2007 1031 se
2037 967 2155 1031 munit.

161 1063 239 1118 sunt
267 1062 300 1115 et
330 1049 469 1114 famelici
491 1069 630 1130 quorum
653 1046 745 1112 Deus
768 1068 833 1110 non
856 1057 906 1109 est
927 1058 1055 1127 pastor:
1085 1045 1131 1107 ita
1184 1037 1282 1102 Porro
1311 1061 1343 1105 tn
1374 1043 1567 1126 metaphora
1588 1046 1774 1129 persistens,
1803 1071 1900 1131 quam
1925 1051 2017 1116 Deus
2040 1054 2074 1116 in
2098 1074 2157 1137 gu·

160 1148 285 1205 certum
304 1148 354 1200 est
372 1135 472 1209 nobis,
491 1154 571 1215 quos
588 1134 623 1197 in
642 1153 755 1198 curam
767 1153 858 1196 suam
877 1132 1029 1212 suscepit,
1048 1129 1131 1194 nihil
1184 1123 1360 1191 bernandis
1389 1127 1539 1196 fidelibus
1568 1152 1680 1197 curam
1703 1133 1846 1218 adhibet,
1876 1139 2019 1218 pastoris
2042 1138 2156 1203 baculo

160 1224 202 1290 ad
223 1225 353 1308 plenam
370 1221 528 1285 bonorum
547 1220 673 1302 copiam
693 1218 812 1282 defore.
835 1217 913 1282 Ideo
931 1216 1041 1281 David
1060 1234 1131 1280 sca
1183 1219 1217 1273 et
1238 1209 1321 1309 pedo
1341 1225 1516 1299 comparat,
1538 1238 1577 1282 ea
1595 1239 1630 1283 se
1648 1217 1689 1283 ad
1707 1220 1796 1284 vitae
1813 1225 1947 1286 tutelam
1966 1232 2155 1289 contentum

161 1311 252 1377 nullo
264 1309 389 1374 defectu
401 1316 546 1370 metuere
558 1304 762 1386 pronunciat,
775 1302 964 1386 quiaaDco
977 1302 1129 1386 pascitur.
1183 1315 1254 1359 esse
1284 1296 1405 1365 dicens.
1448 1299 1733 1380 Quemadmodum
1767 1310 1865 1386 enirn,
1888 1310 1915 1373 si
1945 1330 2004 1392 per
2036 1311 2152 1375 vallem

246 1397 275 1462 2.
306 1392 363 1479 (Iu
386 1394 519 1475 pascuis
546 1389 707 1476 herbosis.)
757 1390 926 1471 Quantum
959 1388 1001 1454 ad
1031 1388 1131 1452 verba
1183 1380 1356 1479 obscuram
1386 1387 1517 1452 oberret
1539 1391 1621 1469 ovis,
1654 1391 1724 1455 sola
1748 1395 1887 1473 pastoris
1910 1397 2096 1478 praesentia
2117 1396 2157 1460 ab

160 1493 293 1566 spectat,
327 1500 446 1562 pascua
475 1477 527 1542 rel
550 1497 681 1559 campos
703 1477 823 1541 herbae
851 1496 910 1557 pro
931 1474 1077 1540 herbosis
1098 1481 1132 1538 et
1155 1524 1158 1595 3
1183 1487 1317 1566 tnoursu
1347 1471 1490 1536 ferarum
1521 1474 1657 1558 aliisque
1687 1478 1784 1543 noxis
1807 1490 1912 1545 tutam
1935 1481 2040 1563 ipsam
2065 1502 2157 1563 prae·

160 1566 337 1652 pinguibus
365 1564 484 1646 posuit.
538 1562 733 1644 Quanquam
763 1570 842 1626 suut
863 1562 920 1643 qui
942 1575 1033 1645 11111)
1056 1581 1131 1623 ver·
1184 1565 1338 1652 statzuta
1360 1579 1449 1624 nunc
1467 1563 1665 1642 pronunciat
1683 1562 1803 1639 David,
1825 1567 1953 1647 quoties
1972 1568 2005 1630 in
2025 1567 2157 1649 aliquod

159 1665 235 1718 tunt
264 1651 412 1736 tuguria:
444 1648 527 1733 quod
559 1649 588 1712 si
618 1648 722 1732 magis
751 1646 885 1730 placeat,
915 1667 1030 1712 sensus
1059 1648 1131 1721 erit,
1184 1637 1358 1704 dlsortmon
1382 1643 1542 1723 inciderit,
1570 1647 1631 1712 sibi
1652 1649 1686 1712 in
1710 1651 1865 1731 pastorali
1888 1651 1951 1716 Dei
1974 1673 2056 1717 cura
2077 1653 2158 1717 satis

160 1747 312 1822 paratum
335 1756 405 1801 esse
428 1734 590 1800 stabulum
613 1735 649 1798 in
672 1734 800 1816 pascuis
821 1733 947 1814 opimis,
981 1732 1042 1798 sub
1065 1753 1130 1815 quo
1184 1724 1255 1788 fore
1276 1729 1442 1808 praesidii.
1486 1732 1557 1795 Iam
1588 1733 1739 1799 videmus
1760 1745 1799 1799 ut
1820 1737 1855 1800 in
1878 1759 2034 1820 prospera
2057 1740 2158 1804 lauta·

160 1837 292 1909 tegatur
314 1843 333 1885 a
356 1822 432 1887 solis
455 1833 556 1886 aestu.
597 1821 681 1884 Nam
700 1821 728 1885 si
746 1820 780 1884 in
800 1818 928 1903 frigidis
945 1819 1131 1902 regionibus
1184 1830 1246 1892 11116
1283 1814 1416 1879 fortuna
1447 1838 1614 1900 nunquam
1644 1819 1762 1886 oblitus
1798 1823 1895 1887 fuerit
1927 1845 1962 1889 sc
1992 1824 2159 1890 hominem

160 1910 316 1975 molestus
347 1918 396 1972 est
425 1908 537 1971 ovium
560 1908 653 1989 gregi
675 1904 869 1970 immodicus
891 1904 997 1981 ardor,
1027 1905 1130 1969 multo
1183 1916 1264 1974 esso,
1295 1898 1353 1962 sed
1372 1911 1449 1967 tunc
1467 1904 1565 1967 etiam
1585 1925 1668 1987 quac
1686 1907 1832 1972 accidere
1849 1919 2000 1991 poterant
2018 1911 2160 1976 adversa

160 1997 270 2061 minus
300 1992 476 2059 tolerabilis
504 1993 587 2056 foret
616 2002 723 2056 aestas
752 1993 786 2056 in
815 1989 938 2055 Iudaea
966 1991 1038 2056 siue
1068 2000 1130 2055 sta·
1184 1995 1313 2048 mature
1335 1984 1437 2051 fuisse
1458 1989 1663 2056 meditatum.
1684 1991 1731 2055 ut
1751 2003 1840 2059 certe
1860 1995 1936 2059 hinc
1954 2006 2050 2062 tanta
2068 1996 2160 2062 nobis

160 2082 262 2148 bulis:
305 2100 369 2162 quo
413 2079 511 2143 etiam
552 2077 685 2143 videtur
722 2078 837 2141 referri
878 2077 1012 2141 verbum
1048 2087 1129 2194 pff
1184 2067 1359 2167 trepidatio
1383 2072 1438 2136 ubi
1458 2095 1518 2140 nos
1537 2074 1630 2142 Deus
1648 2098 1742 2142 cruce
1760 2095 1898 2160 exercet,
1922 2083 2007 2164 quod
2021 2084 2159 2165 quisque

163 2168 278 2250 Aquas
300 2166 439 2248 quietum
468 2163 562 2240 dixit,
596 2184 655 2245 pro
687 2161 807 2227 leniter
838 2161 1031 2227 fluentibus:
1056 2163 1131 2245 quia
1185 2165 1221 2216 ut
1249 2153 1375 2236 placide
1410 2158 1559 2240 dormiat,
1595 2165 1704 2228 carnis
1731 2166 1906 2231 securitate
1941 2189 1976 2232 se
2005 2169 2159 2236 involvit.

161 2255 201 2318 ad
231 2254 341 2318 ovium
369 2261 480 2333 potum
509 2247 706 2314 incommodi
733 2257 811 2313 sunt
833 2246 938 2329 rapidi
960 2258 1131 2332 torrentes,
1183 2237 1285 2337 Atqui
1304 2242 1344 2306 ab
1364 2243 1426 2308 hoo
1445 2247 1586 2329 torporis
1603 2269 1717 2313 somno
1730 2250 1828 2334 longe
1839 2251 1950 2317 differt
1960 2252 2160 2336 fideiquies:

160 2350 258 2422 atque
294 2337 393 2402 etiam
431 2344 469 2399 ιιι
498 2334 678 2418 plurimum
708 2334 807 2400 noxii.
851 2333 998 2415 Exponit
1020 2346 1158 2425 autem¹
1189 2346 1387 2423 tmohquum
1417 2331 1516 2397 rebus
1545 2333 1692 2400 adversis
1731 2335 1828 2401 fidem
1864 2341 2032 2404 examinet
2059 2340 2162 2421 Deus,

161 2423 278 2500 David,
309 2424 371 2487 hoo
394 2442 490 2487 versu
513 2431 546 2485 et
574 2420 793 2502 sequentibus,
823 2417 1018 2502 particulam
1040 2420 1130 2484 illam
1155 2432 1158 2495 1
1184 2428 1333 2508 sequitur
1362 2416 1527 2483 neminem
1559 2440 1636 2485 rere
1666 2420 1775 2502 fidere,
1808 2424 1872 2487 uisi
1902 2426 1956 2505 qui
1980 2426 2021 2489 ad
2045 2448 2161 2492 omnes

159 2531 223 2574 acu
243 2511 409 2575 destituar:
433 2508 533 2572 refert
554 2506 642 2570 enim
665 2526 764 2588 quam
782 2504 961 2570 liberaliter
981 2505 1041 2570 sibi
1060 2526 1131 2588 pru
1185 2497 1362 2564 vrncendos
1401 2511 1508 2568 metus
1548 2506 1670 2572 invicta
1703 2510 1887 2573 constantia
1920 2521 2066 2575 armatus
2100 2528 2160 2580 est.

160 2609 306 2678 spectum
331 2596 382 2670 sit,
406 2616 426 2656 a
448 2591 660 2658 similitudine
683 2612 747 2674 qua
768 2611 849 2655 usus
870 2602 921 2654 est
944 2612 1009 2655 non
1029 2591 1131 2656 disce·
1183 2581 1298 2679 Neque
1328 2597 1438 2650 tamen
1467 2609 1502 2653 se
1532 2592 1622 2655 omni
1654 2607 1744 2658 metu
1766 2615 1908 2661 vacuum
1930 2617 2001 2661 erre
2023 2599 2162 2663 iactavit

160 2681 249 2747 dens.
304 2680 444 2746 Summa
477 2688 587 2741 tamen
621 2675 685 2742 huc
719 2676 813 2754 redit,
846 2674 928 2739 nihil
960 2676 1131 2742 accelesti
1184 2666 1304 2745 David,
1338 2670 1394 2734 scd
1428 2683 1556 2741 tantum
1581 2681 1650 2743 fors
1679 2680 1892 2761 superiorem,
1926 2692 1964 2745 ut
1985 2683 2160 2765 intrepido,

159 2778 289 2850 pastore
318 2766 418 2829 fuisse
445 2763 603 2827 omissum
625 2782 688 2843 quo
711 2763 820 2826 minus
842 2761 977 2826 feliciter
1000 2761 1132 2845 degeret
1155 2790 1158 2823 ι
1184 2772 1376 2836 (1106111116
1406 2756 1565 2827 deductus
1594 2765 1693 2828 fuerit
1722 2787 1742 2829 a
1768 2781 1898 2848 pastore
1928 2789 1996 2845 suo,
2024 2783 2160 2855 pergat:

160 2855 219 2918 sub
258 2853 329 2916 eius
367 2869 454 2915 cura.
508 2849 654 2930 Largam
686 2847 789 2930 igitur
821 2847 1056 2912 abundantiam
1090 2846 1130 2912 ad
1155 2834 1158 2897 Ι
1184 2839 1269 2935 quod
1293 2859 1334 2903 ex
1364 2853 1522 2912 contextu
1544 2849 1662 2914 melius
1684 2861 1784 2934 patet.
1829 2853 1941 2918 Primo
1973 2854 2064 2934 dicit,
2097 2876 2161 2921 uou

160 2958 273 3002 omnes
311 2937 399 3000 vitae
444 2954 522 2998 usus
562 2932 665 3013 pratis
698 2932 842 2998 herbidis
883 2945 1059 3016 comparat,
1098 2944 1132 2998 et
1184 2924 1292 2989 itmeb0
1323 2927 1459 2993 malum:
1493 2932 1550 2997 6611
1583 2955 1716 3000 6111166111
1750 2958 1827 3002 mox
1861 2939 2011 3018 1611116116,
2044 2954 2161 3025 aperte

160 3024 252 3107 aquis
283 3022 401 3087 leniter
427 3017 624 3084 fluentibus:
657 3018 709 3084 vel
739 3019 840 3083 etiam
869 3019 1130 3084 commoditatem
1184 3009 1306 3108 fatetur
1338 3033 1373 3077 se
1405 3016 1440 3077 in
1475 3017 1580 3083 baculi
1613 3022 1784 3103 pastoralis
1818 3033 1969 3107 respectu
2000 3048 2161 3109 quaerere

161 3109 318 3194 tuguriis:
350 3107 426 3190 quia
448 3126 512 3171 uon
535 3106 613 3170 satis
635 3113 722 3170 esset
741 3104 861 3187 pabulo
883 3106 1033 3183 saturari,
1067 3105 1132 3170 nisi
1155 3146 1159 3223 1
1183 3097 1311 3195 timoris
1324 3100 1531 3196 remedium.
1584 3105 1750 3186 Quorsum
1771 3110 1857 3173 enim
1887 3112 2055 3178 curura
2085 3115 2159 3193 ista,

160 3215 319 3278 aquarum
358 3203 453 3276 potus
488 3199 522 3256 ct
554 3190 672 3255 umbra
704 3190 824 3256 stabuli
857 3192 890 3255 in
925 3191 1130 3275 refrigerium
1155 3234 1158 3293 i
1183 3203 1248 3246 ursi
1278 3204 1354 3266 qma
1385 3201 1493 3253 metus
1515 3212 1589 3256 eum
1613 3193 1793 3259 sollicitat?
1837 3197 2030 3262 Tenendum
2055 3200 2161 3282 igitur

160 3280 334 3347 accederet.
387 3278 459 3343 Iam
488 3277 565 3359 quia
591 3298 713 3341 munus
742 3298 870 3360 quoque
893 3279 969 3343 boni
992 3280 1131 3360 pastoris
1155 3298 1158 3351 ι
1183 3281 1243 3346 est,
1274 3289 1375 3351 quum
1403 3271 1514 3338 David
1544 3279 1654 3343 animo
1682 3280 1945 3363 apprehenderet
1971 3305 2054 3365 quae
2076 3286 2161 3351 inci·

160 3379 209 3432 est
230 3368 343 3432 fovere
366 3385 440 3429 suas
463 3385 550 3440 oves,
573 3362 626 3428 vel
649 3364 745 3427 etiam
769 3364 917 3429 infirmas
939 3363 1130 3441 refocillare,
1156 3416 1158 3427 .
1183 3354 1260 3452 111116
1288 3367 1442 3454 imiimi
1471 3363 1686 3441 incommoda,
1720 3388 1785 3430 11011
1810 3367 1906 3432 alitor
1928 3369 2028 3434 fuisse
2050 3382 2158 3435 161116·

159 3454 222 3518 hoc
244 3474 264 3517 a
284 3450 358 3515 Deo
385 3450 575 3514 beneficium
604 3469 639 3512 se
660 3448 804 3529 recipere
824 3449 989 3533 praedicat
1012 3449 1130 3515 David,
1155 3442 1159 3503 l
1184 3453 1311 3505 tronum
1334 3454 1505 3526 victorem,
1528 3450 1592 3515 nisi
1612 3453 1688 3534 quia
1707 3473 1741 3515 se
1759 3454 1793 3515 in
1811 3451 1875 3517 Dei
1895 3475 2008 3520 curam
2025 3458 2158 3522 reiecit:

160 3539 245 3603 Nam
274 3537 426 3601 restitutio
453 3536 578 3599 cuiusce
606 3531 657 3617 (ut
685 3532 857 3619 vertimus)
888 3536 939 3600 vel
961 3535 1130 3601 conversio
1184 3527 1270 3607 q⁰0d
1299 3529 1407 3625 11161111]
1441 3531 1531 3616 (licet
1559 3535 1742 3620 obscurius)
1777 3537 1838 3603 hac
1865 3542 1965 3605 etiam
1996 3543 2160 3624 particula

160 3624 210 3710 (ut
227 3623 368 3688 habetur
386 3620 426 3683 ad
445 3618 595 3702 verbum)
613 3618 807 3683 tantundem
827 3620 914 3685 valet
931 3641 969 3686 ac
988 3620 1131 3700 relicere,
1183 3622 1258 3675 111116
1287 3614 1425 3693 duffii,
1454 3621 1529 3700 111116
1559 3634 1595 3685 tu
1618 3643 1744 3687 1116611111
1767 3642 1819 3686 661
1853 3629 2070 3708 nequeenim
2092 3629 2160 3694 Dei

160 3712 213 3776 rel
248 3719 442 3785 restaurare,
470 3703 743 3786 quemadmodum
771 3705 904 3771 Psalmo
935 3706 976 3770 19
1008 3706 1130 3771 dictum
1155 3762 1157 3787 Ι
1182 3701 1401 3779 praesentiam
1447 3707 1627 3786 requireret
1671 3708 1798 3775 timoris
1845 3715 2000 3777 vacuitas.
2063 3715 2160 3781 addc

160 3806 217 3864 cst.
269 3795 349 3860 Vias
377 3803 485 3856 autem
514 3790 664 3867 iustt'tc'ae,
698 3811 756 3873 pro
785 3791 934 3858 facilibus
961 3803 994 3857 et
1023 3790 1130 3873 planis
1155 3792 1157 3879 1
1182 3785 1268 3864 quod
1295 3807 1363 3883 nou
1394 3788 1586 3873 vulgaribus
1617 3806 1745 3857 tantum
1777 3806 1809 3858 et
1841 3797 2041 3878 quotidianis
2061 3802 2159 3866 malis

159 3883 280 3965 posuit:
311 3900 387 3944 nam
409 3899 510 3962 quum
532 3877 566 3941 iu
590 3897 649 3940 sua
670 3878 862 3960 metaphora
881 3878 1043 3961 persistat,
1073 3876 1129 3940 ab·
1183 3884 1319 3951 opponrt
1348 3870 1412 3937 Dei
1442 3877 1652 3958 praesidium,
1684 3882 1739 3944 scd
1772 3901 1852 3959 quae
1880 3884 1996 3948 mortis
2018 3885 2158 3970 caligine

159 3967 294 4033 surdum
317 3978 403 4032 essct
426 3966 465 4029 dc
489 3962 625 4047 spiritus
647 3963 751 4027 sancti
774 3961 950 4030 directione
973 3965 1128 4045 accipere.
1182 3969 1309 4054 11161166
1331 3964 1533 4040 perturbant.
1578 3964 1662 4028 Nam
1693 3947 1815 4053 111113ᾎῖ
1852 3971 2075 4052 grammaticis
2100 3974 2157 4038 he·

159 4050 444 4133 Quemadmodum
472 4071 550 4133 ergo
577 4068 683 4130 nuper
720 4047 813 4129 dixit,
848 4070 1058 4132 quaecunque
1088 4047 1129 4113 ad
1183 4041 1288 4107 bracis
1318 4045 1447 4110 videtur
1484 4068 1555 4114 esse
1585 4050 1682 4116 dictio
1714 4056 1903 4135 composita,
1941 4059 2036 4138 quasi
2066 4057 2157 4124 dicas

160 4141 245 4204 vitae
272 4139 551 4202 conservationem
581 4141 739 4216 spectant,
771 4135 910 4218 benigna
932 4136 991 4201 sibi
1016 4157 1033 4199 a
1057 4134 1128 4199 Deo
1182 4127 1312 4193 letalem
1335 4130 1495 4198 umbram.
1540 4135 1668 4200 Alludit
1685 4149 1794 4203 autem
1814 4137 1922 4203 David
1942 4141 1982 4204 ad
2001 4143 2157 4209 obscuros

159 4222 375 4307 suppeditari:
411 4223 456 4286 ita
491 4243 579 4287 nunc
612 4217 712 4297 addit,
747 4240 782 4284 se
812 4223 939 4305 protegi
969 4223 1009 4288 ab
1038 4222 1128 4286 omni
1181 4234 1328 4280 recessus
1357 4229 1414 4280 aut
1443 4221 1587 4285 ferarum
1615 4243 1786 4289 cavernas:
1818 4245 1882 4307 quo
1904 4228 1930 4290 si
1953 4229 2027 4308 quis
2051 4250 2157 4296 acces·

160 4308 319 4375 molestia.
370 4306 508 4370 Summa
537 4315 596 4381 cst,
625 4302 735 4370 Deum
764 4306 856 4371 nulla
878 4308 913 4371 in
936 4318 1027 4390 parte
1049 4305 1128 4372 fide·
1181 4303 1270 4377 serit,
1293 4303 1404 4368 statim
1427 4306 1531 4386 primo
1553 4309 1704 4390 ingressu
1726 4322 1877 4376 occurret
1898 4313 2013 4377 mortis
2037 4325 2155 4382 terror.

160 4395 244 4461 libus
273 4395 340 4459 suis
369 4391 490 4472 deesse,
517 4393 593 4474 quia
622 4400 656 4453 et
677 4412 731 4455 eos
754 4413 813 4457 sua
836 4393 958 4458 virtute
979 4393 1129 4472 sustinet,
1181 4388 1279 4453 Nunc
1314 4388 1445 4472 quando
1481 4391 1574 4459 Deus
1611 4395 1645 4458 in
1674 4395 1731 4459 filii
1761 4397 1924 4480 unigeniti
1952 4418 2092 4480 persona
2120 4424 2156 4467 se

160 4487 301 4565 vegetat,
336 4478 480 4542 vivificat
511 4488 545 4541 et
575 4494 676 4540 noxas
710 4498 824 4543 omncs
855 4481 984 4557 avertit,
1013 4490 1049 4544 ut
1071 4500 1129 4561 per
1180 4475 1273 4539 nobis
1294 4474 1492 4542 luculentius
1513 4499 1610 4560 quam
1632 4481 1708 4544 olim
1731 4483 1881 4563 patribus
1903 4484 1963 4548 sub
1986 4483 2059 4568 legs
2081 4508 2156 4569 pas-

159 4568 232 4633 vias
261 4563 447 4646 aequabiles
473 4558 641 4628 commode
669 4561 828 4629 incedant.
873 4563 1058 4641 Caeterum,
1086 4587 1128 4630 ne
1181 4571 1285 4623 torem
1313 4561 1473 4641 exhibuit,
1503 4585 1568 4628 non
1598 4569 1677 4632 satis
1708 4568 1843 4632 honoris
1873 4568 2049 4636 tribuimus
2080 4574 2153 4639 eius

159 4653 237 4736 quid
260 4671 338 4718 suas
360 4648 510 4734 dignitati
532 4655 672 4727 arroget,
695 4656 806 4713 tantae
828 4649 1031 4716 liberalitatis
1052 4670 1129 4715 cau·
1180 4644 1355 4729 custodiae,
1395 4650 1456 4712 nisi
1491 4652 1644 4717 coniectis
1677 4653 1712 4716 in
1745 4674 1816 4717 eam
1852 4654 1954 4718 oculis
1987 4656 2154 4725 calcamus

160 4761 230 4803 sam
261 4737 324 4803 Dei
353 4735 489 4801 bonitati
519 4731 682 4810 adscribit,
718 4738 798 4800 haec
826 4738 934 4800 omnia
961 4747 1128 4819 praestare
1179 4751 1292 4800 omnes
1314 4735 1514 4801 formidines.

161 4825 271 4890 dicens
284 4827 413 4905 propter
429 4841 538 4886 uomeu
554 4837 658 4884 suuru
687 4819 733 4883 Et
750 4829 838 4886 certe
852 4822 936 4904 quod
950 4843 1009 4886 nos
1020 4821 1082 4888 sibi
1093 4823 1127 4885 in

160 4931 238 4976 oves
249 4909 351 4991 eligit,
375 4919 408 4972 et
425 4906 519 4973 nobis
536 4904 696 4989 impendit
713 4908 975 4988 pastoriscfficia,
994 4928 1126 4991 prorsus
1265 4906 1295 4969 5.
1317 4904 1455 4972 Purabis
1476 4909 1512 4972 iu
1532 4915 1692 4991 conspectu
1712 4929 1777 4975 meo
1797 4931 1938 4978 ιιιιιιεαιιι
1960 4934 2064 4979 eoram
2077 4938 2151 4997 per-

160 4997 340 5081 gratuitum
363 4993 557 5059 beneficium
579 5001 644 5057 est:
669 4998 705 5055 ut
726 4991 858 5057 Psalmo
877 4993 919 5057 65
932 4994 1124 5059 videbimus.
1178 4991 1394 5075 sequutortbus
1423 4994 1510 5072 rucis,
1533 5016 1687 5077 perunges
1714 4995 1777 5062 cleo
1804 5004 1897 5080 caput
1917 5019 2037 5064 mcum:
2066 5002 2152 5067 catis

245 5082 275 5146 4.
298 5079 451 5164 (Etiamsi
467 5075 689 5161 ambulavero.)
728 5077 814 5158 Quia
832 5078 953 5157 fideles,
976 5080 1126 5161 quamvis
1178 5098 1266 5142 meus
1288 5076 1470 5144 exuberans.
1516 5081 1545 5144 6.
1583 5080 1693 5161 Utique
1714 5080 1825 5147 bouum
1847 5089 1874 5148 et
1895 5083 2057 5151 dementia
2072 5108 2150 5169 per-

162 5179 231 5232 tutc
263 5168 322 5231 sub
356 5164 419 5229 Dei
452 5187 552 5231 manu
586 5165 744 5244 habitent,
778 5185 843 5230 non
873 5171 982 5230 tamen
1013 5165 1125 5249 procul
1177 5168 1341 5244 sequeretur
1367 5187 1414 5230 me
1441 5167 1557 5232 cunctis
1584 5167 1692 5231 abac
1720 5169 1803 5235 citae
1830 5191 1924 5249 meae,
1957 5171 2150 5239 etlmbitabc

160 5253 278 5318 absunt
299 5271 318 5315 a
340 5251 453 5316 multis
475 5251 643 5334 periculis:
666 5251 733 5315 imo
754 5270 820 5334 quo
841 5251 960 5317 melius
981 5253 1125 5317 sentiant
1177 5250 1212 5313 iu
1232 5249 1322 5314 domo
1345 5250 1473 5317 lebouac
1494 5253 1529 5316 iu
1549 5251 1773 5334 beatudinem
1793 5257 1925 5321 diuum.
