4658 5856
227 352 270 416 39
1095 346 1313 416 Pssuuus
1334 349 1362 413 Ι.
2184 341 2229 406 40

228 540 365 607 rirendi
388 540 526 603 ratione.
549 537 725 603 Caeterum
744 536 773 601 si
794 535 972 618 prophetae
993 537 1123 602 saeculo
1144 558 1202 601 nc·
1226 541 1232 637 Ι
1254 537 1444 619 proiiciant,
1475 537 1550 620 quia
1581 550 1690 602 tamen
1721 534 1782 601 sub
1810 546 1898 599 terra
1929 534 2019 599 nulla
2048 544 2099 598 cst
2131 530 2226 597 radix

229 647 319 694 cesse
346 627 408 691 init
437 625 510 706 pios
534 624 596 687 Dei
623 623 774 699 cultores,
806 630 842 684 nt
871 623 976 686 sitam
999 644 1091 687 suam
1115 640 1202 687 recte
1227 644 1232 757 Ι
1255 644 1360 706 neque
1389 622 1486 688 etiam
1508 621 1628 688 humor
1649 622 1794 706 suppetit
1815 621 1902 687 unde
1924 640 2057 686 succum
2080 617 2227 701 trahant,

229 729 474 793 componerent.
503 711 545 774 ab
574 710 746 791 impiorum
775 708 940 772 consortio
966 710 1107 773 retrahi:
1137 728 1202 791 quo
1228 710 1362 793 ¹'suatim
1382 709 1548 774 evanescit
1565 729 1603 773 ao
1624 709 1718 789 perit,
1746 708 1798 773 vel
1820 709 1972 772 marescit
1993 716 2080 771 totus
2102 724 2226 781 eorum,

230 797 328 865 hodie
346 797 530 878 corruptior
552 810 602 858 cst
623 794 777 868 mundus,
807 814 847 856 eo
868 795 975 876 magis
996 796 1143 871 sollicite,
1165 807 1203 858 ut
1228 809 1233 881 j
1255 794 1361 859 decor.
1406 793 1485 860 Sola
1513 795 1614 878 igitur
1636 793 1701 858 Dei
1729 792 1910 859 benedictio
1932 801 1982 858 est
2004 812 2087 873 qnae
2108 809 2171 855 nos
2192 792 2227 853 in

229 886 270 949 ab
292 885 363 947 eius
386 880 643 963 inquinamentis
666 879 740 960 puri
762 899 943 959 servemur,
966 879 1122 963 fugienda
1144 902 1203 944 no·
1229 890 1232 899 '
1257 900 1413 962 prospero
1435 892 1523 945 statu
1546 887 1728 947 conservat.
1772 878 1839 960 Qui
1861 901 1904 942 ex
1926 878 1988 944 hac
2010 875 2228 941 similitudine

229 970 343 1034 bisest
363 968 464 1032 noxia
482 968 589 1030 omnis
606 966 751 1040 societas,
774 985 959 1046 quanquam
984 987 1049 1029 non
1072 978 1203 1029 tantum
1228 962 1232 1029 Ξ
1255 965 1422 1048 colligunt,
1451 966 1564 1031 fideles
1593 967 1718 1031 tructus
1746 986 1823 1031 suos
1852 968 2046 1047 tempestive
2069 960 2227 1046 prolerre,

231 1057 272 1120 ab
302 1056 411 1135 impiis
440 1051 591 1117 recedere
619 1050 735 1114 fideles
763 1050 852 1112 iubet
880 1050 1048 1132 propheta,
1078 1073 1118 1115 ne
1148 1071 1204 1116 eos
1228 1048 1233 1111 l
1255 1052 1333 1133 quia
1364 1052 1541 1134 prudenter
1570 1051 1761 1116 discernunt
1790 1047 1919 1133 quondo
1947 1050 2029 1114 bene
2064 1047 2226 1131 agendum

230 1140 354 1205 inliciat
366 1140 527 1221 contagio,
547 1138 604 1201 sed
623 1136 687 1200 huc
708 1156 812 1218 usqne
833 1134 1010 1200 admonitio
1032 1158 1068 1202 se
1089 1152 1204 1200 exten·
1228 1122 1233 1203 i
1257 1138 1317 1201 sit:
1340 1148 1467 1221 argute,
1488 1159 1560 1201 meo
1583 1138 1712 1215 iudicio,
1734 1137 2019 1220 philosophantur,
2037 1143 2133 1198 extra
2156 1152 2229 1215 pro·

231 1225 292 1301 dit,
320 1247 362 1289 ne
391 1224 452 1289 sibi
483 1224 620 1305 quisque
652 1220 832 1302 impietatis
860 1222 903 1286 sit
932 1222 1102 1306 magister:
1133 1223 1204 1286 fieri
1228 1226 1233 1261 ¹
1254 1223 1375 1305 phetae
1396 1244 1540 1288 sensum.
1567 1223 1658 1288 Nihil
1681 1224 1770 1288 enim
1793 1222 1880 1286 aliud
1902 1221 2007 1286 voluit
2029 1240 2129 1302 quam
2153 1238 2227 1300 per·

234 1313 321 1377 enim
351 1322 458 1393 potest
488 1320 524 1371 ut
554 1309 609 1390 qui
641 1307 722 1370 nihil
755 1306 837 1370 labis
858 1310 1024 1371 contraxit
1046 1330 1085 1372 ex
1110 1308 1206 1372 malis
1255 1316 1354 1390 petuo
1383 1311 1498 1375 florere
1520 1307 1584 1373 Dei
1613 1309 1706 1385 tilios,
1736 1328 1927 1390 semperque
1955 1306 2086 1389 irrigari
2109 1324 2230 1368 arcana

231 1394 402 1479 exemplis,
424 1395 529 1458 malos
551 1410 663 1457 tamen
684 1408 801 1473 sponte
823 1394 993 1461 imitando.
1026 1415 1139 1459 eornm
1162 1394 1206 1457 sit
1229 1386 1233 1455 ἶ
1257 1393 1323 1458 Dei
1353 1396 1460 1477 gratia
1489 1406 1525 1459 nt
1547 1394 1702 1477 quidquid
1730 1395 1795 1459 illis
1818 1393 1943 1471 accidit,
1973 1391 2165 1457 adiumento
2188 1392 2230 1453 sit

232 1484 360 1548 similis.
403 1481 444 1544 In
475 1478 619 1544 secundo
650 1499 748 1542 versu
778 1497 845 1541 non
874 1479 1066 1561 simpliciter
1094 1482 1207 1544 beatos
1256 1480 1292 1544 in
1321 1481 1475 1546 salutem:
1506 1501 1607 1563 quum
1636 1481 1752 1562 impios
1781 1480 1885 1562 rapiat
1911 1480 2019 1543 subita
2040 1484 2229 1558 tempestas,

232 1569 419 1652 pronuntiat
443 1566 493 1650 (ιιι
511 1562 798 1649 alib1)quiDenm
822 1564 950 1641 timent,
973 1565 1029 1629 sed
1052 1567 1206 1648 pietatem
1259 1566 1313 1630 vel
1335 1566 1530 1632 immodicus
1550 1567 1638 1632 calor
1660 1568 1819 1631 absumat.
1842 1562 1939 1643 Quod
1963 1570 2070 1628 antem
2091 1561 2230 1642 ferretum

233 1655 382 1736 designat
396 1673 456 1734 per
474 1652 558 1732 legis
579 1650 741 1713 studium:
764 1668 827 1731 quo
850 1648 1004 1714 doeemur
1027 1673 1092 1715 non
1111 1650 1208 1715 aliter
1253 1651 1399 1735 profers
1429 1652 1507 1718 dicit
1528 1658 1660 1733 ternpore
1679 1671 1748 1729 suo,
1772 1651 1833 1715 hoc
1856 1650 1957 1714 verbo
1980 1651 2098 1713 iustam
2124 1655 2228 1709 matu·

233 1740 342 1805 Deum
376 1741 441 1801 rite
474 1736 554 1812 coli,
587 1738 650 1799 nisi
683 1754 784 1816 quum
818 1734 971 1799 obeditur
1003 1736 1104 1799 verbo
1125 1737 1206 1800 eius.
1259 1739 1390 1802 ritatem
1413 1737 1583 1821 exprimit:
1602 1738 1679 1820 quia
1700 1738 1791 1819 impii
1813 1736 1888 1801 licet
1912 1754 2083 1819 praecoces
2105 1733 2231 1797 fructus

234 1825 309 1891 Non
322 1845 400 1907 ergo
418 1843 479 1905 pro
501 1823 658 1903 cuiusque
679 1819 816 1885 arbitrio
837 1821 992 1903 fingenda
1013 1824 1129 1903 religio
1146 1831 1207 1899 cst,
1259 1832 1437 1901 ostentent,
1460 1824 1540 1888 nihil
1565 1838 1672 1888 tamen
1691 1822 1879 1907 producunt
1902 1822 1964 1887 nisi
1982 1819 2180 1884 abortivum.

234 1914 292 1977 sed
332 1932 373 1974 ex
408 1910 471 1973 Dei
513 1906 613 1971 verbo
647 1906 807 1969 sumenda
840 1923 888 1970 cst
923 1909 1052 1990 pietatis
1084 1908 1208 1991 regula.

236 1995 335 2077 Quod
358 1993 398 2058 de
420 1995 494 2077 lege
516 1992 585 2057 sola
606 1992 661 2055 hie
681 1992 834 2073 loquitur,
858 2013 925 2056 non
951 1993 1085 2074 perinde
1107 1994 1208 2073 accipi
1345 1996 1377 2059 4.
1402 1994 1477 2061 Noa
1499 1996 1546 2060 sit
1568 1996 1670 2076 impii,
1690 1998 1747 2061 sed
1768 2000 1918 2077 tauquam
1939 1991 2132 2075 quisquiliae
2152 2007 2232 2072 ques

235 2081 330 2146 debet
347 2102 386 2144 ac
406 2082 434 2144 si
453 2079 598 2161 reliquae
615 2078 757 2160 scriptur
774 2077 925 2142 aennllns
948 2080 1082 2143 daretur
1102 2078 1207 2144 loeus:
1253 2081 1385 2162 proiicit
1404 2086 1524 2146 reulus.

235 2168 316 2249 quin
343 2169 450 2248 potius
479 2185 581 2248 quum
611 2174 678 2227 tota
704 2164 866 2246 scriptura
895 2163 977 2228 nihil
998 2165 1086 2229 aliud
1109 2164 1209 2228 inerit

236 2272 333 2335 quam
356 2253 438 2333 legis
459 2251 629 2333 expositio,
656 2250 718 2314 sub
739 2251 845 2331 capite
867 2251 938 2332 ipso
960 2251 1208 2334 comprehendi·
1348 2252 1485 2318 Poterat
1496 2252 1611 2334 impios
1629 2253 1777 2317 conferre
1799 2251 1907 2317 arbori
1929 2251 1995 2315 cito
2017 2246 2233 2322 excrescenti,

239 2350 293 2402 tur
328 2358 454 2419 eorpus.
504 2337 629 2419 Legem
658 2355 737 2417 ergo
766 2355 841 2398 cum
871 2336 941 2400 suis
970 2335 1208 2402 accessionibus
1260 2338 1358 2403 sicuti
1388 2337 1544 2402 Ieremias
1572 2339 1622 2415 17,
1653 2340 1684 2421 6,
1714 2337 1838 2403 similes
1866 2337 2010 2420 myricae
2044 2337 2078 2400 in
2102 2334 2232 2399 deserte

234 2423 394 2507 propheta
417 2419 637 2498 commendat,
672 2440 731 2484 nec
760 2441 838 2485 vero
866 2422 963 2485 aliter
991 2434 1093 2487 steret
1121 2420 1208 2504 qnod
1260 2423 1419 2488 crescenti
1449 2445 1503 2488 eos
1526 2424 1610 2488 facit.
1655 2423 1721 2490 Sed
1745 2426 1807 2490 hac
1828 2421 2042 2488 similitudine
2065 2441 2130 2484 non
2153 2438 2232 2483 con-

234 2531 340 2593 nuper
378 2507 539 2580 diximus,
568 2507 771 2589 propositum
805 2508 834 2568 ei
866 2505 966 2570 fnisse
994 2508 1034 2569 ad
1064 2507 1207 2588 psalmos
1264 2518 1384 2581 tentus,
1415 2509 1512 2591 longe
1540 2510 1760 2591 contemptius
1789 2531 1845 2574 eos
1866 2508 1993 2574 deiicit:
2016 2525 2135 2586 nempe
2156 2503 2233 2585 qnia

235 2615 362 2679 qnoque
381 2594 537 2676 legendos
555 2592 681 2655 hortari
699 2590 822 2656 fideles.
853 2590 950 2672 Quod
971 2602 1080 2657 autem
1103 2592 1208 2673 primo
1261 2616 1328 2659 non
1345 2596 1476 2676 respicit
1494 2593 1612 2659 laetam
1636 2596 1798 2659 fortunam
1821 2596 1856 2659 in
1879 2615 1943 2677 qua
1964 2592 2005 2657 ad
2025 2594 2126 2657 breve
2148 2598 2231 2653 tem·

234 2682 371 2763 requirit
404 2691 440 2741 ut
470 2678 662 2741 desiderium
686 2677 816 2756 pionem
844 2678 887 2740 sit
914 2677 949 2741 iu
975 2678 1037 2761 leye
1066 2676 1208 2754 Domini,
1261 2702 1323 2764 pus
1340 2681 1521 2745 exsultant:
1545 2679 1603 2745 sed
1620 2682 1726 2764 magis
1747 2678 1902 2763 expendit
1923 2679 2075 2761 quisnam
2098 2676 2233 2741 demum

235 2786 276 2829 cx
305 2765 358 2829 his
382 2763 489 2827 verbis
512 2763 685 2840 discamus,
712 2762 848 2826 minime
871 2763 942 2826 Deo
964 2762 1095 2845 probari
1116 2783 1209 2829 coac·
1262 2788 1317 2831 eos
1350 2767 1458 2830 exitus
1491 2783 1632 2830 maneat.
1684 2765 1812 2831 Sensus
1850 2785 1930 2848 ergo
1968 2774 2035 2829 est:
2070 2759 2233 2842 Quamvis

236 2862 307 2913 tum
338 2848 390 2913 vel
424 2848 576 2913 servilem
606 2847 750 2913 cultum.
779 2869 841 2912 neo
870 2849 951 2913 alios
979 2870 1051 2913 esse
1078 2849 1209 2914 idoneos
1264 2871 1352 2915 nunc
1371 2851 1507 2916 feliciter
1526 2850 1666 2916 habeant
1689 2852 1791 2934 impii,
1813 2873 1890 2915 mex
1914 2860 2021 2915 tamen
2046 2845 2234 2932 quisquiliis

236 2936 320 3019 legis
342 2935 528 3018 discipulos,
551 2932 615 2998 nisi
633 2933 689 3015 qui
712 2932 808 2996 hilari
830 2936 940 2998 animo
961 2935 1001 2998 ad
1025 2956 1095 3000 eam
1119 2954 1209 2999 aoce-
1262 2936 1384 3002 similes
1406 2937 1490 3001 iore:
1513 2939 1591 3019 quia
1612 2939 1666 3002 ubi
1690 2937 1854 3003 Dominus
1871 2958 1927 3001 eos
1949 2936 1992 3000 sd
2012 2936 2159 3016 inopiam
2183 2952 2234 2995 re-

215 3020 329 3098 dunt,
359 3030 391 3084 et
419 3041 499 3103 quos
531 3021 577 3084 ita
605 3018 744 3084 delectat
772 3021 843 3083 eius
872 3019 1029 3095 doctrina,
1061 3034 1096 3084 ut
1124 3018 1208 3084 nihil
1262 3022 1396 3107 degerit,
1419 3023 1487 3086 irae
1504 3044 1582 3087 suae
1604 3024 1683 3086 flatu
1701 3023 1767 3089 huc
1789 3032 1823 3087 et
1843 3022 1921 3087 illuc
1942 3020 2104 3103 dispellct
2127 3019 2234 3082 Porro

258 3107 343 3172 otius
361 3106 482 3173 ducant
502 3106 552 3171 vel
571 3104 707 3170 suavius
729 3125 826 3187 quam
849 3105 882 3169 in
906 3126 944 3169 ea
966 3109 1131 3189 proficere.
1154 3107 1209 3171 Ex
1262 3109 1323 3173 hac
1340 3106 1490 3190 loquendi
1509 3108 1614 3172 forma
1632 3107 1725 3173 docet
1747 3130 1807 3172 nos
1829 3109 1965 3190 spiritus
1986 3116 2130 3179 sanetus,
2153 3102 2232 3167 fidei

235 3128 296 3258 hoc
325 3192 407 3277 legis
436 3213 547 3258 amore
572 3192 645 3255 fluit
674 3191 806 3255 assiduo
827 3193 898 3255 eius
920 3190 1086 3271 uudilctie,
1109 3212 1209 3275 qnam
1261 3193 1362 3258 oeulis
1398 3194 1612 3277 contemplari
1641 3193 1728 3277 quod
1756 3194 1878 3276 alioqui
1906 3191 2097 3258 incredibile
2126 3187 2234 3252 videri

235 3300 313 3344 mox
334 3279 465 3344 subiicit
489 3278 659 3361 propheta.
688 3277 779 3341 Fieri
802 3278 889 3341 onim
912 3298 979 3342 non
1002 3290 1106 3362 potest
1128 3278 1209 3361 quin
1264 3289 1380 3362 posset.
1425 3278 1586 3359 Quamvis
1614 3281 1702 3344 enim
1724 3281 1865 3344 emineat
1887 3280 2008 3360 impius
2030 3280 2135 3342 instar
2157 3294 2234 3356 pro-

235 3385 271 3429 sc
303 3365 442 3428 libenter
475 3367 509 3427 in
545 3384 583 3428 ea
613 3378 788 3427 exerceant
818 3363 1003 3447 quicunque
1031 3384 1110 3429 vero
1139 3364 1210 3429 eius
1260 3385 1354 3430 cerae
1382 3364 1518 3448 arboris,
1547 3376 1690 3431 statuere
1717 3373 1826 3430 tamen
1854 3374 1993 3447 opertet,
2022 3363 2149 3446 paleam
2179 3357 2235 3421 vol

235 3469 348 3514 amoro
371 3461 561 3532 tanguntur.
1261 3451 1405 3600 filumam
1434 3452 1503 3515 fore
1534 3450 1631 3515 simul
1655 3472 1693 3515 ac
1724 3453 1795 3516 eius
1822 3449 2027 3514 altitudinem
2061 3450 2142 3512 flatu
2175 3463 2235 3510 sno

1282 3538 1399 3603 eiicere
1421 3536 1509 3601 volet
1531 3535 1634 3601 Deus.

321 3620 351 3685 3.
382 3618 431 3685 m
456 3620 515 3683 crit
551 3626 698 3701 {utiquam
729 3618 823 3685 arbor
845 3618 994 3701 pleutcto
1012 3638 1106 3700 sepse
1126 3618 1211 3681 riuos

237 3726 411 3788 apetamus,
440 3724 520 3786 queo
545 3704 687 3788 fraretum
715 3723 808 3769 metm
829 3703 916 3769 ‹tatu
936 3710 1068 3785 teutpert
1088 3720 1163 3767 suo:
1185 3707 1214 3766 ct
1347 3708 1377 3771 h.
1403 3706 1575 3787 Propterea
1594 3726 1654 3770 uou
1672 3709 1836 3771 cosmetae
1857 3708 1952 3787 impii
1971 3707 2007 3770 iu
2027 3706 2157 3781 iudicio,
2180 3723 2236 3768 ue·

240 3793 331 3857 cuim
341 3792 454 3873 folium
473 3810 539 3857 ueu
557 3792 669 3871 defluet
677 3788 717 3875 l),
741 3794 768 3856 ct
789 3790 944 3873 quidquid
963 3790 1084 3873 {adurit
1106 3806 1213 3853 secuu-
1263 3811 1321 3875 quc
1352 3791 1494 3857 scelerati
1527 3794 1560 3855 is
1592 3792 1721 3857 eutelio
1754 3794 1918 3857 iustorum
1968 3792 1997 3856 6.
2033 3791 2117 3871 Qua
2149 3788 2237 3856 uouit

237 3876 372 3941 debitur.
1267 3876 1383 3943 Ielteee
1405 3878 1492 3942 eiam
1513 3877 1676 3955 iustorum,
1697 3882 1725 3941 et
1747 3878 1805 3941 iter
1827 3879 1994 3958 inpiorum
2010 3875 2137 3959 peribit.

329 4046 554 4112 Similitudiuo
580 4046 725 4113 illustret
747 4047 930 4131 proximam
953 4050 1160 4121 sortientium,
1182 4054 1214 4106 ot
1350 4047 1476 4127 Quinto
1499 4066 1595 4111 uersu
1618 4046 1779 4130 propheta
1801 4046 1904 4127 decet,
1932 4048 2035 4112 felicis
2056 4049 2147 4111 vitae
2168 4056 2238 4112 sta-

241 4132 338 4197 simul
358 4132 546 4198 confirmat:
572 4151 647 4196 ιιιιιιι
667 4130 825 4213 quemodo
845 4131 953 4197 felices
976 4129 1128 4197 (turisendi
1148 4128 1214 4192 sint
1266 4145 1336 4196 tum
1373 4134 1408 4195 ie
1439 4139 1525 4195 ree-ta
1553 4132 1748 4197 cctnseioutia
1779 4133 1948 4198 fundatum
1979 4151 2064 4198 esse:
2100 4130 2240 4214 ideoque

241 4218 297 4302 qni
327 4217 435 4282 Dcum
467 4216 603 4291 timent,
632 4216 788 4279 ‹istenditz
822 4216 898 4299 (pria
926 4217 1049 4281 scilieet
1076 4235 1143 4279 riou
1173 4210 1214 4275 sd
1271 4236 1422 4281 noncese
1440 4216 1559 4279 mirum
1578 4216 1606 4279 ei
1624 4238 1665 4281 ex
1684 4216 1846 4297 felicitate,
1864 4239 1961 4301 quam
1980 4220 2042 4283 sibi
2063 4219 2241 4300 imaginati

242 4314 446 4369 momentum
477 4302 638 4367 duntaxat
666 4302 757 4367 llnxa
780 4301 935 4383 insanique
958 4302 1081 4367 litet-itin
1103 4300 1215 4365 srmm·
1271 4312 1347 4365 smtt
1371 4302 1471 4385 impii,
1495 4316 1630 4383 repente
1651 4303 1812 4368 excidant.
1837 4302 1957 4370 Subest
1979 4315 2086 4369 autem
2110 4303 2242 4385 species

243 4400 308 4465 tur,
340 4389 396 4454 sed
419 4386 545 4453 stabilis
568 4387 612 4451 sit
633 4406 746 4451 eorum
770 4386 922 4451 corulitie.
967 4388 1087 4451 stillost·
1104 4394 1214 4449 niuem
1268 4386 1505 4451 ceirctessieuis:
1524 4404 1562 4451 ae
1583 4388 1610 4451 si
1633 4388 1729 4453 tacite
1750 4388 1909 4454 fateretur
1930 4389 2097 4473 propheta,
2117 4389 2242 4470 impios

245 4475 345 4540 tacita
367 4474 544 4540 antithesis
567 4472 654 4535 inter
678 4472 824 4571 vigorem
847 4470 971 4535 irrisoris
994 4473 1025 4537 is
1050 4474 1119 4537 lem
1142 4468 1215 4533 irri·
1266 4470 1396 4536 tetidem
1409 4470 1471 4535 sibi
1484 4470 1620 4553 plaeere,
1642 4494 1781 4559 suosque
1799 4475 1984 4558 triumphos
2000 4496 2097 4559 agere
2119 4494 2244 4556 qnam·

245 4582 308 4649 gno
341 4559 527 4645 plantatae,
568 4564 600 4621 et
633 4557 806 4621 ouanulmn
841 4556 911 4621 eius
944 4558 1099 4703 speeiem.
1133 4574 1216 4637 qum
1268 4556 1322 4621 ‹iu
1335 4578 1387 4621 res
1400 4557 1431 4619 iu
1451 4554 1572 4620 retitule
1589 4558 1780 4625 ttiiseemur:
1802 4560 1897 4626 sicuti
1915 4560 2058 4626 latrones
2080 4563 2112 4624 in
2132 4559 2244 4644 sylvis

243 4646 376 4714 tametsi
394 4644 506 4728 peloro
525 4645 620 4715 viret,
643 4652 750 4705 taartm
775 4650 909 4727 prepter
930 4642 989 4705 sei
1012 4642 1216 4706 sterilitatem
1270 4642 1319 4706 viil
1351 4640 1515 4722 speluueis
1545 4652 1640 4709 ext-rs
1668 4645 1783 4711 iudicis
1813 4660 2022 4729 conspectum
2043 4646 2243 4711 lasciviunt:

245 4737 309 4798 cito
331 4733 460 4798 arescit.
506 4730 593 4795 Nam
617 4725 656 4789 de
679 4728 788 4809 impiis
810 4724 992 4791 eidsbimus
1016 4728 1142 4791 l’sslme
1165 4724 1217 4795 ut.
1269 4726 1325 4789 sed
1357 4746 1408 4789 rtis
1440 4748 1504 4789 ιιιιιι
1534 4746 1662 4813 mttrpm
1691 4731 1737 4794 ita
1759 4732 1827 4794 iere
1849 4734 2016 4797 contusas:
2047 4730 2103 4795 nbi
2125 4740 2243 4796 antem

246 4819 297 4895 35,
335 4816 499 4882 interdum
537 4810 660 4879 similos
692 4836 762 4875 esse
802 4810 908 4875 ιιιιΙιὶιι
942 4810 1064 4876 ΙιὶΙιιιιιί.
1115 4806 1217 4873 (irrisi
1271 4814 1303 4873 in
1326 4809 1507 4889 Ιιιιιὶιίιιιιιιιι
1531 4810 1676 4881 reclinem
1698 4815 1851 4881 mdtsmae
1873 4818 2003 4883 luerint„
2024 4837 2104 4881 snas
2127 4816 2244 4900 impiis

248 4904 335 4968 onim
356 4923 454 4986 opum
479 4910 511 4965 ot
535 4900 694 4964 honorum
718 4919 754 4961 ιιο
781 4897 811 4961 is
834 4894 879 4959 sie
902 4896 1051 4971 sltluunt,
1078 4908 1114 4959 ut
1137 4892 1217 4959 nihil
1244 4892 1248 4969 l
1274 4894 1343 4959 istis
1378 4893 1505 4959 delitias
1534 4916 1705 4967 ιιιιιιιιιιιι
1733 4902 1792 4971 iri.
1825 4918 1863 4965 ut
1890 4904 2034 4967 sentiant
2062 4924 2099 4968 se
2130 4902 2244 4968 ebrios

248 4990 287 5055 ad
317 4995 521 5071 praesentem
546 4982 731 5048 felicitatem
756 4918 858 5045 desit:
877 4980 932 5043 seed
956 4980 1165 5061 ‹qtiurrtumels
1187 4978 1219 5039 in
1271 4980 1378 5049 titisse,
1402 4978 1477 5043 ‹lum
1502 4980 1691 5053 lelimssibi
1714 4987 1881 5053 visisunt.
1904 4987 2181 5055 Vrdemusnunc
2206 4998 2247 5055 ut

247 5074 385 5141 sublimo
415 5075 514 5140 erecti
546 5072 630 5141 sint,
660 5068 822 5151 longeque
852 5078 885 5129 et
916 5065 980 5129 lete
1007 5086 1114 5131 ιιιιιιιιιι
1144 5082 1221 5127 sum
1285 5062 1431 5145 suspirem
1454 5066 1587 5131 uiiseres
1608 5092 1679 5137 esse
1700 5072 1816 5156 impios
1837 5086 1976 5139 asserat:
1999 5074 2078 5156 qnia
2097 5073 2247 5141 felicitas

248 5198 449 5207 ww..-
1288 5146 1412 5213 sterius
1433 5150 1476 5215 sit
1497 5156 1711 5223 etirtseientise
1733 5157 1864 5223 bianum.
1909 5159 1983 5224 Non
2007 5168 2117 5243 negat,
2146 5168 2247 5225 aute-

335 5261 365 5330 ’)
382 5278 416 5316 nc
433 5261 563 5317 s'csconlo
579 5258 667 5331 point,
684 5270 719 5311 ott
735 5264 842 5323 mutue:
861 5268 895 5305 uu
913 5250 1030 5305 tlemltel.
1276 5252 1372 5317 lllllllll
1395 5246 1551 5319 turpantur
1571 5240 1612 5305 tul
1634 5262 1782 5313 extimum.
1803 5263 1957 5328 pmpel'o
1978 5244 2045 5310 illis
2063 5244 2248 5312 811ΜᾶοΝ
