4658 5856
107 325 170 392 569
934 326 1151 397 PSALMUS
1174 330 1267 396 LIX.
2036 329 2101 395 olo

106 514 192 592 lore,
235 525 272 579 ut
305 517 467 599 patienter
501 517 681 599 quemlibet
713 528 869 583 eventum
903 525 1078 600 exspectet.
1222 519 1270 584 12.
1302 520 1368 607 (Ne
1399 520 1561 586 interimas
1593 523 1667 602 eos.)
1723 517 1911 584 Prudenter
1947 518 2008 585 boc
2041 518 2103 585 sibi

107 599 251 666 Verbum
280 604 367 666 enim
395 603 572 669 custodiam
601 603 654 669 bio
684 602 877 684 tantundem
908 603 1007 682 valet,
1042 624 1079 668 ac
1132 604 1241 671 David
1269 605 1310 671 ad
1340 605 1517 691 patientiae
1547 608 1716 670 materiam
1747 605 1905 688 suggerit.
1949 604 2023 670 Nisi
2045 625 2102 670 ex·

107 707 161 752 me
182 687 370 752 continebo:
401 688 465 769 rel,
497 689 616 755 tacitus
638 689 806 755 attendam
828 689 985 772 quidnam
1008 688 1080 754 Deo
1132 691 1255 775 templo
1288 692 1380 758 Deus
1413 690 1454 754 ad
1487 691 1627 756 nihilum
1659 689 1787 773 redigat
1821 691 1930 755 hostes
1963 700 2102 768 nostros,

107 773 245 856 placeat.
290 777 399 856 Atque
428 774 463 838 in
493 775 723 859 coniugatione
744 774 865 859 Nipbal
896 773 959 840 hoc
981 794 1079 838 sensu
1132 778 1287 862 fingimus
1321 779 1447 860 elapsos
1476 796 1548 842 esse
1575 798 1616 841 ex
1646 774 1712 840 Dei
1741 795 1859 839 mauu:
1890 784 1924 839 et
1953 777 2103 858 quamvis

108 860 237 942 eapitur
258 858 382 924 Iesaiae
406 860 435 939 7,
456 860 487 924 A
520 860 586 926 Hic
608 859 738 943 quidem
761 861 896 944 ponitur
913 861 948 924 in
968 861 1080 925 couiu·
1133 885 1188 928 eos
1216 865 1305 929 lente
1332 873 1367 928 et
1388 862 1544 927 diuturna
1566 862 1640 926 tabe
1663 860 1820 945 paulatim
1843 861 2004 939 conficiat,
2036 881 2103 925 non

109 944 240 1029 gatione
262 944 339 1020 Kal,
363 944 421 1010 sed
443 945 524 1010 nibil
547 945 684 1030 impedit
706 947 880 1028 quominus
902 956 1080 1023 vertamus,
1132 959 1322 1031 reputamus
1344 969 1483 1032 poenam
1505 948 1545 1012 de
1567 946 1632 1012 illie
1654 947 1748 1012 anmi.
1783 944 1870 1027 Quia
1891 946 1993 1030 igitur
2010 968 2104 1029 prae·

109 1031 222 1096 Tacite
249 1029 427 1096 observabo
456 1051 683 1115 quemcunque
705 1031 796 1097 Deus
824 1040 978 1097 eventum
1002 1030 1080 1095 dare
1133 1045 1260 1118 postero
1300 1035 1430 1100 inhiant
1468 1034 1535 1098 lere
1566 1053 1680 1098 omnes
1712 1031 1753 1096 ad
1786 1030 1928 1096 subitam
1961 1032 2103 1098 hostium

108 1117 208 1182 volet.
247 1115 380 1181 Interea
401 1137 466 1181 uon
489 1116 638 1200 displicet
658 1116 893 1200 quodquidam
912 1125 1081 1197 annotant,
1133 1140 1265 1185 suorum
1295 1120 1490 1204 perniciem,
1519 1118 1631 1184 David
1653 1139 1687 1183 se
1709 1118 1816 1200 ipsum
1840 1117 2010 1197 cohibens,
2039 1116 2104 1183 Dei

109 1201 271 1267 Davidem
303 1200 448 1267 alludere
479 1201 520 1267 ed
553 1202 702 1268 custodes
734 1201 928 1267 obsidendae
965 1200 1081 1267 domus
1133 1204 1290 1270 iudicium
1318 1207 1350 1270 in
1376 1205 1551 1271 levioribus
1574 1205 1672 1269 etiam
1695 1202 1790 1268 mslis
1811 1201 1872 1268 sub
1894 1204 2012 1285 quibua
2033 1204 2104 1288 lau-

111 1310 189 1354 suae
215 1307 314 1355 causa
342 1288 476 1353 missos:
505 1309 543 1354 ac
570 1289 597 1353 si
626 1287 758 1372 dicaret,
787 1310 829 1354 ex
852 1288 999 1371 opposito
1020 1287 1080 1353 sibi
1133 1300 1236 1375 guent
1262 1290 1403 1376 reprobi,
1433 1289 1597 1374 expendit.
1641 1289 1777 1355 Oertum
1798 1288 1928 1372 quidem
1952 1300 2009 1366 est,
2039 1288 2105 1354 nisi

110 1376 208 1441 uliam
231 1395 302 1440 esse
323 1373 513 1448 custodiam,
535 1375 613 1438 dnm
635 1373 746 1456 quieta
767 1384 878 1441 mente
899 1384 933 1438 et
951 1393 1081 1456 compo·
1135 1379 1246 1442 oculos
1263 1378 1357 1443 nobie
1375 1380 1559 1442 obstrueret
1577 1375 1733 1454 socordia,
1753 1375 1789 1438 iu
1804 1375 1914 1439 subita
1928 1374 2102 1456 impiorum

111 1461 184 1540 site,
205 1459 284 1543 quid
307 1460 453 1524 lecturus
475 1459 518 1524 sit
535 1459 627 1524 Deus
648 1459 844 1543 speculatur.
1135 1461 1225 1528 clade
1256 1465 1360 1548 magis
1389 1463 1597 1548 conspicuam
1627 1482 1697 1526 esse
1727 1460 1792 1525 Dei
1820 1459 2017 1525 vindictam:
2047 1459 2105 1525 sed

1135 1550 1211 1631 quia
1232 1550 1342 1613 statim
1364 1548 1522 1613 memoria
1543 1546 1637 1611 uobis
1656 1546 1769 1623 effluit,
1792 1565 1856 1609 uon
1875 1547 1997 1610 frustra
2014 1553 2106 1629 optat

200 1632 249 1695 11.
273 1629 364 1696 Deua
391 1629 566 1695 merdae
593 1650 678 1696 meae
699 1633 881 1713 praeveniet
901 1652 965 1697 me:
996 1630 1085 1697 Deua
1136 1633 1244 1699 David
1265 1634 1409 1717 quotidie
1427 1633 1582 1701 renovari
1594 1633 1679 1697 idem
1692 1631 1925 1715 spectaculum,
1944 1641 1982 1695 ut
1992 1630 2105 1696 iudicii

112 1717 215 1782 videre
231 1735 280 1786 me
296 1716 390 1797 fotiel
406 1716 442 1780 ia
459 1716 653 1781 massaria
669 1717 757 1781 mea.
787 1717 837 1783 12.
859 1717 909 1782 Ne
919 1718 1084 1783 interimas
1136 1719 1199 1784 Dei
1218 1721 1362 1804 cognitio
1380 1721 1509 1804 penitus
1527 1719 1678 1784 cordibus
1695 1717 1798 1782 infixa
1817 1727 1959 1781 maneat.
1991 1715 2106 1796 Quan-

112 1823 171 1880 eos,
200 1823 237 1867 ae
263 1801 343 1882 sorte
370 1801 570 1866 curamur
590 1802 728 1884 populeo
754 1822 859 1868 maer:
889 1804 1004 1885 augeri
1029 1803 1083 1885 foe
1126 1825 1245 1890 quem,
1274 1815 1311 1869 ιιι
1333 1805 1411 1882 dixi,
1433 1818 1547 1872 contra
1569 1805 1726 1888 longioris
1748 1822 1858 1866 morae
1880 1801 2023 1866 taedium
2044 1801 2105 1867 bac

113 1908 165 1954 eos
182 1888 219 1953 ie
234 1890 346 1952 arrae
361 1891 427 1962 tao,
445 1891 472 1951 et
489 1885 599 1951 disiice
616 1906 667 1953 eoa
682 1887 807 1970 clypeus
823 1893 926 1954 aede
938 1888 1081 1954 Domine.
1136 1892 1283 1957 doctriua
1299 1913 1336 1956 se
1353 1901 1461 1956 armat
1478 1901 1511 1954 et
1525 1890 1642 1969 munit,
1662 1888 1771 1953 Deum
1788 1887 1940 1953 consulto
1954 1887 2105 1952 ultimam

114 1974 166 2040 13.
197 1972 360 2040 Peccator
387 1972 454 2038 oria
481 1991 595 2051 mem,
622 1992 723 2038 serm
748 1973 904 2040 labiorum
925 1975 1082 2054 ipsorum:
1135 1978 1291 2042 ultionem
1311 1975 1459 2043 dillerre:
1481 1996 1522 2041 ne
1539 1976 1566 2039 si
1585 1975 1702 2056 impios
1720 1994 1786 2038 uno
1804 1986 1968 2037 momento
1987 1971 2106 2053 deleat,

112 2059 380 2143 deprehendantur
407 2059 443 2123 ia
469 2056 616 2139 superbio
635 2078 707 2134 aaa,
734 2059 819 2124 etde
839 2059 1083 2145 caenaret)
1136 2063 1244 2127 statim
1279 2064 1436 2127 memoria
1469 2062 1707 2145 exstinguatur.
1764 2063 1874 2142 Atque
1909 2060 1956 2122 ita
1993 2057 2105 2141 populi

112 2143 319 2212 dmeadoet'o
338 2142 432 2209 verbo
451 2142 581 2225 fociant.
1135 2149 1302 2214 israelitici
1330 2147 1600 2232 ingratitudinem
1631 2144 1761 2227 oblique
1790 2144 1990 2227 perstringit,
2019 2143 2105 2225 quod

1136 2244 1203 2298 tam
1226 2233 1312 2299 mele
1334 2235 1367 2298 in
1390 2233 1574 2298 illustribus
1592 2231 1655 2296 Dei
1678 2230 1805 2295 iudiciis
1826 2231 2006 2312 proficeret.
2040 2229 2107 2295 Hie

201 2317 252 2380 ll.
275 2313 379 2400 (Deae
406 2314 581 2380 denotatior
608 2313 718 2399 meae.)
761 2314 925 2381 Scribitur
954 2316 1084 2399 quidem
1136 2340 1215 2384 vero
1236 2317 1369 2384 morbos
1392 2319 1488 2384 bodie
1508 2337 1635 2401 quoque
1657 2317 1755 2381 nimis
1776 2324 1893 2399 regnat
1915 2316 1950 2379 in
1973 2314 2105 2393 mundo,

113 2403 167 2468 hio
189 2401 326 2466 affixum
349 2401 467 2466 tertiae
488 2420 654 2485 personae,
677 2400 733 2465 sed
752 2411 891 2485 punctus
908 2402 1085 2486 apponitur
1137 2413 1175 2469 ut
1196 2404 1260 2470 Dei
1287 2403 1408 2470 iudicia
1435 2425 1517 2488 quae
1546 2404 1673 2467 notiore
1701 2410 1780 2466 suut
1805 2421 1904 2483 quam
1926 2412 1965 2466 ut
1986 2401 2107 2466 clausis

104 2490 168 2571 qni
186 2487 326 2571 primam
345 2505 518 2571 personam
539 2494 637 2551 notet.
669 2485 817 2553 Graecus
835 2487 965 2570 quidem
984 2489 1084 2553 iuter·
1137 2491 1239 2556 oculis
1271 2489 1440 2574 praeteriri
1472 2497 1605 2572 queant,
1634 2488 1733 2571 impia
1763 2486 1928 2551 oblivione
1956 2487 1990 2550 in
2014 2498 2107 2550 tene·

115 2594 190 2656 pres
212 2573 381 2638 transtulit
403 2573 438 2636 in
460 2574 556 2636 tertia
577 2592 731 2654 persona:
763 2587 795 2638 et
818 2572 878 2638 boo
900 2576 1086 2639 testimonio
1138 2574 1212 2642 brae
1235 2585 1441 2659 mergantur:
1463 2586 1501 2641 ut
1519 2594 1650 2639 neeesse
1667 2576 1711 2638 sit
1727 2570 1871 2656 quotidie
1889 2577 1923 2637 in
1940 2571 2105 2636 theatrum

114 2680 212 2742 saepe
235 2658 440 2743 Augustinus
455 2659 566 2722 utitur
587 2669 700 2723 contra
720 2657 926 2744 Pelagianos,
955 2671 992 2725 ut
1013 2681 1086 2743 pro-
1137 2683 1197 2726 nos
1230 2661 1362 2738 deduci,
1395 2660 1452 2725 ubi
1484 2660 1548 2725 Dei
1579 2681 1713 2725 manum
1744 2657 1909 2740 adspicere
1942 2677 2106 2741 eogamm.
2186 2718 2192 2727 ,

115 2746 169 2811 bet
179 2745 243 2809 Dei
322 2744 399 2808 tiam
418 2753 624 2808 antevertere
641 2745 751 2809 omnio
767 2744 936 2810 bominum
950 2748 1084 2811 merite:
1138 2747 1247 2830 Atque
1276 2748 1337 2813 boc
1362 2749 1455 2813 nobis
1476 2747 1510 2813 iu
1533 2757 1676 2810 mentem
1700 2745 1820 2820 veniat,
1849 2743 1905 2807 ubi
1928 2741 2020 2807 Deus
2042 2763 2106 2808 non

113 2832 167 2915 pie
188 2830 250 2914 qui
275 2850 337 2905 em,
368 2828 425 2895 sed
456 2829 554 2894 nimis
579 2840 705 2913 argute,
735 2830 831 2897 aienti
853 2831 951 2896 etiam
974 2832 1085 2914 proxi·
1138 2833 1248 2898 statim
1282 2844 1395 2898 eontra
1426 2833 1543 2915 impios
1576 2830 1743 2906 fulminat,
1777 2848 1838 2893 neo
1866 2827 1954 2893 tollit
1983 2848 2037 2893 eos
2067 2827 2108 2893 de

113 2937 204 2982 mum
235 2936 366 2979 versum
393 2936 490 2998 saepe
519 2913 660 2990 adducit,
690 2925 728 2980 ut
752 2915 907 2981 retundat
928 2916 1085 3001 quidquid
1138 2919 1255 3002 medio,
1275 2917 1332 2983 sed
1350 2919 1470 2982 sensim
1489 2916 1657 2981 atterendo
1674 2915 1844 2981 consumit
1881 2915 2108 2998 Rogatautem

114 3002 208 3067 liberi
230 3001 356 3066 arbitrii
375 2999 500 3066 viribus
518 3012 674 3085 arrogant
691 3002 852 3067 homiues.
883 3001 1086 3086 Custodiam,
1138 3015 1177 3067 ut
1200 3003 1291 3068 Dens
1312 3023 1361 3069 eoa
1380 3003 1481 3085 semol
1500 3002 1630 3085 aequm:
1651 3021 1769 3082 nempe
1792 3009 1828 3063 ut
1846 2999 1995 3064 homines
2012 2999 2108 3064 malis

114 3087 231 3171 inquit,
260 3084 302 3151 ed
323 3095 358 3151 te
378 3085 603 3151 fortitudinem
625 3106 742 3166 meam,
772 3087 834 3152 boo
854 3097 912 3167 est,
941 3087 1086 3153 modeste
1138 3100 1171 3153 et
1188 3097 1332 3172 egestate
1354 3089 1466 3152 afflicti
1489 3088 1554 3152 buo
1572 3085 1650 3151 illue
1666 3087 1826 3160 oberrent,
1849 3083 1927 3148 dum
1946 3102 2107 3166 nusquam

115 3183 148 3238 et
170 3172 339 3237 humiliter
360 3171 519 3237 subiicere
541 3192 576 3236 se
594 3171 665 3237 Deo
687 3170 806 3239 debent
829 3173 986 3253 homiues,
1009 3174 1097 3256 quia
1138 3175 1313 3239 inveniunt
1335 3173 1437 3238 dolori
1461 3194 1519 3238 suo
1541 3170 1703 3237 solatium.
1742 3169 1836 3251 Quod
1859 3170 1976 3234 melius
1998 3172 2107 3252 expri-

113 3258 205 3324 nnlle
222 3256 417 3323 fortitudine
434 3255 574 3341 praediti
592 3271 669 3323 suut
687 3258 751 3323 nisi
769 3278 866 3341 quam
886 3258 1084 3341 suppeditat.
1138 3260 1240 3324 mitur
1258 3259 1360 3324 altero
1379 3259 1487 3339 verbo,
1503 3259 1557 3341 foe
1573 3258 1762 3331 caeam,
1780 3256 1832 3320 vel
1852 3254 1975 3320 disiice.
2005 3255 2108 3406 Cupit

114 3345 215 3410 Dicte
244 3343 377 3426 quidem
399 3341 571 3428 plausibile
592 3353 650 3422 est,
678 3341 903 3413 fortitudinem
926 3363 1021 3407 suam
1043 3345 1083 3408 ad
1137 3345 1225 3410 euim
1248 3365 1290 3409 ex
1311 3343 1491 3410 honorifico
1514 3342 1618 3427 gradu
1641 3341 1812 3418 detractos,
1835 3340 1930 3424 quasi
1947 3340 1988 3405 ad
2008 3363 2049 3425 pe
2072 3363 2108 3407 es

114 3432 224 3496 Deum
254 3429 426 3507 custodire,
455 3429 510 3512 qui
532 3428 594 3494 sibi
616 3439 711 3494 extra
732 3430 838 3513 ipsum
861 3428 942 3493 nibil
963 3429 1082 3495 virium
1127 3430 1259 3513 profici,
1283 3442 1318 3495 ut
1340 3432 1375 3495 in
1397 3450 1456 3496 sua
1478 3429 1609 3494 miseria
1630 3438 1663 3494 et
1685 3426 1812 3511 probris
1829 3427 2019 3491 continuum
2038 3427 2108 3492 irae

116 3515 287 3581 tribuendo
321 3515 361 3580 ab
395 3535 463 3579 uua
497 3514 567 3579 mus
596 3515 720 3580 virtute
756 3514 910 3598 pendent.
962 3513 1085 3581 Sancte
1138 3516 1199 3580 Dei
1230 3517 1452 3599 spectaculum
1482 3514 1667 3580 exhibeant.
1717 3510 1813 3593 Quot
1846 3533 1923 3596 ergo
1956 3512 2107 3578 nonnulli

114 3604 211 3668 etiam
235 3612 268 3666 et
284 3600 374 3666 utilis
392 3613 441 3665 est
459 3600 620 3666 doctrina:
642 3599 699 3665 sed
719 3600 811 3666 nobis
831 3600 945 3666 sedulo
963 3621 1083 3666 ceven-
1138 3621 1255 3666 nomen
1287 3580 1355 3687 byn
1388 3612 1519 3667 vertunt
1550 3600 1760 3676 Exercitum,
1793 3607 1826 3663 et
1855 3599 2019 3680 accipiunt
2047 3618 2106 3680 pro

115 3689 192 3752 dum
215 3698 266 3752 est
287 3707 328 3750 ne
349 3688 544 3769 scripturam
566 3698 786 3768 torqueamus.
826 3686 925 3751 Certe
946 3687 1083 3752 verbnm
1138 3686 1200 3752 Dei
1234 3688 1369 3774 populo:
1410 3699 1557 3753 coactum
1590 3695 1650 3751 est.
1703 3685 1820 3750 Potius
1855 3684 1915 3747 Dei
1949 3683 2106 3747 virtutem

114 3786 199 3858 υτ)
221 3771 303 3837 nibil
329 3771 418 3838 aliud
441 3772 494 3837 bic
516 3772 679 3855 signifieat
699 3791 797 3855 quam
821 3785 951 3837 mature
972 3791 1085 3839 occur·
1137 3773 1280 3856 appellat
1306 3771 1418 3838 David
1440 3772 1482 3837 ad
1505 3770 1685 3854 perdendos
1712 3771 1841 3852 impios,
1869 3769 1946 3850 quia
1968 3769 2107 3833 terrenis

114 3882 195 3927 rere.
240 3858 309 3922 Nec
338 3856 427 3922 eliud
456 3857 612 3940 intelligit
634 3856 741 3922 David
769 3877 866 3940 quam
897 3867 1085 3942 promptum
1136 3860 1251 3941 opibus
1269 3859 1346 3924 freti
1364 3859 1526 3941 putabant
1543 3876 1579 3921 se
1597 3877 1669 3921 esse
1691 3854 1972 3938 inexpugnabiles.
2002 3854 2106 3919 Porro

115 3946 176 4012 sibi
214 3945 282 4009 fore
321 3943 480 4008 auxilium
513 3941 578 4006 Dei
616 3962 678 4025 quo
710 3953 893 4026 opportune
926 3955 1084 4010 servetur.
1137 3964 1202 4027 quo
1233 3944 1359 4011 facilius
1381 3945 1536 4026 impetret
1557 3941 1643 4024 quod
1667 3942 1817 4023 postulet,
1846 3940 1880 4003 in
1903 3941 1969 4003 fine
1991 3961 2107 4006 vorsus

115 4031 253 4098 Summa
275 4028 459 4111 igiturest:
481 4028 777 4111 Utcunqueoesset
796 4029 895 4109 Deus,
917 4029 1083 4112 velopem
1137 4031 1280 4095 ostendit
1313 4051 1348 4095 se
1380 4050 1512 4096 oausam
1545 4028 1647 4092 totius
1680 4026 1847 4092 ecelesiae.
1867 4044 1975 4108 agere.
2029 4026 2106 4093 Huc

115 4139 207 4183 auam
237 4116 377 4189 differat,
407 4115 440 4178 iu
469 4113 541 4197 ipso
565 4123 678 4178 tamen
706 4113 844 4180 articulo
872 4112 987 4179 aderit.
1041 4116 1085 4179 lllt
1125 4116 1225 4181 euim
1254 4124 1379 4199 spectat
1406 4114 1543 4198 pluralis
1571 4132 1737 4190 numerus,
1764 4111 1887 4194 elmete
1917 4118 2019 4177 eoem
2040 4111 2107 4178 Do·

115 4210 204 4268 certe
244 4202 305 4266 nisi
340 4197 531 4265 immodicus
564 4211 716 4264 votorum
749 4210 935 4264 nostrorum
974 4200 1085 4265 fervor
1136 4202 1229 4267 miae.
1262 4202 1307 4267 Et
1324 4209 1412 4267 certe
1429 4201 1505 4283 quia
1523 4197 1682 4263 divinitus
1703 4198 1826 4262 electus
1843 4197 1965 4261 eratin
1983 4216 2105 4281 regern,

117 4288 307 4371 praecipites
335 4305 396 4350 nos
424 4294 545 4368 ageret,
573 4284 653 4350 satis
683 4294 854 4367 perspecta
881 4285 976 4349 nobis
1000 4287 1085 4351 foret
1136 4289 1170 4352 iu
1193 4289 1262 4354 eius
1284 4307 1423 4370 persona
1444 4285 1672 4352 continebatur
1693 4283 1782 4348 selus
1804 4280 1966 4349 eeclesiae.
2011 4283 2104 4348 Ideo·

117 4375 179 4439 Dei
209 4371 365 4439 sedulitas
397 4381 431 4436 et
461 4370 626 4436 festinatio
655 4369 697 4435 ed
726 4391 787 4436 nos
816 4371 993 4436 iuvandos:
1027 4370 1084 4436 sed
1135 4394 1198 4454 que
1220 4395 1285 4439 non
1306 4374 1461 4458 privatim
1483 4373 1552 4454 ipse
1574 4370 1801 4451 impetebatur,
1819 4367 1876 4446 sed
1895 4377 1984 4434 totus
2004 4390 2105 4453 popu·

115 4459 195 4524 dum
216 4459 314 4524 nimis
332 4475 555 4539 properamus,
578 4454 710 4520 videtur
728 4454 821 4522 nobis
839 4455 977 4521 tardare.
1011 4456 1083 4523 Iam
1136 4460 1197 4539 lus,
1225 4461 1319 4526 ouius
1340 4459 1439 4524 saluti
1462 4457 1523 4522 boo
1545 4455 1641 4521 modo
1663 4455 1833 4521 consulere
1854 4455 1945 4519 Deus
1967 4453 2106 4520 volobet.

115 4542 354 4612 confirmandae
381 4540 457 4607 fidei
485 4562 564 4606 suae
591 4562 688 4608 causa
711 4542 818 4609 Deum
847 4541 991 4626 appellet
1022 4544 1085 4608 cle-
1136 4544 1261 4611 Eadem
1284 4545 1382 4610 etiam
1405 4545 1465 4611 luit
1487 4543 1570 4608 ratio
1591 4563 1650 4606 cur
1672 4542 1833 4624 patienter
1860 4540 1974 4604 tulerit
1995 4541 2104 4605 Deum

115 4634 258 4696 montiae
287 4648 374 4706 suae,
404 4649 500 4711 quem
529 4649 626 4709 saepe
655 4627 896 4693 misericordem
928 4638 1084 4711 expertus
1136 4631 1296 4695 moderari
1327 4651 1387 4696 sua
1410 4629 1540 4706 iudicia,
1568 4639 1606 4693 ut
1627 4629 1660 4691 iu
1683 4626 1814 4692 assidua
1836 4646 1947 4690 eorum
1971 4626 2106 4691 medita·

115 4728 202 4784 erat:
232 4715 409 4798 superioris
437 4714 525 4780 onim
556 4714 710 4796 temporis
739 4712 933 4779 documenta
962 4724 1082 4780 certam
1137 4717 1225 4781 tione
1246 4717 1404 4799 populum
1425 4715 1591 4779 retineret.
1661 4772 1664 4777 .

115 4824 207 4887 spem
225 4802 347 4867 debant
365 4801 480 4865 similis
497 4801 531 4863 in
549 4807 717 4883 posterum
734 4802 866 4948 gratiae.
900 4799 986 4864 Nam
998 4798 1084 4882 quod
1224 4801 1273 4866 13.
1297 4801 1476 4888 (Percntare
1497 4797 1587 4884 oris.)
1619 4797 1830 4865 Subaudiunt
1852 4797 1984 4880 quidam
2007 4797 2107 4862 inter·

116 4888 222 4954 active
251 4885 383 4971 quidam
411 4886 585 4969 ascipiunt,
614 4905 652 4951 aa
681 4884 709 4948 si
751 4885 867 4950 audem
891 4885 1084 4951 clementiae
1135 4899 1245 4970 pretes
1275 4889 1465 4971 particulam
1498 4884 1661 4951 causalem
1687 4889 1829 4967 propter,
1864 4893 1901 4947 ut
1933 4883 2106 4947 cohaereat

116 4973 178 5039 sibi
202 4973 359 5038 tribueret
381 4971 500 5055 David,
522 4971 678 5057 frigidum
701 4981 734 5035 et
754 4979 903 5037 coactum
926 4980 984 5052 est,
1007 4973 1085 5035 trite
1136 4971 1216 5037 baec
1240 4975 1402 5039 sententia
1424 4993 1496 5037 enm
1520 4971 1685 5054 superiore
1707 4988 1814 5034 versu.
1858 4970 1903 5033 Et
1924 4980 2011 5034 certe
2034 4988 2100 5034 non

117 5071 168 5125 est
190 5070 298 5124 autem
322 5058 450 5139 passius
472 5057 626 5140 loquutio.
727 5115 730 5120 .
1137 5057 1271 5123 dubium
1290 5069 1343 5123 est
1356 5059 1436 5142 quin
1454 5059 1509 5122 hio
1527 5058 1570 5122 sit
1584 5077 1701 5122 causes
1719 5054 1869 5134 redditio,
1887 5076 1946 5119 cur
1963 5075 2103 5138 aequum

224 5204 226 5208 .
513 5151 519 5173 ·’
620 5195 622 5199 ,
901 5156 904 5163 “
1136 5143 1180 5208 sit
1208 5164 1263 5209 eos
1285 5145 1407 5223 iactari,
1436 5156 1472 5209 ιιι
1493 5144 1660 5208 instabiles
1683 5155 1715 5206 et
1736 5142 1873 5224 inquieti
1895 5161 2024 5222 semper
2048 5163 2104 5206 va·

203 5248 231 5318 t)
248 5247 437 5309 d'exeeration,
455 5260 491 5300 ea
507 5261 613 5314 marce:
632 5258 666 5299 on
685 5246 719 5300 de
737 5245 913 5299 mediarana.
1136 5239 1266 5313 gantur.
1320 5229 1466 5314 Optime,
1482 5239 1592 5295 temen
1622 5228 1791 5294 conveniet·
1822 5226 1959 5308 abrupta
1979 5239 2020 5309 ,et
2049 5227 2104 5292 de·
