4658 5856
233 321 298 386 443
1044 316 1262 386 PSALMUS
1284 317 1414 383 XLIV.
2159 321 2225 387 444

225 509 305 597 ipsis
328 510 420 575 Deus
450 509 568 594 exegit,
597 529 673 574 cum
695 509 764 574 eius
784 507 881 573 minis
911 507 1067 585 conferre,
1098 525 1195 573 curae
1246 506 1377 589 pietatis
1408 508 1539 591 signum
1569 518 1656 586 erat,
1713 528 1792 572 num
1826 506 2015 573 obedienter
2048 508 2124 592 iugo
2159 509 2223 574 Dei

225 597 290 663 illis
310 596 381 661 snit.
426 592 1195 677 1111111111,1111311111111111111111111
1245 591 1364 658 collum
1392 593 1597 657 subiicerent.
1644 526 1803 659 Videmus
1836 592 1925 659 enim
1950 606 1985 657 ut
2008 596 2113 658 maior
2135 615 2221 677 pare.

225 691 495 759 commemorant,
525 681 565 746 ad
596 681 730 746 verbum
760 679 1021 745 denuntiaverat
1066 679 1112 744 Et
1138 679 1194 744 ubi
1246 698 1311 741 non
1340 698 1435 744 secus
1464 687 1561 761 atque
1588 679 1663 761 equi
1689 677 1814 745 feroces
1844 677 2028 753 calcitrant,
2063 680 2222 745 adversus

225 769 305 836 dicit
325 769 360 833 ire
380 767 571 851 9111111111
592 766 726 848 populis
747 765 933 849 emphatica
962 774 1011 830 est
1033 764 1193 847 repetitio,
1246 762 1356 827 Deum
1377 763 1506 842 fremat,
1528 772 1561 830 et
1582 762 1796 848 pervicaciter
1818 764 1970 830 insaniat.
2015 764 2129 846 Quare
2154 785 2219 829 non

224 856 301 939 quia
318 854 453 918 minime
476 861 728 920 consentaneum
752 863 824 916 erat
846 859 882 916 ut
905 851 1058 934 profanae
1079 860 1195 935 gentes
1246 868 1362 933 parum
1384 849 1418 913 in
1437 867 1515 914 reru
1538 849 1601 916 Dei
1625 849 1743 914 timore
1766 850 1902 932 profecit
1927 851 1982 933 qni
2005 873 2039 915 se
2061 853 2096 915 in
2120 852 2221 917 111111-

225 939 381 1024 populum
400 960 419 1003 a
436 938 508 1004 Deo
530 936 669 1002 electum
691 937 758 1002 suis
779 935 990 1020 blasphemiis
1011 935 1194 1021 proscinde·
1247 935 1389 1000 tionibus
1423 934 1570 1000 continet
1602 935 1662 1000 sub
1697 935 1750 1019 pia
1782 937 1945 1014 custodia,
1987 957 2028 1002 ne
2061 958 2125 1019 qua
2159 940 2220 1001 inr-

224 1036 307 1092 rent.
330 1025 444 1101 Porro,
474 1043 539 1088 non
562 1023 618 1087 abs
640 1044 677 1087 re
699 1035 893 1105 conquestos
915 1043 1000 1106 esse,
1028 1024 1081 1089 vel
1109 1042 1195 1087 unus
1247 1021 1403 1103 patientia
1432 1030 1655 1086 transversum
1687 1021 1819 1086 feratur.
1864 1021 1949 1088 Nam
1979 1031 2011 1086 et
2040 1022 2222 1107 hypocritis

225 1111 394 1181 Ciceronis
424 1108 511 1175 locus
538 1129 596 1191 pro
619 1107 736 1174 Flcooo
766 1108 932 1174 luculente
960 1111 1108 1186 testetur,
1138 1107 1194 1172 ubi
1247 1106 1342 1170 111111
1372 1115 1421 1171 111
1449 1107 1482 1170 11
1513 1106 1608 1172 rebus
1637 1107 1800 1189 prosperis
1827 1108 1898 1173 Deo
1927 1106 2135 1175 benedicere:
2166 1113 2222 1192 qui

248 1197 380 1264 rosanus
409 1195 465 1260 ille
494 1194 606 1258 rhetor
636 1213 695 1276 pro
720 1215 781 1260 sua
799 1195 960 1277 superbia,
992 1214 1056 1259 non
1087 1193 1194 1258 minus
1248 1191 1385 1256 simulac
1423 1192 1549 1276 rigidus
1585 1207 1738 1277 apparet,
1779 1195 1814 1257 in
1846 1194 1990 1259 furorem
2031 1209 2220 1278 erumpunt.

260 1304 308 1359 1ο,
337 1301 433 1364 quam
456 1278 587 1344 Iudaeis
609 1280 756 1359 insultat,
786 1280 868 1346 satis
889 1290 1039 1345 constare
1062 1290 1193 1364 gentem
1248 1277 1513 1343 (lummemorant
1545 1297 1625 1362 ergo
1654 1277 1782 1352 fideles,
1817 1281 1968 1361 quamvis
1997 1287 2048 1345 tot
2077 1282 2172 1347 malis
2203 1301 2224 1344 a

225 1390 295 1435 esse
317 1367 380 1432 diis
401 1366 552 1441 invisam,
575 1385 658 1449 quae
676 1373 723 1430 tot
744 1364 889 1431 oladibus
912 1365 1051 1431 subinde
1073 1366 1196 1445 attrita,
1248 1374 1336 1428 recto
1359 1385 1457 1429 eursu
1479 1361 1584 1445 abripi
1612 1363 1787 1446 potuerint,
1816 1386 1852 1430 11
1873 1375 1984 1430 tamen
2011 1387 2078 1432 non
2101 1366 2223 1433 oblitos

224 1455 265 1519 ad
288 1466 471 1523 extremum
493 1451 677 1515 miserrima
699 1453 857 1518 servitute
879 1471 1033 1535 oppressa
1054 1463 1134 1518 erat.
1248 1449 1348 1514 luisse
1370 1448 1445 1526 Dei,
1476 1450 1557 1531 quin
1582 1468 1712 1531 semper
1733 1470 1807 1514 eum
1830 1448 1982 1529 colerent,
2012 1451 2088 1517 lieet
2109 1453 2223 1517 minus

1250 1536 1424 1617 propitium
1448 1554 1485 1600 ao
1506 1533 1710 1600 elementem.
1754 1535 1830 1601 Non
1853 1556 1932 1620 ergo
1953 1536 2144 1619 praedicant
2166 1559 2223 1604 su-

311 1626 361 1690 16.
395 1621 573 1709 0111111111)
602 1623 803 1705 opprobrium
824 1642 927 1688 meum
948 1642 1052 1689 eoram
1080 1642 1138 1702 me,
1168 1626 1197 1687 et
1249 1621 1414 1704 periurum
1438 1630 1622 1701 temporum
1645 1621 1794 1697 virtutes.
1825 1618 1883 1687 sed
1905 1630 2035 1688 tantum
2062 1623 2224 1690 obiiciunt

224 1711 400 1794 1911111111
421 1710 527 1774 vultus
546 1710 609 1772 mei
630 1708 740 1774 obtexit
760 1731 816 1774 me.
862 1709 913 1774 11.
939 1707 1062 1774 Aeaee
1083 1728 1196 1790 cepre-
1249 1725 1285 1771 se
1316 1706 1404 1771 inter
1436 1706 1560 1771 medias
1594 1706 1788 1772 afflictiones
1825 1716 2012 1774 constanter
2046 1711 2224 1774 retinuisse

226 1798 345 1861 1111111
366 1800 393 1860 et
414 1795 628 1871 1111111111,
658 1817 679 1860 u
701 1796 784 1876 faeie
812 1794 990 1860 adversarii
1017 1798 1045 1858 el
1072 1794 1195 1859 ulteris.
1249 1791 1312 1856 Dei
1332 1793 1452 1873 foedus.
1488 1792 1534 1857 Et
1556 1803 1644 1857 uerte
1666 1791 1745 1857 11111
1767 1803 1905 1872 1111111,
1927 1793 2023 1878 longe
2045 1806 2224 1878 antequam

226 1883 276 1949 18.
311 1882 420 1946 Totum
449 1880 505 1944 1111
533 1881 615 1946 venit
643 1879 740 1957 nobie,
769 1885 796 1945 et
816 1900 880 1947 reon
901 1881 988 1947 obliti
1008 1899 1120 1945 eumue
1140 1879 1196 1955 tui,
1250 1880 1392 1943 saeviret
1403 1877 1596 1956 Antiochus,
1615 1877 1770 1961 populum
1785 1877 1899 1944 multis
1914 1880 2223 1964 corruptelistuisse

224 1989 277 2034 nec
299 1967 417 2049 perfide
444 1966 623 2049 opimaris
647 1966 768 2047 foedere
796 1972 863 2032 tuo:
896 1964 945 2031 19.
976 1965 1051 2031 Nora
1076 1965 1198 2045 deflerit
1249 1962 1417 2039 refertum,
1440 1985 1523 2046 qnae
1544 1962 1607 2028 Dei
1631 1962 1811 2029 vindictam
1838 1978 2068 2046 provocarunt,
2097 1981 2135 2030 ut
2156 1966 2223 2032 iae·

224 2059 305 2119 retro
325 2073 377 2117 eor
397 2057 547 2131 nostram,
576 2071 630 2117 111
650 2052 815 2118 declinavit
838 2071 966 2135 pressus
986 2056 1087 2116 mser
1109 2071 1130 2116 u
1151 2070 1198 2116 ee·
1250 2048 1311 2112 turi
1335 2048 1377 2115 ab
1398 2049 1478 2132 ipsis
1500 2070 1567 2114 non
1593 2048 1743 2115 debuerit
1772 2069 1853 2132 quae
1880 2048 1933 2116 hic
1955 2051 2107 2116 landatur
2136 2053 2222 2118 inte·

224 2139 301 2204 mita
323 2143 387 2202 tuo.
432 2137 483 2202 20.
507 2137 592 2202 Licet
612 2138 794 2204 contriveris
814 2157 871 2202 rros
887 2138 923 2201 ira
939 2137 1196 2217 1111111111,
1275 2135 1363 2200 ritas.
1388 2134 1514 2199 Verum
1532 2135 1664 2218 quidem
1681 2144 1740 2212 est,
1764 2145 1803 2200 ut
1820 2134 1916 2217 paulo
1937 2145 2011 2219 post
2030 2137 2222 2213 ridebimus,

225 2223 434 2307 eoperwe
459 2242 516 2287 nos
537 2223 647 2288 umdm
668 2224 788 2288 mortis.
831 2223 883 2289 21.
915 2221 1060 2288 111111·
1087 2242 1198 2287 111111
1250 2154 1359 2284 ileum
1377 2220 1441 2286 illis
1459 2222 1649 2304 pepercisse,
1668 2232 1705 2286 ut
1719 2220 1760 2285 ob
1776 2221 1845 2285 eius
1863 2242 1984 2287 nomen
2002 2225 2107 2307 magis
2123 2244 2224 2306 quam

226 2329 334 2376 nemen
357 2307 420 2374 Dei
440 2309 555 2390 nostri,
586 2313 613 2373 et
633 2310 842 2391 expandimus
867 2328 981 2374 murrae
1001 2313 1129 2374 oestrus
1155 2309 1198 2374 od
1250 2306 1382 2390 propria
1404 2305 1524 2372 delicta
1545 2306 1657 2373 afflicti
1678 2306 1818 2371 luerint:
1845 2307 1902 2373 sed
1926 2306 2005 2373 haee
2026 2307 2092 2374 Dei
2113 2308 2222 2373 indul·

225 2397 316 2461 deum
335 2393 488 2459 1111111111
520 2394 571 2459 22.
594 2393 649 2458 An
671 2415 733 2460 111
749 2394 839 2461 Deus
860 2395 995 2477 requiret
1015 2393 1097 2462 loe?
1120 2394 1198 2477 quia
1250 2392 1360 2475 gentia
1390 2393 1518 2458 efficere
1547 2412 1613 2458 111
1645 2390 1758 2458 debuit
1787 2402 1822 2456 ut
1849 2413 1885 2459 se
1906 2393 2091 2459 eximerent
2117 2404 2220 2460 reatu.

225 2483 293 2564 ipse
313 2480 396 2545 11111
417 2478 597 2545 absconditu
618 2480 730 2546 cerdis.
1250 2477 1443 2542 Tenendum
1466 2478 1648 2561 igiturest,
1671 2477 1754 2542 nihil
1777 2475 1865 2543 aliud
1886 2499 1984 2557 nuno,
2007 2500 2104 2561 quam
2128 2501 2222 2545 suam

430 2630 434 2637 ,
1250 2564 1442 2645 patientiam
1470 2564 1506 2628 in
1536 2563 1678 2644 medium
1710 2566 1864 2646 prolerre,
1892 2564 1970 2646 quia
1997 2565 2102 2632 aDei
2130 2565 2223 2633 cultu

313 2651 365 2717 16.
397 2648 580 2736 (Quotidie.)
629 2662 714 2734 mtfl
742 2627 794 2735 b)
828 2650 958 2734 longam
993 2648 1196 2714 durationem
1250 2650 1336 2714 inter
1365 2669 1482 2732 graves
1511 2661 1544 2714 et
1573 2649 1672 2715 duras
1701 2651 1898 2716 tentationes
1927 2670 1993 2715 nen
2024 2650 2222 2718 defecerant.

226 2736 398 2821 signifieat,
421 2734 476 2799 sed
500 2742 608 2816 potest
629 2735 731 2816 accipi
753 2755 813 2817 pro
835 2742 904 2800 toto
922 2734 973 2799 vel
996 2735 1123 2819 integro
1147 2734 1198 2800 die
1250 2733 1362 2798 Primo
1385 2743 1493 2799 antem
1516 2745 1641 2819 negant
1661 2756 1697 2799 11
1718 2735 1818 2801 fuisse
1840 2736 1956 2801 oblitos
1975 2736 2048 2815 Dei,
2071 2737 2147 2820 quia
2169 2758 2223 2803 res

227 2842 361 2887 amane
379 2839 482 2901 usque
500 2818 541 2882 ad
560 2839 741 2902 vesperam,
760 2819 812 2885 vel
830 2841 890 2902 pro
908 2820 1034 2885 dierum
1052 2840 1197 2886 recursu.
1250 2819 1409 2884 adversae
1438 2819 1564 2885 coelum
1595 2820 1833 2903 quodammodo
1862 2820 2065 2896 obnubilant,
2095 2834 2132 2887 ut
2157 2822 2223 2888 Dei

226 2905 398 2973 Utramvis
427 2904 663 2989 expositionem
693 2905 809 2988 eligas,
840 2926 968 2972 summa
996 2915 1045 2972 est
1071 2907 1198 2971 nullum
1251 2906 1409 2970 memoria
1431 2904 1526 2971 facile
1540 2907 1635 2972 nubis
1649 2905 1833 2984 intercidat,
1856 2908 1936 2972 acsi
1957 2906 2053 2991 longe
2075 2929 2223 2974 essemus

227 3014 298 3058 esse
320 2990 479 3056 malorum
501 2991 611 3055 finem.
656 2989 753 3071 Quod
776 2992 896 3057 iterum
919 3001 1065 3057 mutatur
1084 3012 1199 3058 nume·
1251 2991 1292 3055 ab
1321 3011 1359 3055 eo
1390 2990 1496 3057 divisi.
1547 2991 1687 3057 Addunt
1714 3012 1749 3055 se
1777 3015 1844 3057 non
1875 2992 1974 3058 fuisse
2006 2993 2139 3059 fallaces
2168 2994 2223 3060 vel

226 3099 292 3153 rus,
317 3074 398 3141 nihil
422 3075 553 3141 absurdi
576 3081 635 3152 est,
667 3078 791 3161 concipi
818 3078 920 3144 totius
949 3079 1102 3146 ecelesiae
1132 3099 1199 3143 ser·
1245 3076 1387 3159 perfidos
1408 3078 1443 3142 ira
1463 3079 1530 3143 eius
1549 3079 1680 3159 foedere,
1710 3079 1787 3159 quia
1807 3089 1887 3145 tuno
1909 3080 2061 3156 maxime,
2083 3091 2121 3145 ut
2143 3078 2223 3156 dixi,

226 3183 358 3229 monem
386 3161 478 3245 qnasi
500 3163 534 3225 in
556 3181 695 3243 persona
724 3163 820 3229 unius
843 3163 993 3230 hominis.
1039 3164 1200 3247 Sequitur
1251 3164 1412 3247 retegitur
1434 3162 1604 3229 hominum
1623 3162 1784 3247 impietas,
1807 3164 1864 3230 ubi
1881 3175 2010 3247 praeter
2028 3165 2130 3230 animi
2148 3187 2224 3231 sen·

225 3258 339 3333 postea
359 3270 418 3315 our
440 3246 562 3330 pudore
584 3247 692 3314 obruti
715 3249 844 3314 vultum
867 3258 899 3314 11
917 3251 1027 3317 oculos
1050 3250 1199 3316 attollere
1252 3250 1388 3313 tentiam
1423 3261 1610 3333 urgentur*
1642 3250 1755 3317 Tertio
1784 3270 1836 3315 eor
1867 3271 1962 3315 suum
1992 3265 2115 3334 negant
2141 3257 2224 3316 retro

226 3357 291 3401 non
330 3334 488 3399 audeant:
529 3332 606 3415 quia
644 3333 736 3399 nulla
753 3383 756 3387 .
771 3334 868 3400 datur
903 3356 922 3401 1
951 3337 1134 3418 petulantia
1166 3346 1201 3401 et
1251 3335 1351 3400 fuisse
1371 3355 1510 3400 versum.
1544 3336 1716 3402 Postremo
1735 3356 1864 3418 preessae
1884 3356 2034 3402 11111111
2051 3336 2225 3403 declinasse

226 3420 370 3486 hostium
404 3418 561 3484 conviciis
594 3420 774 3501 respiratio.
830 3421 916 3493 Nam
946 3423 974 3485 si
1004 3423 1199 3506 permissum
1234 3442 1274 3485 'a
1295 3419 1360 3486 Dei
1386 3421 1516 3485 11111111.
1561 3421 1646 3487 Nam
1676 3423 1773 3486 sicuti
1802 3421 1946 3504 quotidie
1975 3442 2034 3485 nos
2053 3421 2149 3487 'Dens
2175 3424 2223 3487 in-

227 3506 342 3570 fuisset
366 3505 400 3568 in
423 3503 565 3569 latebras
587 3526 622 3569 se
644 3504 770 3590 abdere,
800 3507 1012 3573 devorassent
1033 3516 1199 3591 utcunque
1254 3506 1346 3583 vitat,
1375 3509 1422 3572 sio
1444 3508 1541 3572 corda
1570 3519 1684 3573 nostra
1712 3527 1840 3589 semper
1862 3508 1903 3572 ad
1926 3508 1997 3573 eius
2021 3510 2225 3591 vocationem

226 3593 261 3657 in
291 3590 421 3655 silentio
451 3611 528 3656 snas
559 3589 721 3656 miserias:
755 3592 812 3657 sed
843 3592 965 3658 vulnus
998 3593 1197 3676 duplicatum
1252 3592 1378 3656 intenta
1399 3613 1469 3658 esse
1492 3591 1594 3659 decet.
1639 3594 1729 3659 Hinc
1751 3593 1897 3675 sequitur
1918 3594 2049 3657 riarum
2073 3593 2223 3660 directio:

176 3721 179 3728 -
227 3689 291 3757 est,
321 3696 420 3758 quum
444 3683 595 3758 proterve
624 3676 801 3743 illuderent
830 3677 947 3744 hostes.
991 3678 1091 3743 Hunc
1120 3699 1199 3763 ergo
1252 3677 1330 3759 quia
1358 3679 1506 3762 externis
1535 3681 1687 3761 operibus
1716 3688 1749 3743 et
1778 3691 1846 3744 tota
1872 3678 1941 3744 vita
1969 3691 2144 3756 testamur,
2173 3699 2225 3744 eor

227 3763 391 3828 malorum
421 3759 588 3825 cumulum
617 3761 679 3827 sibi
699 3763 888 3846 impositum
917 3784 988 3829 1111
1011 3763 1199 3847 deplorent:
1250 3767 1390 3828 meeum
1411 3762 1482 3828 Deo
1505 3764 1629 3829 sincero
1652 3764 1818 3830 addictum
1840 3785 1922 3830 esse.
1957 3763 2022 3830 Ubi
2045 3765 2139 3846 posui
2161 3784 2225 3829 111

228 3846 314 3931 quod
336 3845 464 3912 assidue
481 3855 643 3931 cogantur
660 3849 778 3932 probra
793 3859 826 3914 et
842 3848 1058 3933 blasphemias
1076 3849 1198 3929 audire,
1250 3846 1417 3913 declinavit
1434 3867 1572 3932 pressae,
1594 3850 1698 3915 altera
1720 3851 1819 3914 etiam
1837 3872 1857 3914 a
1874 3849 2066 3933 quibusdam
2086 3848 2224 3916 affertur

229 3943 263 3997 et
292 3931 401 3999 hostes
430 3952 506 3998 suos
535 3943 653 3999 vocant
682 3935 819 4014 ultores,
853 3954 917 4019 quo
951 3936 1083 4001 nomine
1112 3937 1198 4018 apud
1252 3933 1430 4015 probabilis
1453 3932 1557 4012 lectio,
1579 3933 1755 4000 Decliuare
1772 3936 1876 4002 fecisti
1894 3956 2044 4020 gressum
2063 3949 2223 4001 nost-rum.

228 4017 397 4084 Hebraeos
415 4018 614 4085 truculentia
632 4027 664 4084 et
679 4021 853 4088 erudelitas
871 4030 1006 4087 notatur
1020 4042 1094 4088 oum
1110 4020 1198 4089 11111
1252 4018 1336 4083 Nam
1355 4029 1389 4084 et
1405 4020 1540 4084 verbum
1559 4032 1619 4100 mn
1638 4021 1809 4086 transitive
1826 4029 1934 4104 potest
1951 4020 2062 4103 accipi,
2080 4032 2114 4087 et
2133 4021 2223 4087 nulla

229 4102 409 4178 coniuncta,
433 4105 520 4175 siout
541 4104 684 4169 diximus
706 4107 839 4173 Psalmo
863 4107 913 4173 19.
1251 4105 1382 4189 negatio
1412 4106 1553 4187 ponitur,
1582 4126 1768 4189 quanquam
1800 4106 1840 4171 de
1868 4128 1966 4174 sensu
1996 4106 2037 4172 ab
2064 4105 2131 4173 illia
2161 4107 2224 4173 dis

317 4189 367 4254 18.
397 4186 523 4272 (Totum
552 4189 737 4277 1111111111.)
781 4191 893 4273 Quum
922 4192 1012 4274 prius
1039 4192 1111 4257 Deo
1142 4193 1199 4258 ad·
1251 4190 1368 4265 sentio,
1390 4190 1466 4274 quia
1482 4189 1589 4255 lecum
1607 4191 1694 4258 huno
1717 4202 1909 4274 comparant
1930 4213 2004 4259 oum
2023 4192 2081 4258 illo
2097 4192 2223 4259 Iesaiae

229 4273 421 4358 scripserint
436 4272 593 4356 quidquid
609 4277 818 4359 patiebantur
832 4277 1001 4356 malorum,
1018 4278 1045 4343 si
1063 4298 1149 4343 nunc
1164 4298 1199 4343 se
1251 4274 1383 4352 63,17;
1421 4273 1531 4355 Quare
1559 4296 1620 4342 nos
1648 4299 1757 4343 errare
1786 4279 1889 4343 fecisti
1922 4286 1956 4344 ut
1983 4298 2050 4343 111
2077 4278 2223 4344 ambule-

229 4360 394 4426 immerito
411 4359 514 4443 affligi
532 4360 650 4436 dicant,
668 4361 778 4427 Deum
794 4362 988 4428 insimulent
1003 4363 1198 4428 iniustitiae:
1251 4382 1324 4425 mue
1351 4361 1385 4425 in
1411 4360 1475 4425 riis
1505 4360 1593 4426 tuis?
1628 4362 1743 4429 Potius
1769 4364 1855 4428 enim
1885 4364 1949 4430 huc
1980 4362 2085 4429 tendit
2115 4365 2221 4448 queri·

231 4447 278 4510 ita
307 4447 372 4511 iam
402 4465 467 4509 non
497 4457 611 4510 111111
639 4457 726 4511 esset
754 4449 914 4530 precatio,
949 4448 1014 4513 imo
1042 4448 1200 4531 sacrilega
1251 4446 1369 4522 monia,
1399 4447 1551 4528 qnoniam
1575 4448 1664 4514 Deus
1694 4470 1828 4514 manum
1858 4471 1950 4516 suam
1980 4450 2020 4515 ab
2049 4449 2117 4515 illis
2146 4450 2221 4515 sub·

231 4530 445 4614 blasphemia.
489 4528 557 4596 Sed
578 4529 756 4596 notandum
779 4543 836 4612 111,
865 4531 985 4616 fideles,
1015 4533 1142 4599 etiamsi
1164 4535 1197 4597 in
1251 4531 1393 4607 duxerit,
1417 4532 1534 4597 misera
1554 4553 1611 4614 per
1633 4534 1726 4600 devia
1747 4555 1882 4611 errasse,
1903 4555 1981 4600 nam
2002 4536 2138 4600 semitae
2161 4535 2221 4600 Dei

231 4617 299 4682 suis
321 4618 418 4682 rebus
440 4614 585 4680 adversis
615 4624 744 4697 apertas
771 4636 884 4683 causas
906 4638 970 4683 non
993 4619 1198 4702 perspiciant,
1251 4637 1317 4680 non
1339 4637 1467 4698 semper
1489 4618 1674 4684 referuntur
1695 4621 1736 4685 ad
1760 4619 1951 4702 doctrinam,
1973 4621 2030 4687 sed
2048 4620 2089 4685 ad
2106 4642 2221 4688 secun·

231 4723 365 4767 manere
395 4712 505 4766 tamen
534 4701 569 4765 iu
598 4699 659 4765 ho'c
688 4701 848 4785 principio
879 4704 1018 4782 defixos,
1050 4715 1199 4770 constare
1251 4701 1310 4765 dos
1332 4711 1365 4765 et
1386 4701 1545 4784 optabiles
1568 4714 1714 4772 eventus.

232 4786 304 4852 Deo
327 4787 485 4851 rationem
508 4807 567 4852 cur
587 4805 642 4852 eos
660 4795 726 4850 tam
746 4807 858 4853 severe
876 4798 909 4853 et
927 4789 1051 4853 duriter
1072 4796 1225 4871 tractet„
1336 4786 1388 4851 20.
1421 4783 1729 4869 (Licetcontriveria
1757 4790 1836 4877 111.)
1884 4790 2054 4858 Particula
2081 4791 2220 4858 causalis

233 4870 340 4937 Simul
365 4883 473 4936 tamen
504 4881 617 4937 notare
646 4891 763 4957 operae
792 4874 934 4955 pretium
964 4882 1028 4954 est,
1057 4873 1198 4938 hicnon
1251 4882 1291 4952 1)
1315 4872 1366 4937 val
1389 4869 1424 4935 in
1446 4872 1683 4940 adversativam
1707 4877 1826 4943 resolvi
1850 4877 1954 4961 debet,
1976 4878 2028 4943 vel
2052 4881 2086 4943 in
2110 4878 2221 4944 adver·

232 4955 272 5020 de
303 4966 450 5040 tempore
483 4958 658 5042 praeterito
687 4958 788 5024 verba
821 4960 906 5036 lieri,
940 4959 999 5025 sod
1026 4959 1134 5042 potius
1165 4959 1198 5022 in
1253 4957 1341 5020 bium
1363 4958 1528 5040 temporis.
1573 4960 1759 5027 (inhaerent
1780 4963 1868 5027 enim
1890 4962 1924 5027 hi
1948 4975 2014 5029 tres
2036 4984 2164 5037 versus,
2190 4976 2221 5026 et

233 5041 377 5106 medium
410 5044 547 5126 proferri
584 5043 808 5124 tolerantiam,
849 5065 931 5127 quae
964 5063 1030 5110 non
1065 5044 1199 5127 vulgare
1252 5041 1372 5123 pendet
1400 5045 1563 5108 sententia
1592 5067 1694 5129 usque
1723 5047 1763 5111 ad
1790 5048 1882 5112 illam
1909 5048 2105 5115 clausulam:
2136 5048 2220 5130 Quia

1252 5128 1320 5208 ipse
1343 5126 1433 5190 novit
1453 5128 1641 5196 abscondita
1662 5131 1778 5198 cordis.
1811 5133 1966 5200 Pluribus
1984 5142 2095 5200 antem
2113 5133 2219 5200 verbis

320 5229 349 5298 *)
360 5232 580 5300 journellement,
596 5246 630 5286 en
646 5247 751 5301 moros:
768 5250 802 5287 on
820 5237 880 5286 tout
897 5233 923 5285 le
936 5233 1007 5301 jour.
1253 5211 1390 5303 recitant
1413 5212 1497 5297 quod
1520 5237 1625 5300 nuper
1645 5216 1796 5298 vidimus,
1819 5220 1946 5286 etiamsi
1968 5221 2005 5286 in
2020 5220 2219 5304 profundum
