4672 5864
77 354 120 417 53
924 352 1141 420 PSALMUS
1164 355 1227 421 111.
2036 358 2079 423 54

163 542 266 607 Docet
295 563 388 607 sacra
411 541 548 606 historia
571 561 637 606 uon
660 540 756 606 modo
777 541 868 623 regia
890 548 1051 622 potestate
1102 541 1137 607 in
1156 554 1315 609 concentu
1335 545 1443 609 notari
1461 553 1587 627 putant.
1633 544 1831 627 Quanquam
1849 544 1947 610 simul
1967 554 2077 610 tenen·

76 638 214 693 exutum
232 629 332 693 luisse
351 627 525 704 Davidem,
549 624 607 692 sed
626 626 668 690 ab
686 626 838 690 omnibus
856 625 924 690 iere
942 626 1050 690 deser·
1102 627 1181 691 dum
1204 640 1262 706 est,
1285 628 1424 696 cauendi
1446 630 1594 695 modulos
1612 631 1796 694 sententiae
1817 639 1945 713 aptatos
1963 629 2076 710 fuisse,

76 725 165 777 tum:
188 724 227 777 nt
248 712 385 777 totidem
407 713 476 777 fere
498 712 634 777 haberet
653 711 773 786 hostes,
796 720 878 793 quot
895 709 1050 775 subditos.
1102 722 1198 794 atqua
1227 715 1275 777 ita
1304 726 1495 779 concentum
1519 735 1593 779 cum
1616 734 1661 790 re,
1694 714 1747 780 vel
1770 714 1916 781 subiecta
1938 717 2077 782 materia

77 797 274 880 Quanquam
298 799 386 861 enim
408 798 582 880 profugum
605 797 758 869 comitati¹
771 807 849 862 sunt
867 797 959 878 pauci
979 796 1051 877 qui·
1102 795 1153 882 (ut
1175 798 1367 884 loquuntur)
1391 801 1491 865 irrisae
1513 799 1734 874 coniunctum,
1757 802 1854 866 sicuti
1877 822 1965 866 nunc
1988 814 2076 883 post-

76 883 153 948 dam
184 883 297 947 fideles
320 884 427 957 amici,
461 903 526 948 non
551 894 617 946 tam
641 903 752 946 corum
776 882 930 957 custodia,
953 900 1051 961 quam
1102 903 1198 964 quam
1228 895 1425 966 conquestus
1459 896 1509 950 est
1537 884 1647 949 David
1677 906 1768 965 spem
1799 907 1893 950 suam
1923 886 2076 968 probrose

75 969 197 1034 deserti
219 969 354 1033 latebris
376 978 467 1033 tutus
490 967 603 1033 evasit.
631 967 744 1048 Quare
765 988 830 1030 nou
852 968 972 1030 mirum
990 973 1040 1030 ast
1101 969 1202 1033 fuisse
1224 968 1375 1047 derisam,
1398 991 1435 1035 ao
1457 971 1484 1035 si
1507 969 1590 1033 nihil
1613 991 1688 1033 enm
1711 971 1844 1036 iuvaret
1866 991 1885 1033 a
1907 972 1980 1035 Deo
2001 992 2075 1052 pro·

76 1055 205 1119 obiecta
233 1054 290 1118 illa
312 1053 524 1117 multitudine
546 1053 646 1118 fuisse
669 1052 837 1116 territum:
868 1051 946 1134 quia
968 1014 1050 1115 nihil
1101 1056 1177 1136 tegi,
1207 1057 1241 1118 iu
1263 1054 1326 1120 hac
1349 1055 1552 1138 blasphemia
1573 1054 1704 1131 insistit,
1733 1076 1815 1137 quae
1838 1057 1909 1121 eius
1929 1057 2075 1120 animum

76 1142 182 1224 magis
203 1141 408 1222 inopinatum
432 1139 577 1203 accidere
597 1139 713 1221 potuit,
735 1158 833 1219 quum
856 1144 923 1200 tam
943 1138 1050 1201 subita
1101 1140 1247 1221 graviter
1269 1141 1480 1205 vulnerabat:
1502 1141 1599 1204 sicuti
1622 1140 1821 1221 paulopost,
1845 1141 1902 1204 ubi
1921 1140 1982 1205 sibi
2001 1141 2075 1205 sub·

76 1225 226 1291 defectio.
273 1223 338 1291 Sed
367 1244 461 1288 rarae
490 1224 565 1288 fidei
594 1225 725 1306 signum
749 1224 819 1300 fuit,
849 1219 936 1304 quod
957 1230 1048 1285 tanto
1101 1225 1177 1288 iecit
1194 1223 1331 1291 fiduciae
1351 1226 1641 1307 confirmationem,
1664 1225 1801 1289 eandem
1821 1246 1936 1291 vocem
1953 1227 2073 1290 iterum

74 1320 167 1375 metu
197 1311 375 1392 perculsus,
406 1310 641 1390 querimoniam
672 1327 767 1373 suam
796 1308 829 1370 in
854 1307 915 1372 Dei
939 1308 1050 1370 sinum
1099 1317 1233 1392 repetet

75 1395 239 1479 deponere
262 1415 359 1459 ausus
382 1405 440 1458 est.
486 1395 531 1458 Et
552 1401 639 1458 certe
660 1393 722 1458 hoc
743 1393 876 1458 unicum
895 1391 1048 1456 sedandis
1073 1398 1076 1469 l

74 1483 196 1545 nostris
219 1481 389 1545 timoribus
412 1478 592 1544 remedium
616 1488 675 1561 est,
699 1477 857 1560 quidquid
877 1499 936 1543 uos
954 1498 1048 1543 cura·
1188 1482 1218 1546 4.
1243 1480 1287 1545 Et
1308 1487 1344 1546 tu
1366 1481 1494 1563 Iebouc,
1516 1479 1641 1560 depae
1662 1499 1695 1544 ce
1710 1498 1772 1561 pro
1792 1500 1852 1559 me,
1871 1480 1976 1563 pierio
1997 1501 2076 1560 nico,

73 1586 149 1630 rum
181 1567 282 1655 ungu,
312 1567 347 1629 iu
370 1585 444 1629 eum
468 1565 617 1629 reiicere:
648 1564 745 1629 sicuti
769 1565 913 1628 vicissim
936 1565 991 1644 qui
1012 1584 1047 1628 se
1100 1567 1295 1631 desudans
1316 1571 1410 1647 cape
1430 1584 1543 1630 meum
1587 1564 1616 1629 ὅ.
1647 1563 1723 1630 Voce
1743 1584 1812 1631 mco
1834 1565 1877 1630 od
1899 1565 2076 1630 Domuum

73 1653 116 1716 ab
139 1672 177 1715 ao
197 1651 316 1734 respici
338 1671 405 1714 nou
427 1658 553 1732 putant,
586 1658 767 1733 prostratos
789 1651 894 1713 iacere
917 1667 1048 1713 neeesse
1099 1648 1235 1716 mot
1262 1657 1290 1717 et
1318 1652 1480 1716 woadivs't
1508 1669 1556 1715 ms
1588 1649 1627 1714 de
1654 1654 1754 1715 mode
1781 1651 1958 1717 sendimus
1987 1670 2075 1715 uiue.

73 1744 132 1801 est
177 1735 308 1800 Deinde
337 1735 482 1799 hostium
505 1754 639 1800 suorum
662 1732 849 1816 superbiam
872 1734 993 1798 clarius
1015 1743 1049 1799 et
1102 1733 1207 1800 Sciat.

72 1823 179 1904 magis
202 1821 386 1902 emphatice
408 1821 572 1903 exprimit,
598 1818 687 1901 quod
710 1819 772 1883 sibi
794 1818 954 1884 insultent
975 1829 1048 1884 tan·

72 1926 172 1989 quam
202 1904 329 1989 perdito
358 1925 396 1968 ac
418 1904 598 1987 desperato.
644 1902 818 1986 Significat
839 1912 949 1968 autem
972 1903 1048 1968 inde
1185 1906 1313 1989 Copula
1356 1907 1390 1971 in
1433 1904 1627 1988 particulam
1673 1905 1917 1970 adversativam
1956 1905 2076 1971 resolvi

70 1991 141 2056 illis
169 1992 311 2056 oravisse
340 1990 519 2064 audaciam,
553 1991 629 2072 quia
657 1988 769 2054 aDeo
792 1989 954 2054 abiectum
977 2010 1048 2054 esse
1100 1991 1204 2069 debet,
1227 1992 1303 2074 quia
1325 1989 1434 2056 David
1461 1991 1593 2074 plenam
1612 1990 1751 2055 fiduciae
1768 2009 1881 2055 vocem
1899 1989 2076 2073 sacrilegae

71 2077 284 2142 confiderent.
330 2075 431 2140 Forte
449 2077 549 2138 etiam
569 2076 621 2140 hic
640 2074 750 2138 verbis
768 2075 898 2155 oblique
916 2082 1048 2136 notatur
1100 2075 1245 2141 hostium
1275 2076 1464 2158 proterviae
1496 2094 1675 2159 opponens,
1709 2074 1866 2158 quidquid
1897 2075 2077 2157 loquantur

70 2182 186 2226 eorum
208 2162 370 2244 impietas,
393 2161 477 2242 quod
496 2179 555 2241 pro
574 2158 678 2223 nihilo
696 2159 853 2224 ducerent
870 2157 935 2222 Dei
954 2160 1047 2222 auxi·
1098 2160 1157 2236 illi,
1189 2181 1224 2225 aa
1254 2161 1469 2227 nihilominus
1490 2161 1526 2224 in
1549 2159 1613 2224 Dei
1636 2161 1773 2226 verbum
1798 2159 1989 2225 recumbere
2011 2173 2076 2225 tes·

70 2248 153 2312 lium
176 2248 209 2310 in
232 2266 320 2330 rege,
342 2265 440 2326 quem
462 2244 615 2326 elegerat,
639 2243 808 2308 servando.
854 2243 964 2325 Atque
986 2243 1048 2307 hoo
1099 2252 1198 2310 tatur.
1241 2246 1357 2322 Porro,
1379 2256 1503 2311 certam
1526 2265 1618 2326 spem
1640 2244 1845 2310 liberationis
1867 2246 1960 2328 prius
1979 2245 2020 2310 ab
2038 2266 2076 2312 eo

69 2332 252 2398 secundum
270 2332 376 2414 magis
394 2330 559 2413 probabile
574 2339 639 2394 ost:
660 2348 765 2410 neque
786 2328 873 2392 enim
890 2327 1046 2394 Absalom
1098 2329 1199 2397 fuisse
1221 2341 1412 2414 conceptam
1434 2328 1511 2394 hinc
1533 2339 1679 2411 apparet,
1701 2329 1789 2412 quod
1811 2329 1904 2394 nulla
1924 2332 1961 2394 lit
1979 2333 2075 2397 casti·

69 2416 135 2482 Dei
166 2418 313 2482 laveram
335 2416 399 2480 sibi
421 2415 583 2498 pollicitus
605 2424 664 2490 est,
695 2414 751 2478 sed
775 2414 953 2495 praeterita
975 2415 1046 2477 eius
1099 2416 1241 2496 gationis
1270 2415 1335 2481 Dei
1364 2436 1464 2480 manu
1493 2414 1637 2478 inflictae
1667 2416 1801 2478 mantio.
1846 2413 1937 2493 Quin
1966 2418 2075 2497 potius

69 2506 209 2582 ratione,
240 2502 411 2567 victoriam
435 2521 476 2564 ex
499 2503 567 2564 suis
590 2499 714 2565 viribus
736 2501 890 2581 speravit.
935 2498 1044 2564 David
1099 2501 1164 2565 Dei
1185 2500 1307 2566 auxilio
1335 2500 1441 2565 fretus
1469 2498 1615 2564 animose
1637 2517 1711 2563 cum
1735 2498 1885 2563 hostibus
1907 2500 1975 2564 suis
1997 2522 2074 2565 con·

69 2608 150 2672 ergo
172 2608 248 2651 eum
271 2597 304 2651 at
325 2587 467 2667 reliquos
489 2587 536 2649 ita
557 2585 726 2667 loquentes
743 2584 892 2649 consulto
908 2583 1044 2662 inducit,
1098 2585 1254 2670 graditur,
1296 2587 1352 2669 qui
1391 2583 1577 2668 legitimum
1616 2604 1726 2667 regem
1767 2603 1785 2648 e
1820 2585 1901 2650 solio
1935 2584 2074 2649 deiicere

69 2681 109 2737 ut
138 2671 291 2738 ostendat
318 2672 455 2736 immani
488 2679 521 2734 et
550 2669 688 2735 barbaro
711 2668 774 2733 Dei
797 2679 988 2751 contemptu
1011 2673 1044 2733 in
1100 2671 1255 2748 volentes,
1293 2670 1431 2752 impium
1467 2679 1501 2734 et
1527 2667 1724 2734 sceleratum
1755 2669 1875 2733 bellum
1905 2669 2073 2752 gerebant.

69 2759 214 2824 furorem
238 2758 386 2835 animari,
408 2758 489 2822 acsi
512 2775 633 2837 susque
656 2755 759 2837 deque
781 2753 938 2820 ducerent
960 2755 1045 2836 quod
1099 2756 1250 2838 Denique
1272 2756 1401 2838 culpam
1421 2775 1513 2819 suam
1533 2763 1610 2818 ante
1628 2752 1806 2829 confessus,
1829 2756 1961 2820 nonnisi
1979 2775 2074 2837 prae·

69 2845 168 2908 toties
186 2842 378 2907 mirabiliter
395 2851 528 2924 ereptus
546 2852 632 2905 esset
650 2861 692 2904 ex
711 2841 865 2904 maximis
882 2840 1043 2922 perieulis.
1098 2849 1224 2906 sentem
1259 2861 1391 2905 causam
1428 2839 1594 2922 expendit.
1640 2838 1698 2904 Sic
1733 2840 1820 2902 enim
1856 2840 1920 2903 Dei
1950 2860 2074 2920 servos,

68 2928 157 2994 Nam
188 2930 248 2992 etsi
277 2927 370 3009 impii
397 2924 474 2991 dum
504 2928 683 3010 insurgunt
704 2926 743 2990 ad
768 2946 829 2989 nos
851 2923 1044 3006 perdendos,
1097 2926 1153 2990 ubi
1183 2925 1225 2990 ab
1254 2924 1413 3008 improbis
1445 2934 1618 2999 vexantur,
1656 2936 1829 3006 postquam
1861 2923 1902 2988 de
1930 2925 2073 3006 peccatis

68 3034 136 3078 non
159 3013 268 3095 palam
290 3032 329 3076 co
351 3010 546 3075 insolentiae
569 3021 787 3093 prorumpunt
809 3019 847 3073 ut
870 3010 932 3074 Dei
954 3011 1045 3074 favo·
1097 3012 1166 3076 suis
1188 3011 1420 3094 ingemuerint,
1449 3020 1484 3074 et
1505 3009 1695 3092 suppliciter
1716 3010 1924 3091 confugerint
1945 3010 1987 3073 ad
2009 3011 2073 3075 Dei

68 3108 276 3181 remnegent
293 3097 470 3179 quidquam
488 3096 583 3161 nobis
594 3095 820 3179 profuturum:
839 3096 915 3176 quia
933 3104 1044 3160 tamen
1096 3097 1362 3173 misericordiam,
1384 3095 1425 3159 ad
1448 3096 1631 3176 praesentis
1652 3113 1769 3159 causae
1785 3093 1943 3158 intuitum
1963 3095 2074 3161 oculos

69 3182 125 3248 vel
147 3183 298 3249 fortunae
320 3182 471 3246 tribuunt
491 3182 610 3253 omnia.
633 3181 686 3245 val
709 3191 748 3244 ut
766 3182 903 3262 quisque
918 3180 1045 3247 viribus
1096 3181 1220 3245 referre
1242 3179 1344 3258 decet,
1377 3191 1416 3243 ut
1438 3199 1504 3243 non
1526 3177 1677 3243 dubitent
1699 3177 1760 3242 sibi
1784 3178 1918 3260 indigna
1941 3180 2073 3245 vexatis

67 3267 182 3351 pollet,
203 3288 279 3332 enm
303 3275 456 3332 statuunt
476 3266 544 3330 lore
567 3260 734 3344 victorem,
759 3277 794 3330 et
815 3265 888 3329 ideo
910 3285 971 3348 per
992 3265 1043 3331 fas
1095 3264 1205 3329 Deum
1225 3265 1295 3328 fore
1312 3265 1505 3329 adiutorem.
1550 3263 1750 3328 Praesertim
1769 3262 1827 3325 nbi
1845 3282 1905 3344 per
1922 3263 2071 3344 ipserum

66 3363 103 3418 et
133 3354 225 3418 nefas
258 3350 439 3434 intrepride
473 3362 584 3430 ruunt,
617 3349 703 3432 quod
736 3349 802 3414 illis
835 3349 971 3430 perinde
999 3353 1044 3416 sit
1095 3350 1262 3414 molestias
1284 3348 1349 3413 Dei
1371 3350 1494 3413 veritas
1515 3360 1734 3431 oppugnatur,
1758 3348 1820 3411 hac
1837 3345 1959 3412 fiducia
1976 3369 2069 3432 mag·

66 3439 179 3504 Duum
209 3438 330 3503 habere
358 3438 489 3519 iratum,
519 3435 572 3502 vel
593 3436 784 3517 propitium:
817 3435 894 3498 hinc
915 3442 1043 3500 constat
1094 3437 1190 3499 nifioe
1212 3436 1247 3499 in
1269 3434 1409 3500 sublime
1430 3434 1539 3499 afferri
1561 3431 1664 3510 decet,
1687 3433 1823 3498 minime
1842 3432 1979 3497 dubium
1997 3454 2070 3500 esse

65 3522 166 3588 nihili
200 3524 240 3587 ab
274 3523 321 3588 ais
352 3522 517 3587 aestimari
548 3521 637 3585 illius
669 3521 810 3602 gratiam
840 3535 872 3583 et
901 3519 1041 3584 ludibrio
1093 3521 1173 3602 quin
1196 3521 1288 3585 Deus
1311 3519 1562 3603 promissionum
1584 3538 1718 3583 suarum
1741 3517 1839 3583 fidem
1861 3525 1977 3584 eontra
1994 3540 2069 3602 per·

68 3608 183 3673 haberi
204 3607 329 3688 fideles,
351 3628 389 3672 ac
410 3608 437 3672 si
460 3604 544 3670 nihil
567 3605 742 3688 prodesset,
773 3603 834 3668 sub
857 3605 918 3668 Dei
940 3625 1041 3669 mauu
1092 3604 1174 3670 fidos
1197 3605 1376 3670 nebulones
1399 3614 1532 3669 asserat.
1577 3603 1663 3670 Nam
1685 3603 1809 3686 alioqui
1830 3603 1934 3668 videri
1959 3614 2067 3687 posset

65 3702 104 3758 et
124 3692 273 3760 custodia
296 3714 377 3757 esse.
420 3691 517 3771 Quod
540 3698 678 3755 vertunt
699 3689 849 3771 quidam:
872 3689 970 3753 multi
994 3690 1039 3755 di·
1093 3691 1204 3756 David
1240 3691 1320 3755 haec
1354 3691 1414 3755 sibi
1448 3690 1527 3754 falso
1560 3708 1724 3771 arrogare,
1759 3708 1861 3770 quum
1894 3708 1930 3753 se
1955 3692 2064 3772 ipsum

64 3787 150 3844 eunt
181 3778 222 3844 de
255 3778 365 3949 prima
397 3797 479 3855 mea,
512 3778 677 3859 praesenti
709 3773 779 3839 loco
801 3793 867 3838 non
890 3773 1039 3856 quadrat.
1092 3775 1156 3839 Dei
1185 3775 1293 3859 gloria
1322 3784 1355 3839 et
1386 3775 1509 3839 auxilio
1538 3775 1704 3852 nudasset,
1741 3793 1856 3837 verum
1885 3774 1963 3855 quia
1990 3794 2064 3856 per·

63 3863 155 3930 Nam
183 3864 244 3929 atsi
322 3863 383 3928 hoc
404 3883 503 3927 sensu
525 3859 689 3925 interdum
712 3859 841 3941 capitur
862 3859 947 3941 apud
970 3860 1038 3925 He-
1091 3881 1206 3925 suasus
1235 3870 1286 3925 est
1313 3880 1380 3923 non
1410 3877 1545 3940 prorsus
1575 3879 1610 3923 se
1638 3858 1799 3922 excidisse
1821 3859 1969 3941 agretia
1991 3859 2065 3940 Dei,

63 3950 193 4027 bracos,
222 3948 298 4032 plus
326 3957 437 4012 tamen
465 3946 588 4029 aliquid
612 3944 796 4026 exprimere
818 3964 906 4008 uuna
930 3945 1038 4009 David
1090 3946 1171 4029 quin
1194 3952 1258 4010 stet
1280 3943 1386 4009 adhuc
1403 3944 1500 4007 firma
1517 3942 1647 4007 electio:
1669 3940 1743 4006 ideo
1763 3941 1909 4006 animum
1927 3945 2067 4010 resumit

62 4034 180 4112 voluit,
203 4054 322 4115 nempe
344 4052 404 4097 sua
426 4031 616 4115 praecordia
633 4027 870 4112 quodammodo
890 4032 1038 4112 transfigi
1091 4031 1131 4096 ad
1154 4031 1237 4096 bene
1259 4027 1466 4109 sperandum.
1512 4032 1562 4092 Ac
1584 4027 1690 4109 primo
1712 4027 1844 4111 quidem
1866 4027 1975 4095 Deum
1995 4031 2065 4114 cly-

61 4120 211 4186 hostium
240 4118 402 4184 ludibriis.
446 4119 536 4198 Ergo
573 4116 684 4179 anima
716 4113 828 4177 sedem
863 4115 1038 4180 affectuum
1091 4136 1151 4199 peo
1172 4133 1375 4196 comparans,
1406 4134 1442 4178 se
1464 4113 1535 4179 eins
1558 4113 1682 4178 virtute
1704 4112 1869 4177 munitum
1891 4115 2065 4196 intelligit:

60 4204 150 4270 mihi
178 4206 351 4289 significat.
395 4203 505 4284 Atque
525 4202 603 4266 huic
625 4199 806 4265 sententiae
828 4219 870 4263 ex
892 4201 1039 4282 opposito
1089 4201 1167 4265 hine
1190 4200 1288 4263 etiam
1312 4197 1437 4280 colligit
1454 4197 1593 4262 eundem
1612 4219 1683 4263 esse
1701 4219 1794 4263 suam
1810 4197 1965 4279 gloriam:
1989 4205 2066 4285 quia

60 4289 242 4373 respondet
275 4286 362 4371 quod
397 4286 473 4352 alibi
507 4286 689 4350 videbimus
722 4284 777 4348 Ps.
812 4284 863 4360 35,
898 4285 934 4348 3:
975 4284 1040 4350 Dio
1089 4285 1199 4368 regiae
1229 4282 1401 4365 dignitatis
1430 4304 1494 4365 qua
1515 4285 1624 4367 ipsum
1648 4282 1800 4366 dignatus
1822 4293 1901 4364 erat,
1935 4286 2065 4352 futurus

61 4375 196 4439 animae
219 4393 319 4453 meae,
344 4372 441 4438 Salus
464 4380 521 4435 tua
535 4390 595 4453 ego
614 4391 698 4435 sum.
733 4367 838 4433 Docet
854 4370 958 4452 igitur
979 4391 1038 4435 suo
1090 4371 1134 4434 sit
1163 4377 1305 4434 assertor
1334 4377 1367 4432 et
1389 4378 1506 4434 custos.
1550 4368 1639 4434 Hinc
1661 4369 1781 4434 fiducia
1802 4367 1869 4448 illa,
1898 4378 1936 4434 nt
1958 4374 2064 4454 capite

62 4461 217 4542 exemplo
248 4458 368 4534 David,
400 4455 550 4539 quamvis
580 4477 646 4519 uua
676 4474 757 4519 voce
786 4463 873 4518 totus
895 4454 1038 4519 muudus
1089 4466 1195 4519 erecto
1216 4453 1367 4519 incedere
1389 4453 1519 4519 audeat.

61 4564 126 4609 nos
147 4545 188 4611 ad
213 4544 471 4626 desperationem
493 4540 651 4623 impellat,
675 4541 782 4604 Deum
806 4560 908 4603 unum
928 4541 1037 4623 potius
1176 4540 1206 4606 5.
1230 4539 1331 4623 (Voce
1351 4559 1420 4605 meo
1441 4540 1484 4606 cd
1506 4539 1702 4626 boninum).
1745 4540 1903 4607 Declarut
1924 4565 1959 4609 se
1981 4565 2063 4607 nun·

61 4628 264 4695 audiendum
295 4648 375 4704 esse,
407 4647 445 4692 ao
476 4647 567 4708 spem
598 4626 715 4690 salutis
737 4626 777 4688 ab
800 4645 837 4687 eo
860 4626 1037 4707 promissae
1088 4645 1187 4708 qnam
1215 4626 1263 4690 ita
1285 4625 1424 4690 fractum
1447 4626 1547 4691 luisse
1569 4629 1667 4691 rebus
1690 4625 1846 4701 adversis,
1881 4628 1932 4693 vel
1954 4629 2063 4709 impiis

60 4734 195 4798 semper
212 4734 284 4779 esse
301 4716 392 4778 intus
409 4712 599 4778 fovendam:
619 4721 652 4774 et
671 4712 747 4792 quie
764 4710 890 4773 animas
908 4723 1036 4775 nostras
1088 4711 1236 4776 ludibriis
1259 4710 1431 4787 deiectum,
1452 4712 1531 4793 quin
1553 4731 1614 4777 sua
1636 4723 1712 4776 vota
1735 4713 1773 4777 ad
1799 4714 1905 4777 Deum
1925 4733 2062 4778 conver·

59 4799 238 4865 confodere
256 4805 389 4863 tentant
404 4797 506 4879 impii,
528 4795 680 4879 precibus
697 4816 769 4860 esse
787 4796 1035 4862 confirmandas.
1088 4805 1182 4861 teret.
1227 4798 1337 4878 Atque
1372 4795 1452 4861 haec
1487 4817 1567 4861 vera
1603 4798 1667 4862 fuit
1698 4797 1775 4863 fidei
1804 4799 1874 4863 eius
1904 4798 2062 4880 probatio,

61 4886 116 4951 De
134 4905 213 4951 voce
231 4884 344 4962 Selah,
366 4902 432 4947 non
451 4883 651 4946 conveniunt
668 4882 754 4944 inter
772 4903 807 4945 se
826 4880 1036 4963 Interpretes.
1088 4882 1172 4963 quod
1203 4901 1275 4946 eam
1309 4881 1473 4964 precando
1495 4884 1640 4947 exercuit
1664 4884 1750 4947 inter
1772 4885 1861 4964 ipsas
1882 4885 2061 4966 augustias.

59 4969 207 5050 Quidam
236 4969 371 5034 tradunt
398 4968 626 5033 affirmationis
655 4977 765 5030 notam
789 4987 869 5045 esse,
903 4976 1037 5032 tantun·
1089 4968 1181 5032 Nihil
1210 4968 1299 5031 enim
1328 4969 1436 5032 minus
1470 4980 1735 5044 consentaneum,
1778 4987 1877 5048 quam
1910 4968 2060 5034 fraenum

59 5055 203 5138 demque
230 5054 341 5119 valere
362 5074 400 5120 ac
429 5052 520 5129 Vere,
544 5065 602 5116 aut
623 5052 740 5116 Amen.
785 5052 852 5116 Alii
874 5054 1038 5135 accipiunt
1088 5052 1234 5117 rodendo
1263 5052 1406 5134 gemitus
1428 5063 1558 5118 nostros
1580 5075 1597 5115 a
1621 5053 1694 5117 Dae
1717 5053 1908 5129 subducere,
1941 5056 1969 5119 si
1992 5059 2062 5122 eius

59 5162 122 5223 pro
144 5140 287 5207 saeculo.
316 5137 383 5205 Sed
406 5140 484 5220 quia
496 5114 594 5222 5⁸70
608 5137 758 5202 attollere
770 5139 941 5220 significat,
960 5159 1036 5221 pro·
1088 5138 1360 5220 promissionibus
1390 5138 1487 5202 fidem
1517 5136 1683 5203 babemus.
1727 5136 1841 5218 Neque
1871 5142 1921 5204 adt
1951 5141 1985 5204 in
2009 5141 2061 5206 his

58 5228 181 5293 babilis
210 5237 260 5291 est
288 5244 402 5291 eorum
425 5225 535 5306 opinio
558 5225 612 5305 qui
637 5223 698 5286 hac
720 5242 797 5287 voce
819 5222 1035 5288 elevationem
1088 5224 1196 5288 verbis
1226 5224 1447 5306 pleonasmos:
1475 5223 1531 5287 sad
1560 5223 1679 5288 diserta
1701 5222 1789 5286 vocis
1811 5244 1891 5289 suae
1913 5227 2063 5291 meminit

1820 5321 1854 5375 4*
