4658 5856
150 331 212 398 ree
755 412 759 421 ι
960 323 1178 394 essenus
1200 323 1334 390 xxvr.
1818 354 1822 363 ·
2074 335 2139 400 aee

148 526 309 585 remotum
332 527 391 585 est.
442 518 531 600 Quia
559 518 648 584 enim
678 538 754 587 rara
782 525 816 582 et
844 516 985 582 difficilis
1014 514 1119 579 virtus
1170 511 1331 595 prodeunt
1352 515 1520 582 mendacia
1542 523 1575 582 et
1596 516 1749 582 fraudes?
1789 518 1842 582 Ita
1860 519 1939 584 scite
1956 519 2038 587 fides
2054 542 2138 605 quae

148 616 208 686 est,
230 626 295 671 non
318 613 448 670 tantum
471 625 506 669 se
527 605 677 670 cohibere
696 625 716 668 a
734 604 913 686 maleficiis,
935 602 990 666 ubi
1008 600 1119 664 omnia
1170 599 1204 662 in
1228 598 1291 663 Dei
1313 603 1542 682 promissiones
1570 606 1699 667 intenta
1720 612 1779 680 est,
1810 605 1966 671 flexuosis
1988 608 2138 676 omnibus

148 691 212 757 huc
233 702 419 774 provocent,
453 689 510 755 sed
532 690 681 756 a-oordis
702 690 892 774 integritate
914 709 980 752 non
1003 685 1119 751 defleo·
1170 693 1204 748 et
1232 687 1341 767 pravis
1369 688 1512 752 consiliis
1544 689 1728 772 opponitur,
1759 689 1875 771 quibus
1907 711 1966 757 nos
1998 692 2139 760 involvit

149 788 227 855 tere,
265 776 409 843 declarat
430 776 599 858 Propheta
620 774 780 858 quomodo
801 777 888 839 inter
909 785 977 838 tam
1000 771 1120 838 arduas
1170 770 1382 838 incredulitas
1414 774 1539 855 quoties
1574 773 1638 838 Dei
1666 771 1826 856 praesidio
1855 795 1951 841 suum
1980 778 2138 846 honorem

146 864 347 928 tentationes
367 871 585 944 prosequutus
607 862 651 926 sit
672 869 799 928 rectum
821 880 972 927 cursum:
1000 876 1119 938 nempe
1170 877 1234 920 non
1265 858 1450 923 tribuimus.
1498 860 1605 925 Docet
1634 860 1721 924 enim
1750 880 1808 924 suo
1838 862 1987 946 exemplo
2017 864 2137 946 David,

121 949 224 1032 'qnia
258 947 322 1012 Dei
355 949 533 1013 bonitatem
568 968 633 1029 qua
668 946 805 1013 sollicite
837 966 914 1010 suos
935 951 1118 1019 conservat,
1170 942 1306 1018 minime
1329 945 1510 1010 timendum
1533 966 1612 1020 esse,
1641 967 1682 1010 ne
1708 946 1817 1028 impiis
1847 949 1879 1012 in
1902 947 2055 1030 praedam
2077 974 2138 1018 nos

146 1034 187 1099 cb
210 1032 322 1099 ooulos
344 1033 406 1099 sibi
428 1034 607 1117 proposuit,
635 1045 682 1097 ne'
698 1034 739 1096 ad
762 1051 933 1116 perversas
954 1039 1042 1095 artes
1064 1027 1118 1091 dc·
1169 1037 1312 1109 exponat
1334 1040 1446 1094 nostra
1473 1030 1674 1113 simplicitas,
1704 1031 1760 1096 ubi
1783 1034 1942 1114 promittit
1965 1034 2055 1101 Deus
2077 1059 2138 1103 nos

146 1119 285 1199 clinans,
306 1119 396 1184 illius
418 1120 598 1203 patrocinio
621 1139 655 1183 se
679 1118 841 1202 privaret:
866 1118 1029 1198 fidemque
1047 1114 1117 1178 eius
1168 1112 1230 1176 sub
1249 1134 1347 1177 manu
1370 1135 1429 1181 suu
1459 1127 1546 1182 tutos
1576 1118 1652 1182 fore.
1697 1115 1767 1182 Sua
1788 1118 1918 1200 quidem
1940 1121 2039 1186 etiam
2062 1123 2138 1189 filiis

146 1214 314 1288 sequutus,
333 1205 476 1270 animam
493 1225 584 1270 suam
603 1204 638 1268 in
658 1204 815 1286 patientie
830 1201 1023 1285 possederit:
1043 1199 1117 1281 quia
1169 1198 1231 1261 Dei
1255 1200 1426 1280 prudentia
1454 1210 1512 1280 est,
1544 1202 1599 1266 sed
1623 1223 1705 1284 quae
1728 1202 1825 1286 longe
1847 1224 1866 1267 a
1887 1207 1995 1271 carnis
2017 1208 2137 1273 astutia
2212 1254 2216 1263 -

145 1301 235 1356 certo
256 1311 432 1372 persuasus
455 1298 526 1356 erat
547 1291 619 1356 fieri
641 1310 707 1355 non
726 1309 820 1372 posse
839 1297 878 1353 ut
897 1287 987 1352 Dens
1005 1285 1117 1351 fideles
1169 1282 1291 1349 differt:
1326 1286 1372 1350 sic
1405 1289 1491 1352 enim
1526 1287 1608 1352 duce
1640 1297 1673 1353 et
1704 1298 1829 1354 rectore
1861 1291 1979 1372 spiritu
1999 1293 2136 1364 insidias

144 1396 222 1441 suos
244 1374 382 1456 deserat,
404 1377 458 1459 qni
481 1377 517 1439 in
540 1396 614 1440 eum
638 1374 839 1440 recumbunt.
866 1374 928 1438 ·Et
946 1380 1033 1455 certe
1051 1369 1116 1434 nisi
1168 1380 1372 1450 praecavent,
1412 1383 1449 1438 ut
1488 1382 1598 1438 tamen
1635 1373 1698 1439 sibi
1736 1371 1777 1438 ad
1814 1374 1938 1440 nullam
1972 1378 2137 1444 vafritiem

144 1459 209 1524 Dei
231 1462 376 1528 bonitate
397 1463 510 1536 fretus,
533 1464 620 1526 inter
641 1472 690 1525 tot
711 1480 749 1524 ao
771 1471 839 1524 tam
858 1459 956 1524 duros
975 1456 1116 1522 insultus
1167 1453 1310 1523 habenas
1332 1456 1452 1523 laxent

145 1546 261 1630 pedem
290 1546 326 1611 in
356 1547 493 1613 colenda
522 1548 709 1630 integritate
739 1567 803 1610 non
832 1546 968 1610 fixisset.
1012 1541 1115 1624 Atqui

146 1634 207 1698 hoo
235 1633 323 1697 inter
350 1632 414 1699 Dei
443 1632 526 1698 filios
554 1645 588 1697 et
618 1635 770 1715 profanos
803 1631 952 1695 homines
974 1625 1116 1693 notabile
1252 1627 1281 1692 b.
1307 1627 1369 1694 Odi
1385 1628 1539 1714 coctum*)
1556 1634 1831 1712 bansyreeeorsen,
1849 1636 1877 1697 et
1892 1652 1962 1698 cum
1978 1635 2137 1703 seuram
2260 1699 2264 1713 ,

144 1717 318 1783 discrimen
342 1730 407 1783 est:
430 1718 585 1803 quodilli
603 1716 770 1782 meliorem
788 1717 915 1781 exitum
934 1737 953 1780 a
971 1713 1115 1779 Domino
1166 1732 1226 1778 uon
1254 1713 1369 1779 sedebo.
1415 1715 1444 1779 6.
1469 1714 1659 1781 Luoaboin
1682 1718 1878 1805 puritate&
1905 1739 2020 1784 munus
2041 1742 2135 1803 meas,

145 1813 315 1887 sperantes
344 1805 385 1870 ab
415 1806 486 1870 eius
513 1805 614 1869 verbo
637 1802 790 1885 pendent,
825 1822 930 1884 neque
952 1801 1116 1882 inquietu·
1166 1804 1195 1862 et
1226 1798 1420 1864 sirutmdubo
1452 1800 1550 1866 odore
1580 1805 1678 1885 taum,
1712 1802 1837 1868 Ieltooo.
1883 1804 1912 1869 7.
1954 1805 1993 1871 Ut
2022 1808 2137 1872 audire

145 1889 220 1955 dine
242 1889 282 1953 ad
306 1892 421 1956 noxias
449 1900 536 1955 artes
559 1890 724 1954 feruntur:
754 1887 787 1952 bi
810 1909 890 1953 vero
913 1886 1115 1970 posteriores,
1164 1884 1285 1965 focium
1301 1904 1403 1950 vocem
1421 1885 1536 1964 aude,
1559 1892 1743 1952 amonem
1763 1891 1868 1954 omniu
1887 1889 2051 1956 mechilio
2069 1898 2134 1958 tau.

146 1975 295 2057 quumvis
316 1974 418 2041 bonas
436 1995 550 2043 cauma
568 1975 757 2048 sustineant,
781 1973 858 2056 quia
875 1985 986 2038 tamen
1004 1974 1117 2055 ignota

145 2071 195 2126 ast
223 2060 290 2125 illis
319 2060 384 2128 Dei
416 2062 631 2144 providentia,
664 2071 836 2142 raptantur
868 2059 933 2123 huo
965 2072 998 2123 et
1030 2057 1116 2129 illue,
1252 2055 1282 2122 b.
1305 2054 1385 2141 (Odi
1410 2056 1550 2143 mouns.)
1595 2057 1874 2125 Contestationem
1904 2061 1995 2127 illam
2017 2064 2137 2131 iterum

147 2146 263 2211 illicita
300 2147 436 2213 consilia
476 2157 616 2229 captant,
660 2144 856 2229 confugiunt
894 2144 934 2209 ad
967 2143 1116 2209 fraudes:
1167 2143 1294 2223 repetit,
1335 2154 1535 2226 quantopere
1574 2144 1695 2209 scilicet
1735 2145 1776 2210 ab
1813 2145 1922 2228 impiis
1953 2147 2136 2216 abhorreat.

147 2231 285 2314 denique
304 2231 386 2297 nihil
406 2232 494 2298 aliud
513 2232 636 2296 habent
652 2230 865 2313 propositum,
884 2251 981 2313 qnam
993 2229 1116 2294 malum
1167 2227 1265 2292 Prius
1293 2227 1425 2310 negavit
1453 2227 1722 2295 consuetudinem
1745 2231 1806 2296 sibi
1837 2252 1910 2296 cum
1932 2232 1999 2298 illis
2021 2235 2138 2302 fuisse:

149 2317 234 2383 malo
257 2319 399 2384 viatere.
441 2318 541 2384 Unde
562 2318 660 2382 etiam
682 2316 793 2381 miseri
816 2327 851 2380 et
872 2317 992 2396 tristes,
1014 2318 1117 2380 inter·
1168 2333 1255 2377 nunc
1277 2314 1421 2395 apertius
1442 2314 1594 2389 declarat,
1626 2335 1699 2380 eum
1723 2313 1936 2382 detestatione
1959 2340 1993 2384 ss
2016 2320 2138 2404 fugisse

145 2403 223 2467 dnm
258 2406 356 2468 ctiam
395 2404 512 2486 tragici
552 2403 680 2468 exitus:
723 2402 800 2484 quia
835 2400 1021 2484 posthabita
1053 2399 1118 2463 Dei
1168 2396 1300 2462 illorum
1333 2402 1552 2465 oonsortinm:
1584 2401 1617 2464 id
1650 2402 1738 2466 enim
1771 2403 1964 2484 exprimitur
1991 2405 2057 2470 odii
2079 2427 2139 2471 no·

146 2489 252 2572 gratia
285 2499 412 2565 tantum
447 2490 487 2553 ad
526 2488 686 2554 versutias
716 2497 750 2552 et
776 2487 971 2553 calliditates
999 2485 1117 2552 intenti
1170 2485 1268 2548 mine.
1314 2484 1438 2550 Verum
1468 2484 1599 2569 quidem
1628 2495 1677 2552 est
1703 2488 1822 2569 passim
1846 2487 1919 2553 odio
1942 2488 2054 2575 haberi
2076 2493 2139 2557 im·

146 2582 234 2639 sunt.
288 2571 428 2641 Summa
457 2587 517 2655 est,
546 2573 711 2638 Davidem
741 2574 773 2637 in
804 2573 966 2638 servande
994 2571 1122 2638 iustitia
1170 2569 1297 2652 probos,
1325 2569 1382 2634 sed
1413 2573 1667 2654 quotusquisque
1697 2592 1733 2636 se
1755 2573 1795 2638 ab
1817 2572 1882 2637 illis
1905 2574 2064 2655 subducit,
2095 2598 2138 2642 ns

145 2668 351 2725 constantem
374 2661 482 2739 fuisse,
505 2662 582 2742 quia
604 2659 712 2724 Deum
735 2658 795 2723 sibi
815 2659 930 2723 ducem
949 2668 1117 2724 statuerat.
1171 2654 1300 2719 illorum
1333 2676 1441 2723 mores
1472 2656 1641 2722 imitetur?
1691 2657 1801 2722 David
1831 2671 2005 2743 utrumque
2037 2664 2138 2744 ponit,

146 2744 260 2809 Priore
277 2755 389 2810 autem
405 2747 482 2824 loco,
501 2745 700 2810 mentionem
716 2743 793 2809 facit
810 2744 982 2809 bonitatis:
1001 2741 1119 2808 deinde
1170 2740 1232 2805 sibi
1261 2743 1362 2807 fuisse
1390 2764 1506 2809 exosos
1533 2743 1665 2808 illorum
1695 2753 1813 2824 coetus,
1846 2765 1945 2826 seque
1970 2765 2045 2811 cum
2074 2749 2139 2815 illis

146 2830 238 2895 addit
258 2832 428 2912 ueritatem,
450 2833 527 2915 quia
547 2831 678 2895 nonnisi
697 2851 738 2894 ex
755 2830 1026 2913 promissionibus
1043 2849 1118 2912 cog·
1171 2846 1235 2890 non
1270 2831 1535 2912 communicasse,
1567 2827 1657 2894 unde
1688 2838 1833 2914 apparet,
1866 2850 1930 2895 non
1966 2839 2031 2896 tam
2061 2854 2137 2900 cum

146 2917 293 2981 noscitur
316 2916 453 2998 bonitas,
481 2937 565 3000 qnae
586 2935 649 2981 nos
669 2916 808 2982 infracta
830 2916 931 2982 enimi
954 2916 1117 2999 magnitu-
1170 2913 1320 2995 personis
1342 2933 1440 2996 quam
1463 2936 1536 2980 oum
1559 2916 1649 2980 vitiis
1679 2918 1707 2980 ei
1730 2917 1831 2981 fuisse
1853 2914 1982 2981 bellum.
2029 2919 2138 2985 Alium

146 3001 221 3066 dinc
243 3022 303 3084 per
325 3023 439 3069 omnes
461 3003 657 3067 tentationes
679 3001 810 3085 dirigat.
1170 3016 1297 3080 quoque
1318 2999 1572 3065 moderationem
1591 3001 1692 3082 ponit,
1714 3021 1749 3064 sc
1767 3002 1814 3065 ita
1832 3001 1947 3084 fugere
1964 3004 2138 3087 improbos,

145 3126 152 3139 ι
230 3086 262 3151 4.
296 3086 385 3172 (Noa
425 3087 517 3174 sedi.)
577 3088 703 3152 Iterum
747 3089 919 3170 profitetur
951 3107 987 3151 se
1020 3086 1118 3169 longe
1170 3093 1207 3147 ut
1229 3094 1339 3148 tamen
1362 3105 1475 3150 eorum
1497 3085 1570 3149 odio
1602 3086 1769 3152 ecclesiam
1802 3084 1867 3151 Dei
1900 3108 1967 3152 non
1999 3089 2137 3169 deserat,

146 3173 246 3239 fuisse
267 3171 459 3239 dissimilem
484 3173 631 3239 hostibus
653 3173 733 3237 suis.
777 3172 863 3237 Nam
885 3193 1015 3255 semper
1032 3173 1117 3235 anti·
1170 3188 1277 3250 neque
1308 3190 1344 3233 se
1376 3191 1396 3234 a
1436 3172 1589 3236 societate
1621 3171 1780 3235 divinitus
1811 3170 1967 3237 mandate
2000 3173 2136 3242 abdicet.

148 3258 249 3323 tbesis
271 3260 418 3325 notanda
439 3270 498 3334 est,
520 3258 607 3340 quod
630 3258 722 3341 pravi
747 3257 898 3323 homines
920 3257 1064 3322 nocendo
1086 3267 1119 3320 ct
1169 3252 1208 3317 In
1233 3253 1295 3318 hac
1317 3262 1425 3319 autern
1454 3264 1548 3343 parte
1570 3276 1635 3320 non
1659 3255 1777 3321 leviter
1798 3277 1818 3322 a
1839 3257 1953 3322 multis
1974 3271 2137 3341 peccatur,

146 3342 304 3410 laedendo
335 3345 508 3428 probitatis
536 3343 682 3410 studium
716 3344 745 3406 ei
775 3363 944 3426 nunquam
967 3362 1118 3408 excusse·
1169 3337 1324 3419 quidum
1346 3339 1460 3406 vident
1482 3341 1584 3406 malos
1606 3341 1698 3408 bonis
1723 3343 1897 3424 permistos
1925 3363 2006 3425 esse,
2035 3346 2137 3429 pollui

146 3430 224 3493 rint.
267 3430 385 3498 Posset
415 3432 513 3495 etiarn
544 3430 596 3495 hic
618 3448 735 3492 versus
757 3448 829 3492 cum
853 3430 1019 3512 superiore
1042 3447 1118 3491 con·
1169 3444 1204 3487 se
1221 3428 1415 3508 contagione
1433 3427 1633 3503 existimant,
1652 3427 1715 3492 nisi
1733 3427 1885 3510 protinus
1903 3428 2134 3500 discessionem

147 3515 240 3599 iungi
281 3526 436 3599 tanquam
478 3515 661 3581 sententiae
701 3514 986 3596 complementum,
1032 3511 1117 3595 quod
1169 3509 1307 3574 fecerint
1337 3533 1357 3576 a
1396 3520 1465 3578 toto
1503 3532 1613 3597 grege.
1667 3513 1739 3577 Iam
1773 3513 1850 3578 olim
1884 3515 2075 3584 Donatistae
2106 3530 2138 3585 et

146 3600 253 3666 David
275 3603 417 3668 confisus
438 3601 502 3667 Dei
525 3600 641 3685 gratia
669 3619 704 3663 se
726 3600 767 3663 ab
789 3600 1020 3682 impostoribus
1042 3597 1118 3663 sub·
1169 3604 1267 3660 antea
1287 3598 1385 3662 etiam
1409 3599 1569 3664 Ostharos
1591 3619 1629 3664 ac
1647 3598 1769 3664 Novati
1788 3598 1963 3683 discipulos
1980 3603 2021 3686 ad
2040 3605 2139 3669 noxia

148 3686 289 3751 duxerit.
335 3686 470 3753 dedendi
492 3701 600 3752 autem
623 3693 656 3750 et
676 3685 874 3767 iaprediettdi
898 3687 1013 3763 verbis,
1041 3704 1117 3750 con·
1169 3678 1303 3746 dissidia
1323 3684 1452 3766 impulit
1474 3685 1554 3749 haee
1585 3685 1767 3769 morositas,
1799 3694 1833 3750 et
1865 3697 1976 3752 nostro
2007 3691 2138 3755 saeculo

147 3771 211 3837 silii
232 3773 439 3857 participatio
472 3785 505 3836 et
526 3792 660 3855 operum
683 3771 822 3835 societas
845 3783 992 3836 notatur:
1022 3770 1117 3837 sicuti
1170 3768 1406 3850 Anabaptistae
1427 3769 1539 3835 codem
1551 3769 1638 3835 fastu
1661 3770 1837 3836 divortium
1860 3775 2018 3840 esanctis
2036 3775 2138 3841 ecele-

149 3856 282 3922 Psalmo
304 3860 410 3940 primo
433 3858 557 3923 dietum
580 3869 640 3921 est.
685 3855 794 3940 Negat
816 3857 904 3921 enim
926 3856 1038 3922 David
1057 3856 1118 3922 sibi
1170 3851 1227 3916 siis
1249 3853 1406 3933 fecerunt,
1427 3856 1504 3937 quia
1526 3853 1680 3919 videbant
1701 3875 1766 3920 non
1786 3867 1942 3940 purgatas
1960 3878 2031 3925 csse
2049 3863 2138 3926 omni

146 3964 222 4008 cum
245 3946 344 4008 vanis
370 3954 404 4009 et
433 3943 649 4007 fraudulentis
681 3941 868 4007 hominibus
901 3943 1002 4007 fuisse
1025 3941 1117 4025 quid·
1169 3936 1273 4016 sorde,
1303 3940 1400 4005 sicuti
1428 3938 1606 4022 optandum
1636 3943 1751 4006 fueret.
1795 3941 1867 4006 lmo
1900 3964 2001 4027 quum
2023 3945 2138 4014 Dente

149 4048 249 4111 qnam
271 4047 454 4094 commune.
498 4030 544 4093 Et
566 4039 654 4093 uerte
676 4026 737 4091 hoc
759 4029 917 4108 optimum
936 4028 1118 4093 remedium
1169 4024 1265 4088 tistae
1297 4025 1497 4106 pertinacius
1537 4026 1645 4092 verbis
1677 4027 1876 4106 insisterent,
1916 4028 2070 4097 ridiculos
2102 4056 2137 4098 se

148 4114 305 4196 estquod
335 4136 396 4180 nos
425 4136 444 4178 a
474 4132 626 4178 consessu
656 4112 829 4195 impiorum
861 4123 992 4180 revocet
1021 4122 1118 4196 atque
1169 4112 1317 4173 fecerunt
1344 4112 1378 4174 in
1408 4111 1532 4176 actione
1561 4111 1712 4193 quadam.
1764 4113 1912 4180 Indictus
1934 4115 2039 4181 fuerat
2061 4139 2136 4184 con-

147 4210 264 4279 arceat,
287 4200 316 4265 si
338 4200 448 4267 oeulos
469 4203 503 4264 in
527 4199 591 4262 Dei
611 4198 789 4262 bonitatem
809 4199 998 4283 defigimus:
1022 4199 1118 4265 sicuti
1170 4204 1287 4259 ventus
1309 4195 1350 4260 ed
1374 4197 1533 4261 sedandas
1553 4196 1738 4276 discordias,
1762 4219 1863 4282 quum
1887 4200 2022 4268 honoris
2039 4225 2138 4270 eausa

148 4306 315 4368 nunqnam
343 4285 384 4350 ud
412 4306 524 4351 eorum
554 4284 716 4348 vafritiem
747 4283 879 4349 accedet
907 4286 963 4368 qui
991 4287 1024 4349 in
1054 4285 1118 4350 Dei
1169 4280 1281 4346 sedere
1314 4282 1393 4348 iussi
1424 4289 1535 4348 ‘essent
1568 4284 1749 4362 atribuno,
1783 4294 1872 4351 stare
1905 4309 1940 4353 se
1974 4288 2137 4368 dixerunt,
2236 4304 2240 4312 ’

147 4370 210 4435 fide
240 4371 432 4452 ambulabit,
469 4374 539 4436 eius
575 4369 802 4452 providentiae
837 4391 951 4435 omnes
979 4381 1118 4436 eventus
1168 4366 1244 4447 quia
1266 4368 1356 4432 nefas
1378 4381 1464 4433 esset
1484 4388 1559 4435 cum
1582 4369 1738 4451 improbis
1760 4369 1886 4439 sedere:
1917 4374 2011 4439 Tunc
2032 4375 2137 4457 lepide

147 4456 364 4523 committens.
420 4457 511 4538 Quos
549 4457 656 4539 priore
687 4457 835 4520 membro
868 4454 946 4521 dicit
978 4455 1119 4521 honusta
1169 4454 1374 4535 Augustinus
1396 4455 1540 4536 excepit:
1564 4456 1633 4519 flur
1655 4476 1732 4539 ergo
1755 4456 1796 4521 ad
1818 4478 1877 4523 nos
1898 4462 2023 4525 intrare
2044 4463 2137 4526 vobis

146 4543 305 4616 eusimio,
341 4543 472 4608 eosdem
502 4521 647 4639 0222pr
677 4539 773 4621 paulo
803 4554 877 4623 post
905 4551 1018 4607 vocat:
1057 4543 1118 4607 boc
1168 4538 1283 4623 religio
1313 4561 1376 4605 non
1406 4538 1491 4604 fuit?
1536 4539 1723 4623 Utrumque
1750 4543 1834 4607 enim
1859 4544 1957 4609 simul
1979 4545 2136 4628 scriptum

147 4640 198 4692 est
220 4638 322 4694 tectos
351 4639 384 4693 et
412 4627 551 4694 fallaciis
575 4625 759 4708 implicitos.
803 4626 888 4691 Nam
916 4626 993 4692 inde
1017 4629 1117 4692 simu·
1169 4633 1228 4702 est,
1258 4623 1299 4688 ad
1328 4624 1491 4709 malignos
1513 4645 1578 4689 non
1603 4625 1777 4710 ingrediar,
1811 4638 1845 4693 et
1873 4650 1947 4695 cum
1970 4631 2137 4698 sceleratis

146 4712 236 4778 landi
269 4714 406 4793 vanitas,
436 4714 523 4797 quod
551 4712 700 4776 homines
730 4715 854 4777 versuti
884 4712 972 4777 alind
996 4713 1119 4777 habent
1169 4731 1232 4773 non
1256 4710 1382 4776 sedebo.
1426 4711 1613 4776 Prudenter
1639 4715 1751 4795 itaque
1782 4713 1888 4778 David
1911 4716 2016 4779 aelam
2039 4737 2137 4782 sunm

146 4799 180 4863 in
203 4800 314 4864 animo
337 4800 550 4874 reconditum,
574 4817 672 4878 quem
694 4795 808 4878 lingua
830 4799 1013 4863 ostendant.
1044 4797 1118 4863 Hoc
1169 4804 1338 4879 temperat,
1373 4805 1411 4859 nt
1443 4818 1477 4862 ss
1510 4797 1551 4863 ab
1591 4798 1701 4881 impiis
1734 4818 1889 4881 separans
1925 4821 1990 4866 non
2024 4808 2136 4867 umen

147 4904 227 4950 vero
249 4905 368 4950 nomen
391 4886 431 4950 ab
454 4862 535 4984 ὢν
558 4882 672 4947 deduci
695 4880 873 4948 absurdum
896 4895 961 4947 est:
995 4905 1055 4949 nec
1076 4884 1117 4949 ad
1169 4878 1296 4946 desinat
1328 4880 1486 4965 templum
1524 4883 1738 4966 frequentare,
1779 4885 1862 4966 quod
1896 4885 2040 4967 postulat
2072 4887 2137 4953 Dei

147 4990 216 5034 rem
239 4970 384 5053 pertinet
405 4992 518 5035 eorum
541 4971 737 5049 imposturas
756 4988 930 5047 puerorum
948 4970 1025 5035 ludo
1043 4992 1118 5035 con·
1168 4967 1369 5044 mandatum,
1392 4976 1425 5032 et
1443 4969 1644 5051 praescripta
1660 4971 1694 5032 in
1714 4969 1784 5052 lege
1802 4971 1895 5035 ratio.
1940 4971 2039 5037 Certe
2058 4973 2136 5039 drrm

146 5056 235 5121 ferri.
286 5055 407 5121 Fateor
437 5057 578 5137 quidem,
609 5053 792 5135 quicunqne
820 5054 989 5121 fraudibus
1019 5054 1119 5121 dediti

147 5150 234 5218 sunt,
264 5139 517 5207 subsannatores
540 5158 628 5206 osse:
659 5137 716 5202 sed
742 5157 896 5219 quorsum
920 5150 987 5207 tam
1010 5151 1119 5208 coacta
1238 5171 1267 5239 ι)
1283 5172 1311 5225 1,
1328 5173 1496 5241 mmmm,
1513 5186 1549 5225 0,
1565 5187 1671 5242 mm„
1690 5190 1724 5227 ou
1741 5170 1897 5227 „gemm

148 5228 317 5309 exposit-io,
346 5247 448 5310 quum
476 5227 584 5310 palam
614 5226 657 5289 sit
687 5227 811 5291 fontum
833 5229 1009 5293 monstrari
1032 5231 1118 5294 uude
1175 5252 1178 5257 ·
1222 5240 1269 5309 ”)
1285 5240 1389 5309 purete',
1407 5256 1442 5295 cn
1458 5256 1565 5310 mures:
1583 5258 1617 5295 on
1634 5243 1787 5296 innocense.
