4658 5856
157 337 221 402 ete
943 327 1161 395 PSALMUS
1184 328 1370 396 XXXVII.
2087 333 2150 397 376

159 528 192 591 in
214 522 378 605 capiendis
396 521 540 588 consiliis
558 522 721 597 labuntur,
746 516 863 582 deinde
881 536 1049 582 successus
1071 537 1126 582 eos
1229 558 1232 563 -
1264 518 1315 581 20.
1366 517 1448 598 Quia
1480 520 1570 600 impii
1601 519 1764 600 periberet,
1804 526 1830 585 et
1861 521 1983 586 intensi
2017 520 2152 585 lebetae

160 633 225 675 non
251 629 325 673 raro
355 607 513 673 destituit.
559 605 669 686 Quare
698 603 781 669 nihil
811 601 925 667 utilius
952 612 1003 666 est
1029 621 1126 684 quam
1180 606 1273 685 quasi
1300 605 1474 684 pretiosum
1505 625 1657 686 equore-m
1687 605 1962 691 enitescere),
1995 608 2031 671 io
2063 607 2151 685 sunto

160 694 290 761 assidue
313 693 406 760 nobis
430 693 565 776 proponi
589 690 651 755 Dei
673 688 931 774 providentiam,
954 707 1037 769 quae
1059 687 1129 752 sola
1180 688 1465 770 retiremeeterrt).
1502 690 1553 754 21.
1583 689 1752 757 Mutuetur
1770 693 1898 772 impius,
1921 697 2025 758 ειιιοη
2041 692 2153 756 solvit:

159 781 282 863 optime
305 779 400 844 nobis
429 779 595 844 consulere
622 786 737 859 potest.
782 774 854 840 Hac
883 774 1009 838 ratione
1039 793 1129 837 nnnc
1180 775 1282 839 iustus
1304 781 1405 839 autem
1425 776 1589 840 remeetur
1614 783 1643 842 et
1663 778 1766 843 docet.
1809 778 1858 844 22.
1901 778 1983 860 Quia
2005 778 2155 842 bcttcdicti

161 867 239 932 dicit
260 864 371 930 David
395 864 464 929 dies
486 865 645 928 iustorum
670 864 741 925 Deo
771 880 841 924 esse
874 859 1036 942 cognitos,
1068 858 1130 923 hee
1181 860 1249 925 aue
1270 860 1459 926 ιαενεάἰιαιε
1474 862 1682 941 possidebunt
1703 870 1832 941 terrem,
1860 863 2064 929 etmaledt'eti
2085 865 2156 927 eius

161 964 211 1018 est
232 974 307 1016 enm
328 951 464 1014 minime
492 950 594 1014 latere
616 947 734 1030 quibus
762 945 948 1011 subiaceant
970 944 1132 1026 perieulis,
1181 946 1366 1010 metuemus

161 1049 194 1104 et
227 1037 343 1121 quibus
376 1032 528 1100 subsidiis
560 1054 641 1116 opus
674 1031 825 1097 habeant.
880 1030 989 1095 Huius
1021 1040 1132 1094 autem

162 1124 328 1189 doetrinae
352 1142 430 1186 usus
452 1120 494 1184 ad
515 1119 662 1202 singulas
684 1116 881 1183 mutationes
903 1114 1066 1198 aptandus
1084 1126 1133 1180 est
1270 1116 1321 1181 20.
1340 1117 1441 1202 (Quia
1459 1118 1553 1200 impii
1568 1118 1741 1203 peribunt.)
1770 1119 1967 1186 Particulam
1991 1118 2159 1185 causalem

162 1229 245 1292 quae
262 1207 355 1273 uobis
372 1207 500 1271 ruinam
519 1206 703 1269 minantur:
726 1213 890 1285 utcunque
912 1202 1000 1265 enim
1024 1220 1132 1267 verse·
1184 1216 1224 1284 ι)
1248 1203 1453 1269 adversative
1475 1203 1613 1286 positam
1631 1206 1842 1288 interpretor:
1867 1205 1930 1270 nisi
1951 1207 2034 1270 forte
2058 1205 2160 1269 altius

162 1316 237 1360 mur
259 1314 296 1358 ae
314 1294 489 1371 iactemur,
520 1305 616 1373 atque
638 1290 709 1372 ipsa
729 1289 870 1353 varietas
895 1286 1035 1370 singulis
1064 1307 1132 1350 mc·
1185 1289 1380 1353 sententiam
1404 1300 1551 1371 repetere
1573 1289 1708 1373 placeat.
1754 1291 1821 1359 Sed
1850 1291 1956 1375 aptius
1978 1291 2160 1357 cohaerent

162 1380 283 1446 mentis
305 1385 510 1461 praesentem
533 1384 669 1440 mortem
692 1384 846 1451 ostentet,
868 1372 1019 1438 sufficere
1041 1371 1133 1437 nobis
1185 1375 1249 1438 ista
1270 1373 1447 1454 antitheta,
1479 1396 1542 1456 quo
1570 1376 1648 1440 iusti
1677 1376 1837 1444 satientur
1864 1377 1899 1441 in
1927 1377 2028 1454 lame,
2062 1375 2160 1459 impii

164 1465 272 1531 debet.
288 1464 369 1529 haee
399 1462 592 1541 consolatio,
625 1482 691 1525 nou
725 1460 829 1524 solum
864 1457 934 1524 dies
964 1466 1092 1523 nostros
1114 1477 1135 1520 a
1186 1468 1294 1524 autem
1327 1461 1425 1525 etiam
1457 1460 1491 1524 in
1523 1462 1630 1526 media
1662 1460 1863 1530 abnndantia
1895 1475 2049 1545 pereant:
2084 1461 2161 1545 quia

163 1552 234 1617 Deo
262 1557 450 1614 numeratos
478 1568 565 1627 esse,
596 1545 652 1611 sed
682 1545 791 1611 varios
825 1544 924 1609 etiam
954 1563 1047 1609 casus
1077 1543 1134 1625 qui
1185 1544 1306 1610 seilitet
1327 1545 1382 1611 ubi
1401 1567 1462 1611 ena
1479 1548 1573 1631 copia
1589 1546 1766 1633 confidunt,
1789 1550 1881 1615 Deus
1899 1548 2036 1614 occultis
2055 1546 2161 1612 modis

163 1637 256 1702 nobis
278 1633 440 1700 subeundi
468 1647 563 1707 sunt,
593 1634 623 1697 ei
654 1652 724 1698 esse
751 1631 908 1714 cognitos.
953 1628 1064 1710 Quum
1087 1626 1135 1692 sie
1187 1650 1241 1694 oos
1263 1631 1297 1694 in
1320 1630 1461 1696 nihilum
1483 1632 1609 1716 redigit.
1646 1633 1711 1699 Dei
1729 1645 1838 1701 antem
1857 1635 2006 1698 inimicos
2030 1653 2160 1711 vocans,

164 1721 316 1804 invigilet
333 1720 425 1786 Deus
447 1719 488 1784 ad
508 1717 663 1799 tuendam
680 1727 827 1783 nostram
844 1716 994 1794 salutern,
1015 1715 1052 1780 in
1074 1713 1135 1778 hae
1187 1714 1341 1780 admonet
1373 1717 1445 1782 eius
1473 1717 1620 1784 vindicta
1652 1719 1737 1785 iuste
1770 1720 1928 1804 opprimi,
1961 1741 2058 1802 quam
2091 1719 2162 1784 suis

162 1806 426 1892 peregrinatione
448 1826 514 1870 non
536 1825 629 1870 secus
651 1803 769 1868 animis
790 1801 957 1885 quiescere
978 1821 1038 1865 nos
1059 1818 1134 1866 con·
1188 1801 1363 1868 sceleribus
1385 1804 1446 1868 sibi
1469 1813 1649 1870 accersunt.
1695 1805 1791 1886 Quod
1822 1807 1901 1871 dicit
1927 1806 2066 1871 emsumi
2095 1809 2162 1868 tun·

164 1894 264 1973 venit,
286 1913 383 1974 quam
406 1891 441 1955 in
463 1888 565 1955 fundo
590 1888 816 1954 haereditarie.
861 1884 1025 1967 Quoniam
1047 1885 1136 1951 enim
1208 1907 1283 1952 uum
1294 1888 1469 1969 pectinem
1485 1910 1647 1973 mmm,
1665 1892 1798 1974 quidam
1817 1892 1856 1956 de
1874 1890 1970 1973 adipe
1987 1891 2161 1972 accipiunt.

162 1979 273 2046 aDeo
296 1977 506 2060 respicimur,
527 1974 604 2040 inde
625 1973 748 2058 colligit
770 1972 879 2039 David
900 1972 1136 2038 haereditatem
1188 1908 1258 2038 bed
1281 1994 1381 2055 quum
1403 1987 1471 2052 w
1491 1977 1726 2058 praestantiam
1748 1977 1798 2063 (ut
1821 1975 1898 2043 alibi
1920 1973 2071 2059 diximus)
2089 1975 2160 2039 He.

163 2075 311 2130 nostram
332 2084 404 2128 esse
425 2072 629 2144 perpetuam.
664 2059 774 2141 Quum
797 2070 908 2125 autem
928 2059 1073 2143 integros
1091 2057 1137 2122 sic
1190 2058 1295 2123 braeis
1325 2060 1505 2143 signifiret,
1536 2081 1602 2125 non
1630 2061 1741 2127 dubito
1755 2085 1873 2147 -agnos
1898 2063 2097 2137 selectiores,
2128 2073 2161 2123 et

164 2152 243 2216 dicit
264 2149 390 2232 protegi
412 2169 432 2212 a
454 2148 612 2225 Domino,
633 2166 694 2211 nos
715 2143 757 2211 ad
779 2146 944 2210 sincerum
965 2142 1138 2227 probitatis
1189 2144 1329 2208 eximiae
1351 2144 1559 2232 pinguedinis
1590 2148 1712 2212 notari:
1742 2149 1826 2232 quod
1856 2148 1977 2231 optime
2006 2147 2047 2211 ad
2074 2146 2160 2210 anti·

165 2235 310 2302 studium
332 2233 502 2298 hortatur:
528 2254 565 2298 ae
587 2234 614 2297 si
637 2231 785 2314 cupimus
807 2231 867 2296 sub
889 2229 953 2294 Dei
975 2226 1137 2313 praesidio
1190 2229 1298 2295 thesin
1321 2230 1469 2313 quadrat.
1514 2232 1603 2299 Hinc
1633 2234 1719 2298 enim
1748 2235 1904 2300 discimus
1934 2232 2033 2318 (quod
2059 2233 2160 2297 etiam

165 2323 228 2387 tuti
252 2323 372 2400 latere,
394 2317 678 2385 mansuetudinem
701 2315 864 2400 colamus,
892 2316 1096 2398 facessatque
1119 2335 1138 2379 a
1190 2313 1283 2380 docet
1300 2314 1386 2381 alter
1403 2316 1574 2404 propheta)
1592 2320 1736 2403 saginari
1752 2321 1869 2403 impios
1886 2320 1921 2384 in
1934 2320 2021 2383 diem
2040 2330 2163 2383 macta·

166 2408 261 2472 nobis
295 2405 492 2471 diabolicum
525 2402 606 2468 illud
640 2401 869 2486 proverbium,
910 2401 1003 2466 Inter
1043 2403 1138 2484 lupos
1192 2400 1299 2477 doun,
1321 2411 1358 2466 ut
1380 2423 1492 2467 eornm
1515 2405 1669 2471 interitus
1692 2407 1850 2471 maturior
1871 2405 1931 2482 sit,
1954 2424 2018 2486 quo
2038 2403 2165 2469 nudus

166 2490 360 2558 ululandum
382 2512 463 2555 esse.
1191 2485 1315 2551 fuerint
1337 2489 1479 2554 tractati.
1526 2488 1673 2555 Ooosumt'
1695 2492 1730 2557 in
1750 2492 1836 2573 furno
1859 2489 2052 2556 tantundem
2075 2489 2166 2556 valet

252 2578 301 2642 19.
325 2576 413 2662 (Non
425 2574 582 2658 pudefient
597 2578 728 2655 tempore
745 2571 897 2656 adverso.)
925 2571 1139 2637 Docetetiam
1191 2592 1229 2636 ac
1246 2570 1338 2636 brevi
1356 2594 1558 2654 evanescere,
1576 2596 1613 2640 ac
1630 2577 1660 2641 si
1678 2577 1800 2641 dictum
1817 2586 1912 2656 esset,
1928 2575 2012 2640 nihil
2030 2576 2165 2640 subesse

166 2664 219 2731 hic
242 2683 358 2729 versus
381 2682 448 2725 nen
459 2659 606 2743 promitti
623 2659 864 2724 immunitatem
882 2657 1041 2734 fidelibus,
1060 2678 1139 2739 qua·
1191 2657 1226 2720 in
1255 2656 1322 2721 illis
1347 2658 1435 2723 firmi
1469 2659 1522 2727 vel
1554 2661 1659 2726 solidi.
1715 2663 1782 2743 Qui
1814 2684 1873 2746 per
1905 2682 2026 2727 nomen
2059 2659 2166 2726 Pretii

51 2774 55 2782 ·
167 2750 232 2815 lem
261 2756 429 2831 expeteret
456 2766 547 2821 earo,
577 2743 617 2807 ab
644 2745 794 2809 omnibus
823 2741 1053 2820 incommodis,
1082 2739 1139 2805 sed
1192 2741 1319 2825 adipem
1338 2743 1534 2828 intelligunt,
1552 2746 1592 2810 ad
1606 2747 1731 2812 fumum
1749 2748 1895 2813 consumi
1906 2749 2165 2829 interpretantur

166 2834 409 2900 liberationem:
431 2851 513 2912 quae
524 2828 584 2894 etsi
603 2850 638 2894 re
655 2829 727 2913 ipsa
737 2829 923 2912 percipitur,
946 2850 1013 2893 non
1031 2838 1139 2892 tamen
1191 2828 1286 2893 sicuti
1320 2829 1482 2913 pinguedo
1515 2831 1679 2914 liquescit,
1712 2833 1764 2897 vel
1788 2835 1913 2900 arescit.
1956 2831 2024 2898 Sed
2052 2832 2167 2899 vident

64 2950 69 2961 ·
168 2928 317 3006 gustatur
339 2917 403 2981 nisi
424 2915 496 2981 fide.
532 2915 617 2980 Nam
640 2914 703 2980 duc
725 2916 806 2981 haec
827 2916 1024 2999 coniungere
1045 2933 1139 2997 opor·
1192 2914 1329 2980 lectores
1350 2917 1493 2996 priorem
1516 2938 1646 2983 sensum
1670 2919 1788 2985 melius
1809 2939 1999 3001 congruere.

169 3018 225 3085 tet,
247 3002 342 3070 sicuti
365 3001 458 3067 malis
479 3003 513 3066 in
535 3001 596 3066 hoc
614 3000 736 3067 mundo
753 3001 900 3083 permisti
918 3009 996 3067 sunt
1017 2999 1138 3081 fideles,
1276 2999 1328 3064 21.
1348 3000 1529 3083 (Mctuetar
1545 3002 1688 3089 impius.)
1714 3004 1955 3087 Falluntnrqui
1974 2989 2166 3086 putant'hie

168 3094 216 3158 ita
239 3092 356 3155 famem
379 3099 412 3152 et
434 3108 486 3152 res
508 3086 661 3152 adversae
679 3087 826 3170 utrisque
844 3107 914 3153 esse
936 3105 1140 3153 communes:
1191 3085 1296 3150 malae
1313 3084 1390 3152 fidei
1408 3086 1558 3153 damnari
1574 3089 1702 3172 impios,
1721 3089 1806 3171 quod
1820 3089 2000 3155 fraudando
2018 3087 2164 3152 alienum

168 3198 272 3245 unum
294 3194 365 3242 esse
386 3174 569 3251 discrimen,
592 3173 676 3254 quod
697 3172 790 3240 Deus
808 3172 877 3240 suis
894 3175 929 3238 in
947 3171 1140 3238 necessitate
1192 3172 1336 3254 rapiant:
1365 3193 1479 3238 rursus
1504 3173 1631 3240 laudari
1660 3175 1696 3239 in
1725 3176 1801 3240 filiis
1822 3175 1886 3240 Dei
1916 3175 2165 3252 humanitatem,

168 3283 303 3330 manum
325 3259 495 3345 porrigens
518 3259 636 3341 impios
659 3259 789 3325 deserit.
845 3261 884 3327 Si
906 3259 980 3341 quis
1000 3257 1139 3333 obiiciat,
1193 3257 1279 3339 quod
1312 3259 1416 3340 parati
1456 3259 1524 3325 sint
1559 3260 1599 3324 ad
1633 3260 1805 3327 levandam
1838 3262 1977 3326 fratrum
2010 3261 2164 3341 inopiam.

169 3350 273 3416 malos
295 3367 391 3428 saepe
411 3360 556 3428 tempore
574 3344 668 3410 tamis
686 3345 774 3410 laute
792 3346 928 3430 epulari,
951 3354 984 3410 et
1005 3344 1140 3427 largiter
1191 3342 1308 3408 Potius
1330 3343 1417 3407 enim
1442 3345 1504 3410 Dei
1527 3345 1781 3413 benedictionem
1804 3368 1882 3431 erge
1906 3346 1977 3430 pios
1999 3365 2165 3410 commen·

170 3433 330 3518 saginari,
366 3453 465 3514 quum
501 3429 576 3496 boni
604 3428 714 3494 inedia
752 3431 915 3497 laborent:
952 3428 1140 3512 respondeo,
1192 3427 1247 3493 dat
1269 3428 1437 3512 propheta,
1460 3443 1557 3498 etex
1579 3432 1726 3514 opposito
1748 3442 1904 3509 testatur,
1936 3432 2045 3515 impiis
2078 3451 2163 3494 nun·

169 3519 373 3587 saturitatem
403 3517 497 3582 cuius
526 3516 580 3582 hic
608 3516 646 3579 fit
675 3516 813 3595 mentio,
843 3517 1013 3600 praecipue
1037 3516 1072 3579 in
1101 3535 1139 3579 ec
1192 3534 1289 3597 quam
1312 3517 1392 3580 satis
1413 3537 1494 3581 esse.
1538 3515 1677 3583 Summa
1697 3518 1799 3601 igitur
1819 3526 1879 3595 est,
1904 3516 2013 3583 Deum
2034 3513 2164 3581 abunde

170 3607 268 3674 sitam
297 3624 383 3679 esse,
422 3602 506 3684 quod
534 3621 633 3684 quum
668 3602 811 3666 tenuiter
839 3601 988 3668 victitent
1019 3600 1140 3677 fideles,
1191 3600 1305 3683 largiri
1335 3601 1404 3665 suis
1433 3601 1520 3667 unde
1549 3604 1616 3667 sint
1646 3623 1724 3688 erga
1752 3604 1833 3669 alios
1861 3602 2016 3668 benefici:
2047 3602 2164 3684 impios

170 3694 237 3758 imo
259 3688 360 3753 ieiuni
389 3695 423 3752 et
443 3685 571 3752 steriles
600 3686 640 3750 ad
662 3709 798 3770 pureum
820 3689 943 3753 victum
966 3687 1141 3769 suspirent,
1192 3696 1300 3750 antem
1323 3707 1452 3769 semper
1473 3709 1544 3753 esse
1566 3689 1748 3768 famelicos,
1777 3699 1816 3753 ut
1837 3710 1892 3754 eos
1913 3688 1954 3753 ad
1975 3686 2110 3754 fraudes
2132 3694 2165 3752 et

170 3777 263 3843 Deus
286 3784 395 3839 tamen
426 3773 512 3856 ipsos
541 3772 599 3839 alit
628 3794 692 3837 non
722 3795 816 3849 secus
838 3794 875 3838 ae
902 3774 930 3840 si
955 3782 1142 3856 suppeteret
1192 3772 1323 3854 rapinas
1351 3785 1447 3856 cogat
1475 3773 1594 3856 iuopia.
1640 3775 1685 3839 Et
1706 3784 1792 3841 certe
1821 3775 1884 3840 nisi
1913 3773 2016 3840 oeulis
2044 3772 2164 3838 nostris

171 3864 268 3944 longe
301 3860 430 3926 uberior
463 3860 573 3942 copia,
609 3880 707 3942 quam
739 3860 915 3925 incredulis
948 3859 1005 3941 qui
1037 3868 1141 3922 totum
1192 3857 1353 3923 obiectum
1371 3869 1455 3925 esset
1479 3860 1622 3941 stuporis
1644 3872 1676 3925 et
1694 3860 1859 3926 socordiae
1877 3861 1996 3939 velum,
2018 3858 2164 3941 quotidie

172 3945 331 4013 mundum
359 3947 429 4012 siue
457 3948 606 4011 satietate
633 3945 849 4030 ingurgitant.
904 3943 999 4010 Adde
1032 3944 1141 4021 etiam,
1193 3956 1350 4027 apparent
1380 3943 1477 4009 huius
1507 3946 1554 4009 rei
1582 3945 1786 4012 documenta.
1836 3945 1924 4011 Nam
1950 3944 2165 4028 quantumvis

172 4031 368 4115 temporales
400 4030 480 4096 istas
512 4031 753 4097 benedictiones
792 4029 842 4116 (ut
875 4031 952 4098 alibi
985 4028 1141 4115 diximus)
1193 4029 1360 4094 abundent
1376 4031 1479 4112 impii,
1498 4032 1573 4097 facit
1593 4040 1701 4097 tamen
1719 4032 1925 4114 inexplebilis
1942 4051 2057 4096 eorum
2074 4032 2165 4114 eupi-

173 4140 238 4184 ιιοιι
262 4137 390 4200 semper
407 4136 477 4181 esse
495 4118 695 4198 conspicuas,
718 4130 755 4181 nt
773 4117 899 4200 aequali
917 4114 1011 4181 modo
1028 4117 1141 4181 fluant.
1193 4113 1279 4179 ditas
1300 4124 1336 4179 ut
1358 4116 1435 4180 hinc
1457 4114 1534 4181 inde
1556 4118 1649 4198 quasi
1671 4118 1852 4200 praedones
1880 4116 2027 4199 rapiant,
2058 4137 2165 4199 neque

173 4205 259 4271 Nam
288 4201 437 4284 quamvis
465 4214 577 4285 aperta
603 4203 647 4266 sit
675 4202 738 4266 Dei
765 4223 899 4279 manus,
935 4202 1000 4286 ipsi
1028 4221 1143 4267 sumus
1193 4221 1339 4282 unquam
1370 4202 1436 4266 sint
1474 4203 1637 4269 solvendo.
1678 4203 1807 4268 Interea
1845 4201 2033 4286 suppeditat
2071 4202 2166 4267 Deus

152 4287 332 4369 ·reetricti,
355 4298 387 4350 et
409 4295 520 4351 nostra
541 4288 716 4352 infidelitas
743 4308 809 4352 non
839 4288 910 4352 leve
938 4286 1141 4353 obstaculum
1193 4287 1269 4351 filiis
1301 4290 1367 4353 suis
1397 4287 1483 4369 quod
1517 4310 1580 4352 nou
1614 4288 1710 4354 modo
1742 4288 1884 4354 sufficiat
1917 4289 1950 4352 in
1983 4288 2167 4355 mediocres

175 4389 224 4442 est
251 4375 321 4440 eius
350 4372 591 4436 beneticentiae.
634 4372 705 4437 Iam
736 4374 813 4455 quia
839 4375 951 4438 statim
981 4372 1144 4439 difflueret
1194 4393 1286 4450 usus,
1315 4373 1371 4438 sed
1402 4372 1487 4438 unde
1514 4375 1613 4439 etiam
1643 4374 1723 4439 alios
1744 4375 1868 4440 invent.
1913 4373 2074 4456 Equidem
2099 4395 2166 4438 non

174 4482 250 4527 caro
272 4466 398 4533 nostra,
422 4457 601 4522 restrictius
625 4458 790 4524 nobiseum
822 4459 889 4542 agit
911 4459 1016 4524 Deus:
1046 4470 1080 4522 et
1102 4481 1143 4524 ne
1194 4479 1278 4542 nego
1301 4458 1495 4541 reprehendi
1525 4460 1641 4543 impios
1671 4459 1755 4544 quod
1778 4461 2036 4541 intemperanter
2056 4461 2168 4525 omnia

175 4569 234 4614 sua
251 4543 456 4626 indulgentia
473 4564 531 4607 nos
550 4554 744 4626 corrumpat,
766 4563 861 4626 parce
879 4543 1041 4628 erogando
1057 4545 1142 4626 quod
1194 4545 1338 4609 vorando
1377 4565 1454 4608 suos
1487 4545 1663 4610 creditores
1701 4544 1871 4610 fraudent:
1904 4543 2031 4610 laudari
2066 4547 2168 4610 etiam

177 4632 297 4714 alioqui
319 4629 416 4712 plena
437 4627 528 4710 eopia
549 4626 661 4710 largiri
684 4639 818 4712 paratus
840 4644 941 4706 esset,
970 4629 1010 4694 ad
1033 4629 1142 4713 fruge·
1194 4629 1313 4707 iustos,
1345 4630 1431 4713 quod
1462 4631 1496 4694 in
1520 4643 1645 4697 rectum
1675 4632 1776 4696 finem
1804 4640 1940 4696 utantur
1970 4629 2034 4696 Dei
2067 4634 2169 4697 bene·

176 4721 299 4784 litatem
323 4735 382 4780 nos
404 4714 520 4779 erudit.
576 4711 673 4777 Certe
695 4715 841 4797 quisquis
864 4715 1025 4798 expendet
1047 4737 1143 4798 quam
1194 4716 1339 4780 ficentia:
1373 4716 1430 4780 sed
1463 4717 1635 4782 oonsdinm
1654 4717 1832 4800 prophetae
1860 4726 1911 4781 est
1942 4715 2058 4783 dooere
2088 4717 2167 4801 qnid

177 4805 280 4870 simus
312 4821 424 4876 omnes
455 4798 496 4863 ad
537 4797 700 4863 lasciviam
741 4814 773 4864 et
814 4801 944 4867 deliciae
982 4802 1144 4884 propensi,
1194 4800 1303 4866 valeat
1326 4802 1389 4866 Dei
1410 4801 1598 4868 benedictio.
1643 4804 1752 4884 Atque
1775 4802 1859 4867 hanc
1879 4805 2080 4868 sententiam
2097 4825 2165 4870 me·

178 4891 317 4954 esuriem
339 4906 402 4968 qua
423 4884 516 4950 Deus
538 4899 668 4950 exercet
689 4906 763 4950 suos
785 4887 905 4966 fideles,
926 4908 989 4950 uon
1012 4888 1143 4952 mirabi-

181 4995 243 5039 tur.
279 4973 463 5051 Caeterum,
484 4972 633 5053 qnamvis
656 4991 722 5034 non
744 4972 1144 5055 suppeditetDeusquan-
1520 5043 1526 5054 ‚
1996 5040 2002 5060 ⁸

179 5071 248 5124 tum
271 5060 350 5124 sutis
368 5068 453 5122 esset
475 5056 515 5120 ad
533 5077 593 5122 nos
611 5056 812 5134 saturandos,
836 5058 897 5122 nisi
920 5069 1030 5123 tamen
1053 5059 1144 5124 nobis
1281 5041 1309 5108 ‘l
1326 5058 1428 5094 ⁰⁰¹¹¹¹¹¹⁰
1447 5043 1472 5094 ¹³
1484 5043 1598 5110 prades
1616 5058 1745 5111 ΨΜ»
1763 5056 1799 5094 θ’*
1815 5056 1922 5111 ’'W“
1941 5044 2156 5100 ⁰³¹⁰¹⁰²¹¹⁰¹¹⁰⁰

179 5145 284 5209 obstet
306 5156 417 5208 nestra
438 5142 647 5226 ingratitudo,
671 5144 703 5205 in
727 5140 813 5205 fame
831 5145 929 5206 etiam
950 5152 982 5207 et
1000 5155 1144 5228 egestate
1195 5127 1229 5164 ⁰¹¹
1247 5111 1286 5162 ¹⁰⁸
1304 5127 1424 5177 egneeux
1444 5112 1608 5180 pluebatur
1628 5118 1655 5162 et
1673 5111 1733 5178 plus
1751 5128 1821 5178 gres.

256 5230 263 5241 ,
446 5230 451 5241 ,
610 5229 616 5241 ,
712 5228 717 5240 ,
858 5230 863 5241 ,
1064 5229 1070 5241 ,
1263 5179 1309 5246 ”)
1325 5188 1418 5232 serent
1435 5197 1575 5234 consumes
1593 5196 1627 5233 en
1644 5179 1740 5245 sumne,
1764 5194 1799 5232 cn
1821 5194 1927 5248 merge:
1946 5196 1980 5233 ou
2004 5182 2161 5236 s’esvenoui·

179 5240 357 5294 scottemus
381 5230 520 5312 benigne
541 5239 574 5293 et
597 5227 771 5293 liberaliter
794 5227 833 5292 ab
856 5249 925 5310 ipso
947 5251 1007 5294 nos
1029 5231 1082 5295 alr.
1193 5252 1256 5301 rent
1273 5262 1306 5301 οη
1326 5247 1400 5301 ories.
