4658 5856
97 345 160 412 597
907 343 1123 414 PSALMUS
1146 348 1278 415 LXIII.
2024 345 2088 413 598

97 555 178 611 eam,
208 536 362 618 speravit,
394 555 432 599 eo
460 535 600 618 propitio
629 534 712 600 nihil
740 534 802 602 sibi
832 534 949 601 defore.
996 536 1065 600 Iam
1119 538 1228 604 addita
1255 538 1369 603 luisset
1396 537 1476 604 haee
1505 537 1671 615 eorreotio,
1702 556 1757 603 cor
1784 537 1854 602 sius
1883 538 1930 602 ita
1954 540 2088 603 firmum

96 621 174 703 quia
194 620 307 686 multis
329 619 576 687 necessitatibus
597 622 789 705 patientiam
811 631 956 686 nostram
973 622 1067 687 Deus
1117 625 1187 690 fore
1209 636 1371 708 quatenus
1388 623 1453 688 Dei
1475 644 1575 690 manu
1598 621 1820 689 sustinebitur.

96 706 234 791 probare
266 706 336 771 vnlt
356 707 392 771 in
416 707 477 772 bae
500 709 577 791 vita,
607 706 778 785 diseamus,
807 705 987 791 usquedum
1011 707 1067 771 ad·

98 792 209 858 veniat
247 803 374 875 tempus
413 793 529 876 plenae
567 794 743 870 satietatis,
784 793 945 875 patienter
985 795 1067 857 ferre
1205 796 1256 861 10.
1278 795 1325 861 Et
1339 796 1406 878 ipsi
1421 795 1498 862 dum
1514 799 1666 877 quaeunt
1680 796 1723 861 ad
1734 794 1930 878 pacatum
1947 796 2089 860 enimam

98 892 228 944 nostras
257 877 404 944 iniurias.
452 879 557 945 Porro
580 877 761 944 notandum
790 887 850 954 est,
879 877 939 944 sub
969 892 1068 943 meta·
1118 903 1230 965 meam,
1258 881 1346 947 c'buat
1374 883 1409 947 ia
1430 881 1559 962 infimos
1572 886 1683 963 portes
1704 886 1814 946 tcrroc.
1860 881 1911 947 11.
1934 880 2091 947 Dciicicnt

97 964 201 1047 phora
231 963 338 1045 adipis
365 969 395 1030 ct
418 964 627 1048 pinguedinis
655 985 721 1029 non
750 963 889 1047 intelligi
917 965 1067 1048 saginam
1118 989 1187 1035 eam
1213 970 1250 1033 ia
1279 969 1376 1032 aciem
1394 967 1507 1050 gladii,
1528 987 1612 1048 pera
1633 966 1773 1048 vulpium
1799 972 1897 1031 cruat.
1943 967 1993 1032 12.
2018 966 2090 1033 Rcc
2129 968 2132 973 '

97 1050 203 1133 qualis
223 1050 369 1113 cernitur
390 1051 422 1113 in
446 1049 592 1134 profanis
613 1048 809 1126 hominibus,
831 1052 885 1132 qui
909 1051 1068 1132 intempe·
1118 1060 1222 1120 cutem
1243 1053 1406 1119 ledobdm
1427 1053 1463 1116 ia
1484 1052 1561 1131 Deo,
1580 1058 1608 1118 ct
1628 1052 1814 1136 gloriabitur
1836 1054 1982 1135 quaequae
2003 1054 2089 1118 iurat

97 1148 210 1201 ranter
236 1134 435 1199 luxuriando
463 1135 644 1219 ingluviem
669 1155 762 1201 suam
793 1135 934 1219 replent:
968 1146 1067 1216 atque
1115 1161 1174 1224 pcr
1200 1159 1286 1206 cum.-
1313 1139 1388 1220 quie
1418 1138 1590 1204 obstruetur
1615 1158 1651 1204 os
1672 1139 1863 1220 loquentium
1885 1138 2089 1204 mendacitor.

96 1223 142 1286 ite
172 1221 279 1286 obruti
314 1223 405 1302 quasi
437 1231 547 1286 mente
577 1221 780 1305 alienantur,
816 1221 948 1286 modum
978 1222 1066 1285 euim

97 1307 258 1374 satietatis
276 1307 392 1394 statuit
407 1304 526 1384 David,
549 1316 588 1373 ut
605 1318 698 1371 tanto
713 1307 854 1373 aloarius
869 1328 904 1372 se
919 1308 1067 1389 accingat
1206 1309 1257 1374 10.
1279 1308 1338 1395 (Et
1358 1310 1423 1392 ipsi
1444 1309 1519 1374 dum
1541 1309 1719 1394 quaeant.)
1761 1309 1827 1375 Hie
1855 1311 1920 1375 iam
1945 1311 2092 1376 seeurius

97 1391 139 1458 ad
160 1392 323 1460 oanendas
341 1391 404 1456 Dei
426 1391 546 1458 laudes.
1121 1396 1238 1471 David,
1262 1396 1352 1476 quasi
1375 1397 1497 1478 potitus
1519 1396 1665 1473 viatoria,
1695 1396 1847 1460 exsultat.
1893 1396 2089 1479 Quanquam

183 1479 212 1543 t.
228 1476 550 1566 (Ocrtcmcmorcro.)
582 1479 699 1544 Posset
713 1478 810 1543 etiam
828 1478 901 1563 legi,
917 1477 1066 1560 Quando,
1120 1494 1230 1545 autem
1253 1481 1421 1545 Psalmum
1451 1481 1632 1564 composuit
1654 1483 1751 1546 rebus
1771 1481 1838 1546 suis
1861 1481 1994 1564 pacatis,
2024 1503 2089 1546 non

97 1564 149 1630 vel
178 1563 314 1644 Quoties
348 1584 471 1629 memor
501 1585 556 1629 ero
591 1565 653 1641 tui,
685 1565 721 1628 in
751 1565 874 1648 vigiliis
902 1565 1066 1647 precabor.
1120 1567 1254 1632 dubium
1278 1577 1386 1630 tamen
1410 1578 1469 1643 est,
1493 1588 1593 1650 quum
1613 1564 1721 1632 adhue
1739 1588 1757 1630 e
1775 1565 1831 1632 filo
1848 1566 2091 1650 pendereteius

98 1648 163 1716 Sed
186 1650 263 1732 quia
284 1649 513 1716 conditionalis
535 1649 694 1733 partioula
714 1663 773 1735 02<
791 1672 856 1715 nou
880 1651 984 1716 solum
1008 1671 1066 1733 pro
1119 1654 1201 1729 vita,
1242 1653 1322 1717 haee
1361 1652 1473 1716 eadem
1513 1673 1661 1733 sperasse
1701 1672 1785 1734 quae
1817 1666 1930 1734 postea
1962 1653 2090 1718 cecinit.

96 1736 251 1801 adverbio
284 1736 441 1818 temporis
470 1737 626 1813 sumitur,
660 1736 717 1800 sed
747 1734 940 1820 quandoque
968 1736 1066 1800 etiam
1119 1740 1257 1805 Summa
1278 1750 1337 1817 est,
1359 1738 1489 1814 Hostes,
1512 1738 1662 1821 quamvis
1683 1738 1877 1802 immineant
1895 1738 1964 1804 eius
1981 1738 2091 1820 capiti,

95 1822 253 1887 affirmat:
277 1821 365 1886 nolui
389 1821 461 1885 sine
482 1842 580 1888 eausa
602 1831 769 1903 areoepto
787 1843 886 1888 seusu
904 1822 1064 1887 reoedere.
1119 1825 1211 1890 brevi
1230 1835 1339 1890 tamen
1352 1826 1528 1907 perituros:
1549 1825 1624 1907 quia
1637 1824 1727 1900 Deus
1739 1825 1932 1906 praeeipites
1944 1823 2089 1889 deliciet:

97 1906 134 1973 si
157 1907 354 1972 affirmative
376 1908 475 1990 legas,
498 1907 585 1972 idem
607 1908 765 1974 valebunt
783 1908 963 1974 Memorem
985 1927 1065 1985 esso,
1119 1932 1221 1992 neque
1252 1909 1345 1973 modo
1369 1909 1475 1974 tradet
1496 1911 1530 1974 in
1553 1910 1699 1989 exitium,
1729 1909 1784 1974 sed
1808 1910 1927 1975 elfioiat
1949 1921 1985 1973 ut
2006 1910 2090 1973 inse·

96 2007 130 2057 et
158 1992 329 2058 Meditari:
364 1998 489 2075 eritque
521 1991 666 2058 eiusdem
696 1996 877 2059 sententiae
907 1994 1064 2077 repetitio.
1118 1996 1209 2079 pulta
1230 1997 1358 2061 iaeeant
1376 2017 1487 2060 eorum
1506 1995 1673 2060 cadavera.
1708 1994 1794 2059 Nam
1810 1999 1929 2078 portem
1947 1995 2089 2075 arcipiam

96 2080 158 2143 Sin
190 2080 297 2161 magis
330 2078 455 2160 plaoeat
486 2077 714 2145 conditionalis
743 2080 916 2162 partieula,
949 2098 1065 2144 sensus
1117 2102 1192 2161 csse,
1216 2081 1409 2146 tantundem
1429 2081 1516 2145 velet
1534 2092 1631 2164 atque
1650 2101 1669 2144 a
1686 2080 1764 2146 ieris
1783 2085 1890 2144 vorari
1909 2091 1941 2144 et
1959 2081 2087 2145 laniari.

96 2166 166 2239 erit,
197 2162 333 2245 Quoties
362 2164 397 2227 in
427 2173 571 2229 mentem
601 2166 726 2229 venerit
748 2164 812 2230 Dei
842 2187 971 2242 nornen,
998 2163 1065 2229 Da·
1118 2166 1224 2250 Saepe
1253 2175 1361 2231 autem
1387 2187 1525 2249 poenam
1549 2168 1633 2233 hane
1652 2167 1796 2231 minatur
1820 2166 1909 2231 Deus
1932 2166 2088 2250 reprobis,

97 2249 203 2314 videm
223 2250 362 2316 libenter
379 2251 611 2332 eogitaturum,
629 2262 662 2315 et
680 2250 780 2315 verba
795 2252 1065 2316 etiamfaeturum
1118 2252 1174 2319 ubi
1203 2253 1313 2318 hostili
1343 2252 1452 2335 gladio
1482 2253 1647 2334 perierint,
1677 2252 1830 2335 praedam
1854 2251 1925 2317 lore
1946 2252 2034 2335 lupia
2056 2263 2090 2314 et

96 2336 136 2399 da
174 2335 245 2400 eius
286 2335 457 2400 beneflciis.
513 2336 614 2399 Ponit
645 2345 752 2400 autem
787 2337 892 2402 noetis
925 2336 1065 2420 vigilias,
1118 2339 1263 2418 oanibus,
1289 2340 1365 2421 quia
1386 2338 1525 2419 sepulcri
1548 2338 1670 2403 honore
1693 2337 1781 2420 ipsos
1804 2337 1956 2420 privabit.
2001 2336 2087 2402 Gon-

96 2421 173 2503 quia
201 2420 255 2485 ubi
283 2419 434 2485 subducti
463 2442 576 2485 sumus
607 2421 648 2486 ab
676 2421 846 2487 hominum
878 2432 1064 2503 eonspeotu,
1118 2425 1214 2506 tingit
1247 2424 1376 2507 quidem
1413 2423 1576 2488 interdum
1610 2423 1695 2488 idem
1728 2423 1863 2505 optimis
1896 2423 2086 2505 quibusque,

97 2528 163 2570 non
191 2506 285 2571 modo
314 2516 487 2572 recurrunt
507 2526 614 2586 aurae,
644 2507 699 2572 sed
723 2510 852 2572 animus
875 2508 1008 2572 liberius
1030 2529 1066 2572 se
1118 2511 1211 2575 sicuti
1242 2510 1438 2592 temporales
1469 2529 1590 2591 poenas
1611 2508 1704 2572 bonis
1726 2522 1760 2572 et
1782 2509 1877 2572 malis
1899 2528 2088 2572 eommunes

96 2592 237 2675 applicat
268 2592 309 2655 ad
349 2591 408 2657 has
443 2591 494 2656 vel
527 2592 601 2658 illas
633 2595 852 2676 cogitationes.
909 2594 1066 2675 Sequitur
1118 2616 1189 2661 esso
1211 2596 1347 2661 seimus:
1371 2595 1427 2660 sed
1451 2593 1512 2659 hoe
1534 2603 1583 2660 est
1601 2594 1785 2668 disorimen‚
1807 2593 1891 2676 quod
1910 2595 2001 2658 Deus
2019 2614 2088 2657 ser·

96 2697 213 2742 causae
248 2676 394 2756 redditio,
424 2679 501 2761 quia
530 2678 594 2743 Dei
627 2678 750 2744 auxilio
779 2693 929 2745 servatus
951 2682 1064 2744 fuerat.
1119 2703 1233 2746 vorum
1262 2701 1393 2745 suorum
1418 2700 1499 2762 ossa,
1530 2680 1629 2744 etiam
1658 2679 1735 2744 dum
1758 2679 1822 2744 huo
1844 2691 1877 2743 et
1899 2679 1977 2743 illue
1999 2677 2091 2743 dissi·

96 2763 186 2829 Talis
216 2776 323 2828 autem
356 2764 558 2846 experientia
581 2764 631 2850 (ut
655 2765 785 2849 saepius
807 2766 872 2829 iam
895 2764 977 2851 dixi)
999 2786 1065 2829 non
1120 2780 1195 2851 pata
1223 2779 1308 2844 sunt,
1338 2765 1472 2849 colligit,
1505 2776 1539 2829 et
1567 2766 1697 2850 reponit
1726 2767 1786 2830 sub
1816 2764 1904 2828 fideli
1934 2763 2089 2840 custodia,

96 2848 192 2914 modo
218 2849 387 2914 stimulare
410 2870 469 2914 nos
491 2848 588 2915 debet
609 2848 651 2913 ad
672 2851 786 2916 laudes
807 2851 873 2915 Dei
894 2851 1066 2931 oenandae,
1121 2876 1162 2918 no
1191 2852 1276 2934 quod
1307 2871 1348 2915 ex
1370 2850 1435 2916 illis
1457 2859 1583 2932 pereat:
1612 2855 1647 2915 in
1670 2852 1815 2934 reprobis
1838 2864 1945 2914 autem
1968 2850 2090 2914 ossium

96 2934 154 2999 sed
176 2932 335 2999 etiamad
357 2935 578 3000 invocandum
601 2937 672 3002 eius
694 2958 822 3014 nomen,
845 2939 930 3001 sicut
948 2937 1068 3002 dicitur
1121 2939 1287 3021 dispersio,
1311 2938 1433 3002 aeterni
1456 2937 1611 3001 interitus
1633 2937 1836 3018 praeludium
1860 2948 1918 2999 est

97 3020 184 3085 Psal.
207 3022 237 3095 5,
260 3021 297 3086 8:
330 3021 371 3085 In
393 3020 603 3086 multitudine
625 3022 782 3088 bonitatis
803 3031 880 3086 tuae
902 3021 1069 3106 ingrediar
1207 3024 1256 3087 12.
1280 3022 1365 3108 (Rcc
1392 3027 1495 3086 cutem
1523 3023 1689 3086 lactabitur
1710 3023 1743 3084 in
1765 3021 1853 3098 Deo.)
1895 3018 1980 3099 Quia
2000 3018 2092 3084 Deus

97 3106 256 3189 templum
298 3117 401 3171 tuum.
459 3105 611 3172 Soounda
644 3128 720 3189 pars
754 3128 869 3172 versus
903 3107 943 3171 ad
977 3128 1067 3189 spem
1121 3130 1188 3173 non
1217 3109 1311 3172 modo
1340 3108 1494 3190 privatim
1525 3107 1701 3171 auxiliatus
1731 3115 1780 3169 est
1807 3105 1937 3184 Davidi,
1968 3105 2023 3169 sed
2054 3106 2088 3168 in

98 3193 245 3269 refertur,
263 3191 349 3275 quod
364 3191 487 3258 scilieet
503 3192 680 3258 exsultabit
690 3193 808 3273 David,
827 3193 875 3257 vel
894 3193 1067 3269 iubilando,
1121 3196 1191 3259 eius
1209 3214 1357 3276 persona,
1381 3194 1480 3257 totius
1499 3192 1651 3257 eeclesiae
1667 3193 1765 3256 saluti
1780 3191 1954 3266 consuluit,
1972 3191 2089 3254 merito

98 3277 280 3360 triumphos
309 3300 386 3343 suos
416 3291 490 3360 aget
513 3278 573 3343 sub
596 3277 713 3343 umbra
734 3280 860 3344 alarum
884 3277 962 3343 Dei:
993 3281 1070 3361 quia
1121 3280 1282 3362 publicam
1311 3278 1467 3342 laetitiam
1498 3299 1572 3343 cum
1602 3298 1662 3342 sua
1691 3278 1743 3343 hio
1774 3276 1961 3360 coniungit:
1995 3275 2090 3340 sieuti

99 3385 165 3427 non
200 3366 307 3428 minus
341 3385 454 3429 seeure
484 3364 568 3428 laeto
599 3377 631 3428 et
660 3363 757 3428 hilari
790 3364 899 3429 animo
927 3366 1070 3446 quiescet
1121 3368 1218 3430 etiam
1243 3365 1388 3446 aeapite
1411 3364 1570 3446 pendebat
1592 3364 1692 3427 totius
1709 3364 1851 3446 corporis
1873 3362 2090 3426 incolumitas.

98 3450 159 3513 sub
191 3448 352 3530 praesidio
389 3449 466 3526 Dei,
504 3471 601 3533 quam
633 3450 661 3514 si
691 3458 777 3514 esset
812 3463 905 3514 extra
939 3470 1070 3514 omnem
1122 3452 1171 3516 Ao
1204 3452 1257 3532 pia
1290 3451 1541 3533 magnanimitas
1575 3449 1718 3514 notanda
1751 3459 1816 3522 est,
1861 3445 1946 3532 quod
1980 3448 2092 3512 multis

99 3535 212 3599 aleam.
1123 3536 1281 3601 mortibus
1314 3537 1480 3617 obsessus,
1522 3556 1632 3619 regem
1674 3546 1784 3599 tamen
1815 3555 1849 3597 εε
1880 3553 1994 3597 vocare
2026 3553 2092 3597 non

184 3621 214 3684 9.
234 3619 403 3704 (Actaeae
419 3621 551 3708 aniene.)
585 3622 671 3702 Quia
690 3621 826 3685 verbum
844 3629 956 3770 ,Em
974 3641 1070 3704 saepe
1123 3621 1268 3687 dubitat:
1308 3623 1384 3704 quia
1423 3621 1500 3686 lieet
1532 3643 1633 3703 regno
1663 3623 1822 3702 promisso
1857 3641 1922 3683 non
1955 3623 2091 3696 fruatur,

98 3705 345 3790 apprehendere
368 3708 418 3770 vol
443 3708 591 3789 persequi
611 3708 781 3791 signifieat,
805 3727 864 3788 pra
885 3709 996 3771 sertim
1017 3707 1070 3770 ubi
1122 3709 1191 3773 eius
1225 3721 1334 3772 tamen
1369 3707 1602 3788 possessionem
1638 3707 1700 3769 fide
1730 3707 1857 3770 retinet.
1914 3705 2090 3768 Laetitiam

97 3814 173 3857 oum
214 3792 456 3874 praepositione
488 3806 572 3876 ἾΠκ
605 3793 820 3871 construitur,
863 3813 928 3856 non
963 3793 1070 3857 minus
1095 3781 1098 3849 l
1124 3814 1200 3858 vero
1229 3815 1264 3858 ee
1294 3794 1328 3856 in
1352 3793 1422 3856 Deo
1452 3806 1623 3872 capturum
1655 3790 1775 3868 dicens,
1805 3801 1934 3873 gratum
1965 3810 1999 3852 se
2026 3789 2094 3853 lore

99 3876 271 3960 quadrabit
297 3877 378 3941 haec
406 3880 523 3957 versio,
552 3880 673 3944 Anima
700 3899 774 3942 mea
796 3890 870 3960 post
892 3889 923 3942 te
948 3891 1070 3961 perget,
1123 3878 1304 3962 praedicat:
1327 3877 1383 3942 sed
1407 3878 1535 3941 extollit
1552 3877 1616 3940 Dei
1639 3879 1787 3958 gratiam,
1812 3877 1886 3957 quia
1906 3872 1946 3939 ad
1966 3875 2093 3956 piorum

99 3964 152 4029 vel
174 3963 358 4029 oontendet.
403 3962 500 4044 Quod
523 3965 551 4028 si
573 3962 784 4030 Adhaerendi
808 3965 944 4028 verbum
967 3965 1071 4048 magis
1123 3966 1269 4029 omnium
1299 3963 1578 4028 oonservationem
1609 3964 1778 4044 pertineat.
1824 3963 1978 4025 Diximus
2005 3962 2092 4023 enim

99 4050 234 4132 placeat,
264 4055 400 4132 utroque
429 4062 538 4114 mmen
569 4052 662 4115 modo
692 4050 856 4133 significat
878 4049 985 4113 David
1016 4070 1072 4113 eor
1124 4062 1244 4115 statum
1278 4049 1371 4113 eleeti
1401 4048 1512 4130 populi
1542 4061 1621 4112 tune
1650 4069 1716 4112 uon
1739 4048 1835 4112 aliter
1857 4047 2000 4128 potuisse
2024 4067 2094 4111 osse

100 4156 196 4200 snum
220 4137 315 4200 lirma
335 4137 580 4217 perseverantia
601 4157 729 4218 semper
751 4135 888 4200 affixum
905 4136 971 4199 fore
989 4134 1069 4199 Deo.
1124 4136 1251 4200 salvum
1285 4154 1381 4218 quam
1415 4135 1547 4215 vigente
1579 4146 1613 4197 et
1643 4134 1778 4197 florente
1809 4131 1951 4197 Devidis
1983 4152 2094 4215 regno,

100 4221 174 4286 Hoo
194 4221 282 4285 enim
302 4221 392 4284 valet
414 4219 511 4286 diotio
532 4231 673 4318 &pq-pq:
696 4220 857 4301 Quamvis
876 4220 1008 4303 longum
1034 4240 1072 4284 ao
1096 4228 1099 4341 j
1125 4223 1199 4304 quia
1224 4220 1284 4285 sub
1309 4220 1417 4303 figura
1437 4219 1494 4283 illa
1515 4219 1630 4284 dooere
1654 4240 1711 4282 nos
1737 4218 1841 4284 voluit
1863 4218 1963 4296 Deus,
1994 4233 2096 4282 totam

100 4304 234 4371 diffieile
256 4306 320 4370 iter
341 4307 446 4371 lacere
463 4319 619 4390 oporteat,
643 4307 828 4390 multaeque
848 4327 993 4371 remorae
1011 4306 1071 4370 im·
1124 4318 1270 4372 nostram
1294 4307 1480 4371 felicitatem
1503 4315 1536 4368 et
1556 4303 1692 4388 gloriam
1717 4305 1748 4368 iu
1767 4306 1900 4370 Christo
1924 4303 2096 4366 fundatam

100 4392 251 4475 pediant,
281 4393 347 4455 imo
377 4393 526 4475 quamvis
554 4392 647 4459 Deus
676 4392 748 4474 ipse
775 4393 888 4477 procul
918 4391 1070 4468 discedat,
1126 4415 1206 4459 esse.
1243 4393 1307 4457 Per
1328 4392 1457 4472 eosqui
1478 4391 1639 4455 iurantia
1657 4389 1868 4467 Dcinominc,
1892 4391 1962 4471 pios
1981 4407 2094 4452 omnes

101 4477 265 4543 Davidem
297 4478 429 4543 minimo
460 4478 675 4561 defetigatum
704 4478 744 4541 iri
779 4480 856 4562 quin
886 4488 1072 4544 constanter
1125 4480 1195 4543 eius
1234 4478 1375 4544 cultores
1408 4476 1640 4560 synecdochice
1674 4475 1832 4560 designat.
1888 4474 1975 4554 Quia
2009 4473 2097 4536 enim

103 4574 225 4664 pergat.
256 4563 424 4629 Posterius
440 4564 622 4629 membrum
641 4563 831 4646 simplieiter
848 4574 958 4646 posset
972 4563 1071 4645 acoipi
1125 4567 1250 4647 speeies
1278 4579 1327 4628 est
1356 4564 1459 4628 divini
1489 4563 1607 4638 cultus,
1638 4573 1781 4628 statuere
1812 4583 1886 4626 eum
1917 4570 2032 4624 testem
2059 4577 2098 4622 eo

103 4650 144 4714 de
165 4649 231 4728 illa,
261 4649 353 4714 cuius
376 4650 466 4732 prius
488 4650 646 4728 meminit,
676 4648 885 4715 liberatione:
914 4669 951 4712 ac
973 4648 1001 4714 si
1024 4648 1073 4712 di·
1098 4710 1101 4745 l
1125 4651 1281 4729 iudicem,
1311 4650 1442 4732 piatatis
1473 4647 1628 4730 professio
1657 4669 1753 4729 saepe
1781 4669 1840 4731 per
1868 4643 2098 4711 iusiurandum

101 4746 191 4820 aeret
210 4735 366 4817 optimam
388 4734 450 4800 sibi
473 4735 630 4800 fulturam
654 4754 734 4812 esse,
758 4758 799 4801 ne
818 4735 948 4800 deficiat
965 4734 1072 4798 Deum
1098 4750 1101 4819 ξ
1126 4736 1329 4817 intelligitur,
1352 4756 1417 4799 non
1440 4734 1525 4817 quod
1541 4734 1631 4799 Deus
1647 4735 1734 4797 inter
1749 4753 1860 4798 servos
1876 4753 1951 4796 suos
1966 4741 2100 4794 senseat

103 4819 291 4904 quaerendo
322 4830 355 4884 et
383 4821 558 4904 sequendo,
589 4820 666 4905 quia
695 4822 765 4886 eius
791 4843 889 4886 manu
914 4822 1073 4886 haetenus
1099 4848 1102 4893 :
1127 4824 1310 4904 quicunque
1327 4823 1360 4884 in
1377 4842 1431 4885 ore
1447 4819 1570 4884 habent
1585 4841 1712 4884 sacrum
1729 4821 1800 4882 eius
1815 4837 1944 4893 nomen,
1966 4814 2099 4898 quando

103 4914 213 4972 rectus
233 4915 267 4970 et
283 4906 412 4990 integer
430 4909 532 4972 stetit.
564 4907 636 4991 Ego
655 4917 762 4971 tamen
779 4907 908 4990 longius
924 4906 1075 4984 extendo,
1099 4900 1102 4995 l
1128 4908 1275 4971 etmulti
1298 4906 1455 4971 scelerate
1478 4903 1651 4987 peierando
1674 4904 1775 4968 atroci
1798 4925 1871 4967 eum
1901 4902 2100 4965 contumelia

103 4993 189 5074 quod
223 4992 285 5057 sibi
318 4992 441 5057 donum
478 4993 679 5059 constantiae
709 5014 729 5058 a
757 4994 874 5075 spiritu
906 4991 968 5056 Dei
1001 5012 1075 5074 pro·
1100 5034 1102 5095 γ
1128 4993 1288 5056 affioiunt:
1318 4992 1373 5055 alii
1405 4993 1500 5055 otiam
1531 4989 1657 5055 levibus
1687 4999 1720 5052 et
1748 4989 1875 5053 frivolis
1904 4986 2100 5052 iuramentis

103 5079 212 5142 mittat
235 5078 355 5143 David.
395 5079 503 5144 Nimis
525 5081 611 5144 enim
634 5078 807 5161 magnifiee
828 5081 991 5160 iactasset,
1014 5077 1074 5141 sibi
1129 5078 1255 5142 violant
1273 5076 1324 5141 vel
1347 5077 1546 5141 imminuunt
1568 5077 1637 5139 eius
1660 5076 1881 5138 maiestatem:
1906 5073 2099 5156 hypocritae

103 5164 144 5228 ad
176 5175 359 5229 extremum
389 5185 493 5248 usquo
520 5166 556 5229 in
580 5167 650 5230 Deo
679 5164 902 5247 persequendo
933 5165 983 5228 vel
1007 5183 1075 5227 am·
1129 5184 1208 5228 vero
1238 5183 1408 5245 perperam
1431 5164 1501 5226 eius
1525 5162 1657 5225 nomine
1679 5160 1876 5224 abutuntur:
1908 5159 1966 5224 ssd
1988 5158 2099 5222 David

104 5250 268 5334 plexsmlo
290 5263 492 5316 oonstautem
517 5250 586 5315 lore
609 5250 710 5314 animi
733 5252 895 5329 affectum,
918 5250 980 5314 nisi
999 5269 1075 5314 mox
1100 5262 1103 5297 ¹
1131 5270 1198 5314 non
1221 5249 1302 5313 alios
1327 5249 1379 5313 hie
1399 5247 1549 5330 designat
1571 5247 1632 5310 nisi
1656 5246 1713 5329 qui
1734 5247 1841 5312 sobrie
1859 5255 1893 5310 et
1911 5253 2100 5310 reverenter

1845 5347 1897 5403 ὅθί
