4658 5856
209 325 272 391 327
1005 319 1223 391 Psauntus
1246 319 1418 387 XXXIII.
2137 315 2201 381 328

209 513 321 581 credat
342 514 382 578 ab
400 535 438 578 eo
460 513 569 579 curari
592 533 644 579 res
662 513 832 591 humanas,
854 511 1031 595 mundique
1054 520 1177 576 statum
1316 509 1345 574 l.
1380 508 1600 595 (Conprepceit
1639 510 1718 576 sicat
1750 508 1908 575 camalam
1940 526 2042 589 equas
2075 501 2201 588 maris.)

209 600 279 666 eius
311 599 446 665 consilio
480 608 513 665 et
544 620 644 663 manu
678 596 877 682 gubernari?
919 597 1039 663 Mundi
1068 606 1177 661 antem
1202 556 1206 661 l
1229 595 1305 661 Non
1336 597 1448 661 omnia
1474 617 1556 680 quae
1587 596 1627 660 da
1649 595 1788 680 singulis
1817 594 1931 659 mundi
1963 591 2109 678 partibus
2139 590 2202 655 dici

209 684 331 753 creatio
353 684 394 750 ad
413 685 477 750 Dei
500 683 738 767 providentiam
761 684 914 750 continua
936 684 1020 748 serie
1042 704 1102 747 nos
1124 682 1178 746 de·
1202 664 1206 731 l
1229 690 1391 764 poterant,
1423 682 1637 765 prosequitur,
1669 683 1726 746 sad
1758 681 1900 746 breviter
1929 679 1989 745 sub
2021 697 2087 776 nna
2108 688 2202 759 parte

210 770 314 838 ducit:
344 792 409 837 non
439 769 524 854 quod
555 779 620 833 tam
650 769 765 834 dextre
794 769 1030 834 ratiocinantur
1052 787 1178 846 omnes,
1230 765 1310 833 alias
1346 786 1459 832 omnes
1489 767 1648 850 designat.
1693 765 1908 833 Commendat
1935 775 2043 829 autem
2072 763 2201 846 insigne

210 857 261 925 vel
297 868 362 922 tam
396 867 486 921 recto
519 856 639 921 iudicio
673 853 811 938 praediti
844 855 921 932 sint,
949 865 989 919 ut
1016 853 1177 919 mundum
1230 855 1265 919 in
1292 852 1405 918 mundi
1428 854 1608 936 superficie,
1637 861 1670 919 et
1698 853 1834 937 dignum
1862 860 1974 917 notatu
1996 847 2201 926 miraculum,

209 950 357 1010 statuant
378 942 490 1006 eadem
503 943 565 1006 Dei
589 943 721 1019 virtute,
745 961 827 1022 quae
848 962 883 1006 se
905 941 939 1005 in
962 940 1018 1005 illo
1040 939 1178 1006 creando
1231 940 1315 1023 quod
1338 939 1431 1005 Deus
1458 939 1655 1004 elementum
1687 959 1790 1022 aquae
1820 935 1956 1002 fluidum
1985 945 2019 1002 et
2036 933 2202 1012 instabile,

210 1027 310 1094 semel
333 1029 488 1103 exseruit,
511 1026 606 1091 hodio
629 1028 800 1091 sustineri:
831 1027 909 1108 quin
939 1027 1048 1110 potius
1075 1025 1180 1090 maior
1231 1028 1336 1091 instar
1365 1023 1460 1090 solidi
1487 1025 1598 1091 acervi
1625 1024 1795 1090 collectum
1826 1043 1887 1090 suo
1916 1021 2050 1089 arbitrio
2077 1029 2201 1085 teneat.

210 1135 286 1198 pars
309 1135 383 1179 eum
406 1134 424 1179 e
446 1113 534 1179 coelo
564 1114 701 1177 otiosum
725 1124 873 1197 spectare
901 1113 998 1196 fingit
1023 1109 1179 1194 quidquid
1231 1112 1392 1176 Fatentur
1414 1111 1501 1175 anim
1519 1109 1655 1194 physici,
1678 1122 1711 1175 et
1732 1108 1934 1194 experientia
1949 1107 2056 1191 palem
2071 1106 2201 1183 clamat,

202 1202 245 1279 „in
269 1200 365 1265 terris
388 1199 505 1282 agitur.
550 1196 617 1264 Sed
640 1198 734 1262 aliter
763 1199 826 1262 rite
855 1217 951 1262 nemo
973 1206 1064 1262 tenet
1085 1218 1179 1260 mun·
1233 1217 1332 1280 aquas
1362 1207 1450 1279 terra
1472 1196 1655 1279 superiores
1677 1218 1759 1262 esse.
1781 1193 1893 1276 Quum
1916 1191 2058 1277 liquidae
2079 1193 2145 1258 sint
2168 1201 2202 1253 et

211 1283 288 1350 dum
319 1284 433 1350 aDeo
461 1282 637 1361 conditum,
672 1284 736 1348 nisi
765 1304 940 1367 persuasus
970 1302 1098 1366 quoque
1128 1282 1180 1360 sit,
1233 1281 1399 1362 diffluant,
1431 1283 1487 1365 qui
1518 1283 1556 1347 fit
1584 1292 1620 1347 ut
1649 1303 1685 1347 se
1714 1303 1779 1347 non
1810 1279 1984 1346 effundant
2011 1278 2053 1344 ad
2072 1290 2202 1341 terram

211 1369 384 1436 abeodem
407 1370 509 1435 foveri
538 1381 570 1434 et
592 1370 781 1434 conservari
809 1370 844 1434 in
868 1390 928 1434 suo
950 1378 1047 1434 statu.
1092 1365 1181 1435 Scite
1233 1367 1444 1447 obruendam,
1478 1380 1511 1432 et
1540 1368 1620 1432 haee
1649 1387 1734 1451 quae
1762 1367 1831 1432 loeo
1860 1365 1997 1430 inferior
2026 1372 2085 1438 est,
2118 1362 2204 1427 sicea

211 1457 312 1541 igitur
341 1468 374 1520 et
400 1465 473 1538 apte
496 1455 664 1538 propbeta,
696 1466 731 1519 ut
763 1453 854 1521 nobis
877 1453 1103 1520 certitudinem
1127 1454 1178 1516 in·

211 1542 291 1626 figat
316 1541 542 1625 providentiae
565 1540 629 1606 Dei
658 1542 691 1605 in
715 1541 869 1606 continuo
898 1552 1036 1605 naturae
1058 1539 1180 1616 ordine,

211 1647 272 1694 nos
305 1626 345 1692 ad
379 1628 483 1710 ipsam
517 1626 631 1690 mundi
671 1626 832 1711 originem
869 1633 1010 1692 revocat.
1065 1625 1181 1700 Porro,

210 1733 328 1777 nomen
358 1714 520 1778 coelorum
550 1711 783 1796 synecdochice
813 1733 870 1795 pro
893 1713 1047 1778 universa
1067 1709 1182 1776 mundi

210 1798 364 1864 machina
389 1799 516 1882 posuit:
549 1799 625 1879 quia
654 1796 706 1882 (ut
729 1796 808 1862 alibi
830 1797 954 1863 dietum
977 1795 1040 1882 est)
1069 1817 1181 1862 eorum

209 1884 353 1949 maxime
376 1894 555 1966 conspectu
577 1885 611 1948 in
635 1883 884 1949 admirationem
907 1884 1063 1966 rapimur.
1104 1882 1182 1946 Ideo

210 1990 286 2034 mox
315 1969 406 2034 addit
434 1990 545 2034 eorum
577 1970 774 2034 exereitum:
803 1990 867 2052 qua
906 1991 986 2035 voce
1013 1968 1120 2034 sidera
1149 1977 1182 2032 et

210 2055 322 2120 stellas
345 2055 510 2139 intelligit,
542 2055 661 2119 usitato
694 2058 874 2136 scripturae
906 2073 1014 2120 mora:
1048 2074 1124 2119 nam
1154 2053 1183 2118 si

210 2139 272 2206 hoe
288 2150 406 2206 ornatu
423 2150 572 2206 carerent
586 2140 676 2216 coeli,
700 2138 936 2222 quodammodo
952 2139 1045 2207 vaani
1064 2150 1182 2205 essent.

211 2224 328 2292 Ocelos
351 2235 458 2292 autem
482 2225 593 2291 dicens
617 2225 715 2290 verbo
737 2224 802 2291 Dei
823 2224 981 2306 conditos,
1003 2227 1183 2308 potentiam

210 2311 281 2377 aius
312 2313 417 2395 magis
446 2311 633 2393 amplificat,
667 2310 753 2392 quod
786 2312 854 2377 solo
886 2319 970 2376 nutu
999 2321 1182 2384 contentus,

212 2417 318 2478 neque
350 2397 557 2463 accersiverit
590 2395 722 2462 aliunde
752 2396 913 2474 subsidia,
946 2417 1052 2481 neque
1085 2398 1181 2462 etiam

211 2482 352 2547 multum
391 2503 508 2566 operae
548 2483 599 2548 vel
636 2482 758 2548 laboris
798 2481 994 2565 impenderit
1034 2481 1074 2548 ad
1115 2495 1181 2546 tam

210 2567 419 2649 splendidum
441 2577 475 2634 et
497 2568 605 2634 nobile
631 2567 805 2650 opificium.
852 2567 1049 2650 Quanquam
1073 2579 1182 2632 autem

211 2651 349 2719 verbum
369 2654 433 2720 Dei
456 2663 489 2719 at
512 2655 662 2736 spiritum
685 2652 751 2718 oris
774 2663 839 2718 tam
863 2654 1009 2718 externis
1032 2653 1183 2717 omnibus

211 2739 338 2822 mediis,
360 2760 459 2822 quam
482 2739 601 2804 laboris
624 2737 809 2804 difficultati
839 2759 922 2821 quae
952 2741 984 2803 in
1007 2741 1080 2805 Deo
1102 2738 1184 2821 fingi

212 2837 331 2908 posset,
353 2825 504 2907 opposuit
526 2823 702 2907 propbeta:
725 2844 802 2889 vere
822 2834 930 2889 tamen
949 2837 982 2889 et
999 2836 1089 2889 certo
1106 2823 1184 2889 hinc

211 2909 388 2993 colligitur,
419 2907 577 2975 mundum
608 2931 666 2995 per
696 2919 867 2975 aeternum
898 2909 964 2975 Dei
992 2930 1185 2989 sermonem,

212 2994 269 3076 qui
298 2994 404 3061 Filius
434 3007 484 3061 est
516 2996 716 3080 unigenitus,
744 2995 938 3061 fabricatum
974 3017 1056 3062 esse.
1101 2994 1186 3061 Sub·

1234 1453 1398 1519 emineat?
1432 1453 1498 1520 Hio
1520 1453 1855 1537 certa‘perspioimus,
1882 1450 1991 1516 Deum
2014 1460 2052 1514 ut
2072 1447 2205 1532 generis

1234 1541 1369 1606 humani
1399 1539 1496 1605 saluti
1518 1538 1714 1616 consuleret,
1744 1538 1874 1604 arcanis
1903 1534 2078 1620 aggeribus
2103 1552 2205 1616 aquas

1234 1625 1427 1704 cohibuisse,
1461 1635 1493 1690 et
1526 1625 1621 1691 hodia
1654 1636 1766 1691 tenera
1795 1624 1940 1690 clausas:
1974 1630 2008 1685 et
2036 1620 2206 1704 eleganter

1233 1710 1393 1796 propheta
1403 1713 1495 1778 iussn
1509 1711 1574 1776 Dei
1589 1711 1767 1777 consistere
1788 1709 1984 1793 pronuntiat
1997 1727 2035 1773 ac
2046 1708 2074 1773 si
2091 1707 2206 1770 firmae

1234 1808 1267 1864 et
1289 1795 1411 1863 solidae
1439 1798 1596 1863 materiae
1624 1818 1760 1863 acervus
1789 1799 1882 1871 foret,
1912 1814 1973 1860 nea
1998 1792 2057 1858 aba
2085 1791 2207 1856 reboo

1235 1883 1366 1949 divinae
1388 1883 1521 1949 virtutis
1549 1883 1714 1965 specimen
1732 1881 1809 1947 alibi
1832 1878 2041 1945 commendat
2057 1877 2206 1961 spiritns,

1235 1969 1331 2035 sicuti
1346 1968 1505 2035 Ieremias
1527 1967 1558 2044 5,
1579 1968 1632 2034 22.
1655 1978 1689 2034 et
1712 1967 1781 2034 Iob.
1800 1967 1853 2046 38,
1875 1967 1906 2033 8.
1941 1963 2096 2032 Secunda
2111 1973 2207 2047 parte

1235 2075 1350 2121 versus
1379 2053 1510 2120 videtur
1539 2054 1601 2120 hoc
1629 2056 1735 2137 ipsum
1757 2061 1916 2137 repetere,
1949 2051 2006 2116 sed
2031 2070 2105 2117 aum
2136 2068 2206 2112 am·

1235 2139 1449 2222 plifioatione:
1494 2141 1572 2223 quia
1608 2140 1699 2206 Deus
1738 2161 1804 2205 non
1842 2147 1970 2203 tantum
2010 2137 2208 2201 immensam

1235 2246 1392 2309 aquarum
1423 2224 1543 2291 molem
1572 2226 1604 2291 in
1636 2226 1722 2291 mari
1750 2235 1943 2308 compescat,
1976 2221 2034 2287 sad
2063 2223 2097 2287 in
2126 2218 2209 2317 ipsis

1235 2332 1365 2395 quoque
1387 2321 1494 2377 terrae
1518 2310 1696 2378 visceribus
1714 2312 1799 2377 mira
1827 2320 1860 2375 et
1882 2304 2207 2391 incomprehensibili

1235 2400 1358 2463 virtute
1380 2397 1545 2463 recondat.
1590 2397 1676 2462 Nam
1699 2397 1844 2480 quisquis
1873 2396 2034 2461 elementa
2064 2393 2207 2458 interae

1237 2484 1391 2560 conferat,
1422 2493 1552 2565 praeter
1581 2494 1733 2548 naturam
1755 2483 1829 2547 fieri
1852 2482 1946 2558 dicat,
1965 2490 2004 2546 nt
2020 2475 2131 2563 abyssi
2153 2475 2208 2541 vel

1235 2569 1388 2635 immensi
1418 2570 1565 2653 gurgites
1593 2589 1751 2651 aquarum
1780 2568 1896 2634 subtus
1924 2577 2048 2632 terram
2070 2564 2209 2642 lateant,

1235 2654 1290 2737 qui
1321 2654 1428 2736 potius
1456 2653 1637 2720 debuerant
1666 2676 1737 2720 eam
1768 2654 1988 2737 submergere.
2023 2652 2132 2732 Atque
2154 2646 2210 2712 hio

1236 2738 1339 2805 altera
1362 2758 1491 2822 quoque
1513 2739 1577 2804 Dei
1601 2741 1708 2805 virtus
1730 2740 1880 2824 refulget,
1905 2736 1989 2822 quod
2012 2743 2136 2802 terram
2160 2741 2210 2799 tot

1235 2825 1308 2891 cavi
1342 2835 1469 2890 meatus
1499 2834 1533 2889 et
1562 2827 1734 2910 voragines
1764 2845 1830 2890 non
1860 2822 2000 2908 singulis
2028 2819 2210 2888 momentis

1237 2910 1441 2977 absorbeant
1485 2911 1570 2976 Nam
1600 2913 1661 2976 etsi
1684 2911 1851 2976 chasmate
1880 2908 2046 2974 interdum
2067 2914 2211 2990 pereunt

1238 2996 1334 3062 urbes
1348 3007 1411 3060 eta
1452 2997 1473 3075 i,
1486 2999 1603 3080 corpus
1615 3009 1725 3062 tamen
1736 2998 1843 3079 ipsum
1853 2996 1886 3060 in
1899 3015 1958 3061 suo
1969 2993 2074 3080 gradu
2086 3000 2210 3057 manet.

213 3080 304 3146 tilius
327 3092 455 3148 veteres
483 3080 544 3148 hoa
572 3081 677 3165 elogio
704 3081 754 3146 usi
784 3092 862 3146 sunt
891 3090 1004 3147 contra
1026 3079 1187 3148 Sabellia·
1323 3081 1353 3148 8.
1429 3083 1522 3148 imeet
1552 3102 1574 3147 a
1603 3081 1716 3148 Ieboea
1748 3083 1851 3147 mia
1880 3086 1975 3147 terra.
2031 3077 2211 3145 Concludit

213 3187 283 3245 nos,
306 3180 341 3230 ut
364 3177 532 3233 aeternam
555 3167 690 3251 spiritus
712 3166 866 3232 deitatem
891 3176 1086 3233 assererent.
1123 3165 1185 3232 Aa·
1238 3167 1359 3234 iustam
1376 3187 1447 3233 essa
1465 3188 1596 3234 oausam
1615 3189 1673 3234 cur
1691 3178 1880 3233 reverenter
1898 3165 2049 3232 subiiciat
2063 3185 2100 3229 se
2117 3171 2211 3227 totus

213 3252 270 3335 qui
303 3272 345 3316 ax
376 3253 449 3319 aliis
480 3252 559 3319 locis
589 3261 689 3337 patet,
718 3272 756 3317 ac
783 3253 977 3336 praesertim
999 3275 1041 3318 ax
1062 3252 1186 3319 Iasaiae
1238 3253 1326 3320 orbis
1348 3252 1486 3337 imperio
1505 3253 1578 3330 Dei,
1608 3273 1711 3336 aquo
1734 3274 1827 3318 suam
1856 3252 1955 3318 babet
1977 3249 2149 3333 originem,
2177 3256 2212 3311 et

213 3357 282 3419 cap.
307 3338 358 3404 11.
382 3360 465 3404 vers.
488 3338 520 3405 4.
542 3338 662 3421 spiritu
685 3338 752 3403 oris
775 3339 881 3404 notari
903 3358 1096 3416 sermonem,
1119 3337 1187 3404 illia
1239 3360 1344 3422 aquo
1366 3348 1526 3404 servatur.
1569 3338 1654 3404 Nam
1677 3341 1794 3405 timere
1820 3348 1853 3404 et
1874 3347 2020 3404 metuere
2042 3356 2062 3400 a
2082 3333 2212 3398 Iebova

214 3424 301 3486 enim
335 3423 375 3487 do
399 3423 532 3489 Obristo
566 3424 695 3490 dicitur.
736 3424 904 3490 Parentiet
936 3433 1058 3490 terram
1092 3425 1186 3508 virga
1239 3424 1320 3490 nihil
1344 3423 1433 3490 alind
1455 3433 1505 3490 est
1526 3444 1624 3508 qnam
1647 3423 1885 3490 formidabilem
1912 3424 1983 3489 aius
2013 3430 2208 3505 potestatam

214 3509 281 3572 oris
312 3509 373 3587 sui,
408 3521 441 3573 et
473 3508 593 3593 spiritu
628 3508 789 3573 labiorum
829 3509 1005 3574 interficiet
1037 3511 1184 3593 impium.
1239 3511 1412 3593 suscipere.
1457 3510 1519 3575 Est
1550 3519 1660 3576 autem
1695 3511 1756 3577 hoc
1790 3509 1888 3574 nimis
1919 3509 2020 3576 crassi
2052 3503 2209 3588 stuporis,

215 3592 310 3658 Sient
327 3601 438 3658 autem
456 3602 618 3676 potestate
636 3602 670 3658 et
687 3594 831 3659 efficacia
848 3593 964 3677 planus
982 3615 1088 3660 sermo
1107 3596 1185 3660 alle·
1239 3616 1307 3661 non
1344 3594 1514 3662 intendere
1550 3596 1591 3661 ad
1620 3595 1687 3661 Dai
1724 3594 1960 3678 praesentiam,
2004 3615 2025 3659 a
2057 3610 2122 3675 qno
2159 3598 2212 3654 est

215 3679 323 3764 gorice
354 3689 488 3745 vocatur
518 3681 584 3745 oris
605 3688 786 3762 sceptrum:
816 3681 863 3744 ita
891 3679 954 3744 alio
983 3681 1049 3745 fine
1076 3691 1187 3762 postea
1238 3691 1389 3746 nastrum
1422 3702 1504 3763 esse,
1537 3691 1571 3747 et
1602 3682 1637 3746 in
1666 3702 1730 3766 quo
1763 3692 1870 3747 status
1903 3690 2014 3746 noster
2041 3675 2210 3745 consistit:

217 3765 337 3831 dicitur
370 3766 508 3844 halitus,
542 3766 582 3830 ad
614 3765 789 3831 discrimen
817 3764 996 3831 notandum
1026 3766 1187 3831 sermonis
1239 3773 1415 3849 utrumque
1442 3768 1529 3832 enim
1560 3769 1693 3852 attingit
1714 3766 1886 3852 propheta,
1908 3767 2018 3831 orbem
2041 3762 2143 3829 fnisse
2165 3760 2210 3826 si·

216 3850 280 3915 Dei
310 3861 344 3914 et
370 3852 480 3918 inanis
508 3851 723 3928 resonantiae,
755 3870 838 3933 quae
865 3873 907 3916 ex
936 3871 993 3917 era
1015 3851 1185 3917 hominum
1238 3851 1358 3917 mnlac
1381 3852 1472 3919 Deus
1494 3853 1649 3936 loquutus
1670 3863 1729 3933 est,
1750 3863 1784 3919 at
1805 3852 1877 3917 ains
1899 3847 2212 3930 mandatoaliqnam¹

217 3935 334 4017 prodit.
390 3938 481 4021 Ergo
515 3937 548 4001 in
581 3935 750 4021 probanda
789 3936 908 4002 deitate
941 3938 1090 4020 spiritus,
1125 3935 1187 4002 hoa
1239 3936 1393 4003 babuisse
1422 3947 1561 4003 statum:
1591 3941 1665 4022 quia
1694 3961 1759 4004 non
1788 3939 1869 4004 satis
1899 3937 2015 4003 fuisset
2042 3942 2210 4000 momento

219 4022 403 4086 testimonio
426 4022 606 4088 Sabellium
633 4042 752 4106 urgere
778 4043 845 4086 non
869 4023 1030 4089 auderem.
1076 4021 1187 4104 Quare
1240 4024 1309 4090 eius
1341 4022 1525 4100 conditum,
1559 4023 1623 4090 nisi
1656 4024 1810 4090 suffultus
1843 4023 1905 4087 Dei
1939 4022 2063 4087 virtute
2095 4026 2211 4086 staret.

217 4106 312 4170 nobis
334 4107 483 4188 sufficiat,
506 4108 614 4174 Deum
633 4108 733 4173 verbo
750 4127 809 4173 suo
832 4109 877 4172 ita
894 4109 998 4175 coelos
1020 4112 1188 4188 formasse,
1239 4108 1332 4173 Deus
1354 4129 1433 4192 ergo
1455 4128 1520 4174 non
1544 4128 1663 4194 magno
1685 4118 1845 4193 apparatu
1868 4106 1909 4174 ad
1931 4106 2047 4173 mundi
2068 4103 2211 4173 creatio·

218 4201 256 4256 ut
275 4191 351 4257 hinc
374 4195 528 4275 probetur
549 4203 683 4259 aeterna
704 4192 829 4258 (lhristi
853 4192 1018 4260 divinitas.
1056 4193 1092 4260 Si
1115 4194 1187 4276 quis
1240 4216 1314 4259 nem
1338 4214 1417 4259 usna
1438 4204 1505 4259 est:
1527 4193 1583 4260 sad
1606 4204 1642 4259 ut
1663 4196 1815 4277 probaret
1836 4193 2030 4259 immensam
2049 4189 2142 4257 verbi
2158 4188 2212 4254 sni

218 4277 348 4342 obiiciat
370 4300 435 4343 non
458 4280 526 4343 fors
549 4279 718 4345 distinctas
741 4298 905 4360 personas,
928 4280 956 4345 si
979 4301 1075 4346 voces
1097 4279 1186 4346 verbi
1242 4281 1428 4362 potentiam,
1457 4279 1553 4344 iussit
1581 4291 1616 4345 ut
1638 4283 1811 4364 imparium
1839 4281 1988 4363 protinus
2009 4285 2097 4343 esset
2118 4294 2212 4358 opus.

219 4372 252 4428 at
272 4363 408 4444 spiritus
430 4365 498 4430 sint
525 4384 746 4450 synonymae:
771 4363 949 4448 respondeo
977 4386 1043 4430 non
1065 4364 1186 4448 simpli·
1240 4364 1424 4442 (laetarum,
1447 4364 1583 4431 verbum
1607 4365 1784 4432 mundandi
1808 4365 1981 4431 confirmat
2002 4360 2089 4447 quod
2111 4358 2213 4445 paulo

219 4449 300 4516 citer
330 4450 482 4532 spiritum
511 4448 565 4515 hic
591 4452 668 4532 poni
700 4462 736 4515 ut
768 4449 843 4515 aliis
875 4450 973 4535 locis,
1005 4452 1039 4515 in
1071 4451 1188 4534 quibus
1241 4463 1318 4516 anta
1351 4450 1510 4528 diximus,
1552 4471 1734 4517 sermonem
1770 4453 1851 4516 nihil
1884 4449 1974 4516 aliud
2007 4469 2079 4515 esse
2134 4465 2214 4511 uam

220 4543 331 4617 aperte
360 4557 378 4599 a
408 4536 508 4602 verbo
530 4535 751 4620 distinguitur,
781 4533 840 4601 sed
866 4537 1006 4620 figurate
1035 4536 1188 4620 spiritum
1241 4546 1370 4613 nutum,
1393 4545 1427 4601 et
1448 4536 1536 4619 loqui
1560 4537 1642 4603 nibil
1666 4537 1754 4602 aliud
1776 4557 1874 4621 qnam
1895 4536 2025 4602 iubare:
2053 4553 2099 4617 qn
2160 4539 2213 4595 ta-

220 4622 285 4686 oris
312 4621 384 4704 ipsa
413 4621 678 4704 pronuntiatione
701 4622 802 4695 sumi,
832 4642 870 4687 aa
896 4623 924 4686 si
947 4621 1071 4688 dictum
1093 4633 1188 4702 esset,
1240 4643 1315 4687 men
1339 4623 1386 4689 sio
1407 4620 1555 4704 accipere
1576 4626 1736 4702 convenit,
1759 4635 1798 4688 ut
1820 4623 1855 4687 in
1872 4623 1931 4688 hoe
1947 4629 2031 4686 nutu
2047 4618 2101 4685 vel
2117 4637 2214 4683 man·

220 4706 317 4772 simul
340 4727 377 4772 ao
400 4707 538 4772 halitum
562 4708 651 4772 vocis
674 4727 752 4772 suae
774 4708 883 4772 amisit
906 4707 1007 4788 Deus,
1037 4708 1090 4774 vel
1113 4729 1187 4793 pro·
1241 4707 1317 4773 dato
1340 4729 1375 4774 sa
1397 4707 1541 4792 proferat
1560 4720 1694 4774 aeterna
1717 4711 1780 4774 Dai
1803 4709 1972 4792 sapientia.

221 4793 297 4856 tulit
331 4794 430 4860 verbo
464 4793 541 4876 quid
576 4792 647 4856 fieri
680 4793 786 4871 vellet,
819 4794 927 4858 coelos
964 4804 1097 4877 repente
1131 4815 1188 4859 ex·

221 4878 353 4957 stitisse,
386 4889 420 4944 at
451 4878 581 4961 quidam
614 4878 796 4943 incredibili
830 4878 999 4943 stellarum
1032 4881 1123 4962 copia
1156 4893 1189 4944 et
1328 4878 1377 4944 10.
1401 4877 1520 4944 Isbouo
1541 4880 1679 4960 dissipat
1699 4880 1866 4945 consiliam
1885 4879 2032 4963 pertitam,
2063 4873 2143 4940 tollit
2165 4893 2215 4939 eo·

222 4966 379 5029 varietate
392 4967 575 5031 instructos.
593 4963 719 5030 Varum
731 4965 859 5047 quidem
872 4976 930 5043 est,
942 4965 1188 5031 similitudinem
1238 4965 1403 5049 pitatioms
1418 4965 1615 5046 populosam.
1651 4964 1701 5029 11.
1724 4964 1897 5030 Consilium
1911 4964 2045 5031 leboeac
2067 4963 2102 5028 s'rt
2118 4965 2215 5026 uete-

223 5049 307 5113 hano
330 5050 371 5114 ab
395 5051 580 5117 hominibus
602 5059 769 5135 sumptam
791 5069 879 5115 esse:
908 5052 963 5115 sed
994 5053 1070 5116 alibi
1092 5073 1189 5135 saepe
1240 5070 1316 5115 num
1330 5049 1431 5129 stabit,
1447 5052 1646 5133 cogitatianes
1661 5052 1767 5117 cordis
1780 5052 1849 5116 aiae
1866 5053 1902 5117 ia
1919 5049 2076 5117 secedam
2099 5052 2128 5112 et
2144 5066 2215 5113 aaa

223 5133 315 5199 docet
334 5138 502 5218 scriptura,
526 5147 657 5202 aeterno
674 5138 732 5202 illc
750 5157 908 5216 sermone,
932 5136 987 5218 qui
1000 5138 1189 5222 unigenitus
1241 5137 1354 5201 calam
1396 5136 1445 5200 12.
1469 5136 1572 5202 Beate
1592 5156 1668 5220 pena
1689 5138 1742 5201 cui
1761 5136 1875 5202 lebovc
1893 5137 1982 5204 Deus
2003 5142 2057 5217 cet,
2073 5132 2217 5217 popttlas

221 5217 285 5283 Dei
301 5221 389 5286 filius
401 5223 436 5286 in
454 5242 552 5287 carne
563 5225 725 5307 apparuit,
748 5222 907 5288 mundum
923 5222 1188 5288 fuissacreatum.
1241 5243 1330 5305 quern
1351 5222 1439 5307 clepit
1460 5223 1495 5286 in
1516 5221 1733 5287 baomdctem
1754 5221 1824 5288 eibi.
