4658 5856
243 344 304 408 381
1012 335 1226 404 PSALMUS
1252 339 1453 405 XXXVIII.
2160 337 2223 402 388

244 531 299 594 sed
334 527 525 610 suppliciter
558 547 634 591 cum
666 525 810 609 ingenua
843 525 1061 603 confessione,
1093 526 1210 590 deinde
1262 526 1488 609 imputandum
1524 549 1592 593 esse
1622 528 1689 591 suis
1718 527 1857 609 pcccatis
1887 526 2038 610 quidquid
2063 526 2223 590 malorum

243 637 315 681 cum
347 614 464 677 veniae
492 612 618 677 fiducia.
664 612 754 675 Iram
783 615 810 674 et
828 610 966 692 furorem
994 631 1052 692 666
1082 631 1209 676 6661616
1262 614 1410 676 66611661.
1463 612 1575 695 Neque
1614 613 1700 676 euim
1741 613 1889 696 exemplo
1921 612 2006 676 (1616
2043 633 2116 677 6661
2151 611 2223 676 Deo

123 749 127 758 .
243 702 351 782 rigore
379 699 487 780 posuit
508 695 635 776 David,
668 706 699 759 et
731 704 886 779 paternae
918 696 1128 779 castigationi
1153 717 1208 778 op·
1261 699 1445 780 expostulat
1467 697 1505 760 dc
1535 697 1705 762 immodica
1732 717 1854 779 poenae
1882 699 2067 761 atrocitate:
2096 697 2225 761 dicebat

243 785 362 868 posuit.
1261 782 1332 845 ille:
1355 784 1462 848 Maior
1484 795 1534 847 est
1551 803 1655 866 poena
1672 802 1744 845 mea
1762 803 1859 863 quam
1878 794 1914 846 ut
1936 784 1996 847 sim
2020 780 2165 846 ferendo:
2191 792 2225 845 61

328 868 357 934 3.
394 867 647 952 (Quiaecpittae
670 865 765 951 1666.)
816 865 968 930 Ostendit
996 887 1123 931 summa
1153 889 1208 930 ne·
1261 867 1390 949 quidem
1415 867 1526 932 eadem
1558 890 1634 932 voce
1665 879 1721 1017 ppp
1750 868 1816 933 11116
1846 869 1948 932 611161
1969 868 2079 943 Μ6666
2101 867 2223 931 Genes.

243 956 393 1022 cessitate
411 974 445 1019 se
463 954 533 1036 cogi
552 952 592 1016 ad
611 950 781 1034 petendam
799 951 894 1016 malis
916 952 983 1017 suis
1001 952 1208 1032 levationem,
1261 953 1372 1030 4,13‚
1404 963 1440 1016 61
1471 953 1504 1016 16
1540 954 1647 1018 666116
1710 952 1815 1017 661116
1848 965 1880 1018 61
1913 953 1995 1017 Cain
2028 953 2071 1017 sit
2102 951 2225 1034 aliquid

244 1060 361 1122 nempe
384 1037 470 1122 quod
497 1038 603 1103 oneris
633 1036 852 1120 magnitudini
875 1036 1073 1103 succumbat.
1117 1038 1209 1102 Haec
1261 1039 1376 1102 simile.
1413 1037 1479 1103 Sed
1498 1036 1637 1103 Davidis
1655 1038 1826 1103 consilium
1846 1039 1943 1122 longe
1961 1039 2127 1102 diversum
2151 1039 2225 1112 1611,

244 1126 429 1207 661666616
452 1123 601 1206 61661166
624 1122 831 1187 1666616661
853 1124 975 1206 regula,
998 1132 1035 1187 ut
1054 1124 1115 1187 Dei
1134 1145 1208 1206 pro·
1260 1145 1335 1187 nam
1356 1145 1454 1205 quum
1479 1124 1672 1206 obreperent
1690 1125 1758 1187 eius
1780 1124 1887 1189 animo
1910 1127 2104 1188 tentationes
2126 1123 2226 1187 istae:

244 1212 415 1276 missiones
448 1209 540 1273 nobis
574 1218 743 1273 versentur
775 1216 850 1273 ante
886 1209 1003 1273 666166.
1055 1209 1209 1273 Promisit
1261 1206 1367 1287 Quam
1391 1209 1516 1273 duriter
1536 1218 1568 1274 te
1594 1208 1684 1274 Deus
1708 1208 2074 1292 166616116611666616
2098 1207 2225 1272 nullam

244 1307 353 1361 autem
366 1295 457 1358 Dens
469 1315 503 1358 66
521 1313 640 1376 poenas
658 1292 697 1359 de
715 1294 792 1373 suis,
812 1315 876 1358 non
896 1313 976 1377 quas
995 1294 1103 1358 meriti
1122 1303 1207 1372 sunt,
1259 1292 1376 1358 1161661
1405 1294 1453 1358 tui
1481 1294 1613 1359 levandi
1635 1295 1812 1370 rationem,
1841 1294 1913 1358 vult
1941 1301 1973 1359 te
2001 1293 2165 1377 perditum
2194 1300 2226 1357 et

244 1383 300 1448 sed
323 1401 403 1462 quas
426 1380 509 1443 ferre
531 1390 677 1461 possunt,
699 1390 913 1461 sumpturum.
946 1379 1038 1444 Haec
1055 1379 1138 1443 ratio
1159 1386 1209 1444 est
1260 1381 1473 1444 exstinctum:
1493 1400 1556 1444 666
1575 1380 1669 1443 16616
1685 1379 1810 1463 6661611
1827 1388 1900 1444 1666
1917 1379 2067 1462 gemitus,
2084 1378 2142 1444 sed
2161 1398 2225 1461 qno

243 1465 418 1533 661161166
440 1466 546 1529 666611
575 1485 667 1529 66616
697 1466 920 1531 infirmitatem
948 1471 1208 1542 commemorent,
1260 1465 1365 1548 magis
1394 1464 1552 1530 deiectum
1587 1465 1691 1549 videt,
1723 1464 1900 1530 violentius
1933 1465 2153 1548 persequitur:
2189 1472 2226 1528 ut

244 1551 321 1615 dum
345 1550 610 1633 61611661661161
638 1558 841 1634 premuntur.
885 1550 1069 1615 Prudenter
1099 1559 1209 1614 autem
1259 1550 1369 1631 impiis
1390 1549 1461 1616 16116
1483 1552 1648 1634 figmentis
1671 1548 1794 1614 aditum
1818 1549 2051 1633 praecluderet,
2072 1549 2225 1633 clypeum

243 1635 352 1700 David
374 1635 510 1718 sagittas
533 1632 611 1712 Dei,
635 1645 668 1700 et
689 1656 817 1700 6166661
839 1636 889 1699 661
914 1636 1042 1718 plagam
1062 1636 1208 1699 nominat
1260 1634 1347 1700 hune
1369 1636 1530 1718 opposuit,
1552 1638 1638 1700 iusto
1662 1637 1722 1700 Dei
1742 1634 1862 1699 iudicio
1883 1657 1918 1699 66
1940 1635 2051 1718 affligi.
2088 1634 2174 1698 Nam
2194 1646 2226 1699 et

243 1742 337 1804 quem
368 1722 491 1804 patitur
519 1722 684 1786 morbum:
715 1721 790 1803 quia
820 1721 881 1785 nisi
910 1740 1085 1803 persuasus
1114 1731 1207 1798 esset,
1258 1740 1363 1802 nuper
1380 1719 1550 1803 adscripsit
1572 1721 1711 1803 peccatis
1733 1721 1800 1784 suis
1823 1728 1923 1783 totam
1946 1723 2012 1784 1666
2030 1719 2093 1784 Dei
2115 1721 2224 1803 gravi-

243 1807 401 1871 divinitus
418 1827 454 1870 se
472 1806 581 1889 affligi,
600 1806 640 1871 ad
658 1804 833 1889 petendum
852 1807 927 1871 inde
945 1806 1090 1872 vulneris
1108 1825 1209 1870 reme·
1260 1812 1378 1869 tatem:
1402 1815 1434 1869 61
1455 1807 1550 1890 66616
1572 1816 1645 1888 6661
1665 1814 1798 1888 6666161,
1820 1804 1973 1887 66116611
1994 1804 2131 1887 patitur,
2166 1825 2225 1869 sua

243 1893 333 1957 dium
373 1911 538 1973 nunquam
570 1893 712 1956 animum
744 1890 936 1957 induxisset.
980 1890 1139 1955 Videmus
1172 1897 1209 1954 ut
1260 1892 1401 1954 amentia
1421 1891 1521 1957 fuisse
1542 1893 1731 1957 conflatum.
1778 1888 1936 1969 Quamvis
1957 1910 2034 1971 ergo
2056 1909 2116 1955 sua
2137 1890 2225 1954 mala

242 1978 425 2044 caecutiant
446 1978 513 2040 1616
536 1996 648 2043 661666
676 1978 710 2041 16
733 1977 796 2040 Dei
818 1976 960 2054 iudiciis,
991 1995 1027 2041 ac
1056 1975 1208 2040 fortuitos
1261 1975 1442 2058 deplorans,
1459 1977 1562 2042 videri
1580 1977 1683 2060 possit
1698 1976 1732 2039 16
1751 1976 1890 2057 66661616
1907 1996 1979 2041 6661
1998 1974 2069 2040 Ι)66
2087 1976 2223 2056 litigare,

243 2083 314 2128 esse
336 2081 431 2132 casus
452 2063 630 2127 somnient:
653 2064 710 2128 vix
732 2071 841 2127 autem
858 2062 1054 2127 centesimus
1071 2061 1207 2144 quisque
1261 2060 1346 2127 hano
1364 2069 1475 2125 tamen
1493 2062 1684 2128 modestiam
1703 2062 1823 2125 retinet
1841 2059 1933 2145 (quia
1951 2060 2042 2125 Deus
2059 2060 2226 2143 puniendo

243 2168 376 2212 manum
410 2145 474 2210 Dei
507 2148 667 2230 respiciat.
732 2149 832 2229 Atqui
865 2145 974 2212 David
1015 2147 1049 2211 in
1084 2146 1207 2224 morbo,
1261 2144 1392 2211 modum
1427 2169 1491 2211 non
1522 2147 1661 2219 excedit)
1691 2146 1774 2210 nihil
1804 2158 1932 2228 praeter
1961 2145 2223 2228 deprecationem

243 2235 326 2298 sicut
349 2234 381 2296 in
400 2232 473 2296 61116
494 2231 591 2297 16166
609 2232 762 2310 adversis,
785 2253 919 2297 manum
938 2232 1002 2297 Dei
1019 2233 1089 2297 suis
1107 2231 1208 2296 oculis
1260 2231 1321 2296 sibi
1343 2240 1481 2298 restare:
1505 2253 1605 2315 quum
1623 2232 1715 2314 impii
1732 2231 1942 2312 quantumvis
1959 2231 2044 2296 mals
2060 2232 2123 2296 eibi
2145 2252 2224 2297 con·

244 2319 396 2401 proponit
422 2318 463 2381 ad
492 2318 655 2401 punienda
677 2328 808 2402 peccata
837 2326 1004 2384 armatam.
1057 2319 1101 2383 Et
1129 2338 1208 2383 sane
1260 2317 1317 2382 scii
1339 2318 1421 2393 sint,
1453 2319 1522 2383 Deo
1545 2327 1652 2382 tamen
1677 2316 1940 2395 obmurmurent,
1968 2337 2034 2381 666
2061 2336 2153 2382 secus
2184 2336 2224 2382 66

243 2405 391 2485 66166616
413 2404 449 2466 16
472 2403 621 2468 61611661
643 2426 741 2470 sensu
763 2403 929 2481 subsistit,
956 2402 1039 2468 nihil
1069 2425 1089 2468 a
1111 2424 1208 2486 pecu·
1260 2402 1346 2467 16166
1368 2401 1544 2468 1616611166
1563 2412 1693 2467 6616666
1712 2401 1828 2484 661166
1846 2402 2120 2486 constringuntur,
2142 2399 2223 2467 den·

244 2488 337 2553 dibus
360 2487 477 2553 differt.
518 2487 583 2554 Sed
607 2510 705 2571 quum
730 2511 788 2554 666
810 2489 850 2554 16
872 2488 989 2553 1611616
1012 2489 1209 2553 admoneant
1261 2487 1350 2552 tibus
1372 2489 1531 2553 mordent.

243 2576 353 2638 661616
375 2576 444 2637 6166
466 2574 612 2655 flagella,
641 2575 720 2639 haec
751 2594 829 2640 vera
857 2572 1003 2638 fidelium
1036 2572 1209 2656 prudentia
1344 2572 1374 2637 6.
1397 2573 1628 2659 (Patraeruut.)
1671 2573 1752 2637 Mali
1774 2571 2020 2637 diuturnitatem
2041 2571 2103 2638 boo
2125 2592 2225 2637 versu

243 2672 310 2736 est,
352 2679 485 2721 manum
519 2659 731 2739 percutientis
764 2660 939 2740 respicere,
980 2668 1017 2724 ut
1050 2659 1209 2741 propheta
1259 2668 1500 2740 commemorat,
1522 2659 1607 2741 quod
1630 2659 1781 2723 levationi
1800 2657 2022 2740 impetrandae
2038 2659 2149 2722 valere
2170 2657 2224 2721 de·

243 2743 306 2808 166.
321 2743 360 2818 19,
386 2743 437 2806 13.
460 2743 608 2824 loquitur.
652 2745 767 2826 Itaque
790 2763 965 2826 pronomen
989 2743 1208 2826 emphaticum
1259 2742 1339 2806 buit.
1395 2743 1613 2826 Numquam
1640 2743 1803 2808 Dominus
1833 2742 1918 2825 apud
1946 2742 2084 2807 Iesaiam
2105 2743 2166 2823 40,
2191 2743 2225 2807 2.

244 2838 304 2905 661,
327 2848 365 2892 66
387 2828 414 2891 61
437 2826 574 2891 dixisset
592 2849 655 2892 666
673 2849 743 2893 6666
761 2828 821 2894 6111
837 2850 909 2896 6661
929 2830 1059 2893 1661166
1078 2829 1209 2893 mortali
1260 2830 1466 2911 6666661161,
1494 2831 1660 2912 1166161661
1683 2829 1782 2892 161666
1811 2828 1963 2895 ecclesiae
1984 2827 2160 2904 malitiam,
2191 2841 2226 2893 et

245 2914 427 2995 negotium,
459 2912 552 2976 cuius
581 2934 698 2978 manus
720 2915 856 2998 sagittas
883 2935 942 2996 pro
970 2914 1102 2980 virtutis
1131 2935 1209 2979 suae
1259 2934 1294 2978 se
1328 2934 1386 2996 pro
1418 2915 1559 2996 66666116
1592 2913 1732 2997 duplicia
1759 2913 1788 2976 ei
1817 2913 2018 2996 rependisse:
2049 2913 2225 2997 siguificat,

244 2997 339 3062 modo
357 2994 512 3079 vibraret,
534 2995 591 3061 sed
611 2999 716 3065 Deum
734 2999 830 3084 16666
848 2999 911 3064 6116
934 3001 1055 3083 1616616
1074 2999 1208 3065 16661611
1260 2998 1315 3064 611
1338 3001 1416 3064 66116
1438 3003 1547 3084 exegit
1568 3020 1762 3082 poenarum,
1791 3020 1826 3063 se
1848 3008 1972 3064 mature
1994 2999 2132 3081 placari:
2155 3000 2223 3063 imo

245 3104 303 3148 sua
322 3081 395 3146 1616.
1259 3085 1286 3149 61
1309 3083 1436 3167 1666166
1459 3096 1670 3168 prosequutus
1698 3084 1796 3149 166111
1824 3104 1916 3149 66661
1938 3083 2133 3163 6161161661,
2161 3105 2224 3167 666

330 3169 361 3231 4.
397 3164 484 3250 (Noa
523 3172 567 3231 661
601 3170 790 3256 integritas.)
845 3168 941 3250 Quod
982 3170 1036 3233 6111
1070 3170 1206 3235 16661616
1260 3190 1319 3234 666
1348 3171 1519 3235 6161666116
1550 3172 1640 3253 66661
1669 3170 1775 3234 166116
1804 3171 1904 3246 affici,
1934 3180 1970 3232 ut
1997 3169 2225 3235 liberationem

245 3261 395 3328 vertunt,
426 3272 491 3315 666
520 3252 652 3317 6116166
679 3264 745 3319 1661
776 3264 888 3339 661661
911 3276 990 3321 esse.
1035 3255 1105 3318 Iam
1130 3276 1207 3321 6616
1260 3255 1432 3335 acceleret,
1454 3256 1540 3322 sicut
1561 3256 1635 3320 alibi
1658 3255 1752 3319 dicit:
1781 3255 1974 3320 Examinavi
1997 3267 2047 3331 te,
2077 3255 2224 3320 sednon

245 3340 393 3419 66661161
415 3337 553 3399 61166661
572 3340 754 3403 membrum
777 3342 892 3424 inquo
915 3341 1057 3405 166111166
1079 3341 1208 3406 1661661
1260 3342 1365 3405 166161
1383 3343 1521 3425 argenti,
1541 3363 1583 3406 ne
1601 3352 1633 3406 16
1650 3361 1884 3418 consumerem,
1903 3339 1963 3405 Ies.
1982 3340 2034 3418 48,
2059 3340 2108 3406 10.
2148 3341 2225 3405 Η66

245 3421 318 3487 Ι)66
340 3421 453 3485 tribuit
471 3421 597 3499 David,
619 3426 689 3488 sine
712 3446 773 3507 quo
795 3428 885 3508 prior
907 3427 1025 3491 notitia
1045 3426 1127 3489 611111
1152 3435 1209 3490 661
1260 3445 1336 3507 6666
1367 3436 1491 3509 spectat
1521 3426 1606 3510 quod
1635 3427 1675 3491 de
1712 3426 1791 3490 muli
1819 3426 1988 3490 duratione
2014 3428 2226 3509 conqueritur

245 3507 417 3571 minimum
436 3507 618 3588 prodesset:
637 3510 701 3573 imo
719 3511 883 3577 interdum
899 3513 1025 3576 animos
1039 3510 1207 3576 hominum
1260 3510 1378 3590 David,
1400 3521 1437 3577 ut
1456 3512 1553 3577 iustis
1574 3513 1686 3594 poenis
1708 3513 1905 3595 6611666166,
1935 3511 2068 3575 1661661
2089 3510 2226 3576 levatio·

247 3602 429 3674 exasperat,
451 3603 488 3656 nt
509 3593 591 3658 iram
613 3593 676 3659 Dei
700 3596 804 3678 magis
826 3608 1016 3678 provocent,
1037 3594 1112 3660 dum
1134 3617 1209 3661 eum
1261 3617 1336 3661 nem
1358 3598 1512 3662 obtineat.
1556 3597 1636 3661 Fuit
1658 3606 1766 3662 autem
1792 3595 1872 3661 haec
1893 3616 1958 3662 666
1980 3596 2064 3661 16616
2085 3597 2225 3661 tentatio

246 3677 439 3742 insimulant
459 3678 676 3755 crudelitatis,
698 3693 731 3745 et
752 3683 965 3747 exsecrandas
993 3680 1209 3764 blasphemias
1253 3702 1354 3746 servo
1377 3683 1456 3759 Dei,
1489 3685 1639 3748 continuo
1661 3682 1817 3765 languore
1845 3682 2027 3749 6661661661
2062 3683 2157 3764 611661
2190 3682 2225 3745 16

247 3764 282 3827 16
301 3784 374 3827 6616
398 3776 562 3828 evomunt.
602 3765 713 3845 Quare
735 3767 816 3831 nihil
840 3769 943 3851 magis
965 3776 1209 3849 praeposterum
1261 3768 1355 3831 166116
1383 3769 1450 3832 6616
1480 3776 1665 3851 putrescere
1694 3776 1726 3831 et
1755 3770 1789 3832 in
1817 3768 1940 3832 saniem
1969 3767 2139 3850 liquefieri.
2183 3765 2225 3830 Iu

246 3869 344 3930 quam
363 3849 536 3932 imaginari
553 3850 673 3915 nudam
696 3865 729 3915 ct
746 3853 925 3919 absolutam
946 3851 998 3938 (ut
1016 3851 1209 3938 loquuntur)
1261 3873 1323 3934 quo
1345 3853 1449 3938 magis
1470 3852 1618 3917 16116616
1646 3861 1694 3917 661
1723 3853 1792 3917 6166
1820 3854 2017 3929 constantia,
2045 3871 2129 3933 quae
2158 3871 2224 3916 non

247 3934 309 3997 Dei
333 3936 520 4017 potentiam,
543 3957 624 4017 quae
646 3957 720 4001 eum
742 3938 866 4004 iustitia
887 3959 946 4004 sua
966 3937 1090 4020 spoliet.
1131 3936 1209 4002 Ideo
1262 3939 1365 4021 magis
1384 3939 1489 4004 fracta
1507 3939 1568 4002 luit
1583 3958 1692 4002 morae
1713 3937 1925 4021 longitudine,
1947 3957 2045 4020 qnam
2062 3937 2224 4002 immenso

247 4017 357 4081 David
379 4020 534 4086 simulac
556 4021 663 4086 Deum
686 4023 749 4088 sibi
771 4024 930 4089 infensum
954 4023 1110 4105 66666611,
1133 4043 1208 4088 666·
1260 4024 1420 4087 6116161616
1451 4025 1543 4087 66611
1571 4023 1748 4087 succubuit.
1803 4022 1899 4102 Quod
1933 4043 2027 4106 porro
2059 4022 2225 4087 6161111166

250 4105 388 4166 66111161
409 4104 449 4166 61
471 4125 531 4170 666
554 4122 699 4188 6666616,
724 4110 801 4190 6616
822 4110 888 4174 1661
911 4119 986 4175 6616
1008 4108 1124 4174 statuit
1144 4129 1209 4171 666
1263 4117 1406 4173 66611661
1425 4109 1495 4173 loco
1509 4108 1635 4191 6666611
1654 4109 1754 4190 66611,
1773 4107 1813 4171 61
1835 4106 2076 4173 extenuandam
2093 4107 2224 4190 6616661

249 4208 319 4252 6666
351 4199 529 4270 tyrannum
562 4195 615 4274 qui
650 4195 769 4258 iniuste
802 4195 944 4271 saeviat,
983 4194 1038 4259 sed
1072 4214 1209 4275 aequum
1261 4195 1395 4258 minime
1425 4193 1584 4276 pertinet:
1622 4194 1707 4257 siout
1740 4194 1932 4276 'hypocritae
1968 4191 2043 4257 dum
2078 4193 2225 4273 61166616

248 4273 386 4338 16116661
410 4276 463 4354 661
487 4297 652 4359 nunquam
676 4281 827 4345 irascitur
848 4280 911 4343 6161
933 4280 1085 4344 offensus.
1121 4279 1210 4361 Ergo
1261 4289 1388 4343 reatum
1419 4284 1599 4360 nequeunt,
1631 4287 1668 4342 ut
1696 4288 1807 4342 tamen
1837 4288 1992 4343 excusent
2020 4276 2154 4341 dimidia
2183 4298 2224 4342 ex

248 4360 276 4426 si
299 4360 436 4425 velimus
461 4360 579 4424 iustam
604 4364 673 4427 Deo
703 4363 829 4429 laudem
859 4364 1016 4442 tribuere,
1049 4364 1210 4429 discamus
1262 4376 1369 4447 parte,
1390 4365 1498 4429 fucum
1521 4363 1724 4445 ignorantiae
1747 4363 1941 4443 obtendunt,
1970 4364 2023 4429 vel
2053 4382 2165 4427 611666
2190 4373 2225 4427 61

249 4445 397 4526 exemplo
420 4444 571 4522 Davidis,
602 4449 667 4511 irae
689 4450 758 4515 6166
778 4451 977 4532 6661666616
1005 4460 1211 4530 666116666-
1261 4449 1474 4533 incogitantia
1502 4467 1537 4511 se
1560 4447 1667 4530 lapsos
1689 4469 1758 4513 6666
1781 4449 2054 4532 tergiversantur:
2084 4447 2141 4513 sed
2172 4468 2224 4512 se·

250 4542 331 4598 6616.
366 4529 522 4595 Proximo
544 4551 641 4596 versu
664 4536 880 4615 conqueritur,
903 4532 1104 4618 6611666611
1126 4535 1211 4598 mole
1262 4535 1405 4600 cundum
1440 4532 1610 4597 hebraicae
1640 4533 1771 4617 linguae
1806 4533 1940 4616 phrasin
1974 4553 2032 4616 per
2060 4533 2226 4599 stultitiae

249 4621 296 4682 ita
316 4639 351 4682 66
374 4635 444 4680 6666
466 4614 663 4693 demersum,
694 4629 729 4681 ut
758 4639 889 4701 prorsus
920 4621 1061 4685 deficiat:
1092 4620 1209 4683 iterum
1262 4641 1379 4685 nomen
1412 4639 1446 4683 66
1476 4617 1651 4698 desipuisse
1678 4620 1814 4694 fatetur,
1848 4618 1931 4700 quod
1960 4618 2067 4683 661616
2095 4617 2226 4684 11111161

249 4714 358 4768 161666
378 4701 548 4767 confirmat
565 4704 763 4784 superiorem
787 4703 974 4781 doctrinam,
997 4705 1082 4788 quod
1101 4703 1209 4768 Deum
1261 4706 1460 4786 obsequutus
1483 4702 1580 4766 luerit
1601 4704 1756 4769 adversus
1773 4705 1892 4769 Deum.
1926 4705 2079 4769 11166116
2101 4704 2231 4787 passim

249 4789 366 4853 merito
392 4789 438 4850 ita
463 4806 612 4850 severum
643 4799 675 4849 et
703 4788 938 4854 formidabilem
966 4792 1092 4854 6661161.
1136 4790 1210 4854 Etsi
1262 4789 1468 4873 quantumvis
1489 4790 1611 4853 atrocia
1632 4789 1753 4854 scelera
1774 4792 1908 4872 spiritus
1937 4789 2128 4872 designans,
2158 4810 2228 4853 666

251 4875 337 4937 66161
361 4892 477 4936 666166
506 4880 562 5021 pp
592 4892 649 4953 pro
672 4893 775 4954 poena
797 4893 892 4957 saepe
915 4876 1068 4951 sumitur,
1091 4876 1210 4940 scimus
1261 4875 1408 4940 sublevat
1426 4879 1550 4936 reatum
1569 4874 1749 4948 hominum,
1771 4896 1808 4940 ac
1827 4875 1853 4939 si
1872 4873 1998 4940 levibus
2018 4883 2149 4938 tantum
2169 4875 2228 4938 de-

251 4968 358 5023 tamen
388 4959 419 5022 id
455 4977 506 5022 ess
555 4959 797 5022 translatitium.
851 4960 965 5040 Neque
997 4962 1094 5023 etiam
1128 4980 1210 5041 nego
1262 4959 1346 5023 lictis
1367 4958 1510 5022 obstricti
1528 4966 1646 5036 essent,
1668 4961 1747 5040 quin
1767 4961 1873 5042 potius
1891 4959 2003 5026 vesani
2026 4979 2082 5025 eos
2105 4961 2225 5025 furoris

251 5046 329 5124 quin
348 5041 457 5108 David
480 5044 521 5106 ad
539 5044 690 5108 effectum
708 5046 881 5108 1166616161
902 5045 986 5126 6661
1004 5065 1118 5110 666666
1136 5064 1210 5126 pro·
1262 5052 1405 5119 6666661,
1447 5043 1528 5124 quod
1563 5045 1672 5126 pravis
1711 5045 1877 5110 desideriis
1912 5045 2075 5111 excaecati
2110 5056 2225 5111 666116

252 5130 358 5207 661661
388 5140 452 5202 661,
486 5128 562 5192 1661
590 5130 770 5209 iniquitates
791 5141 885 5193 vocat
918 5151 999 5212 quas
1030 5151 1089 5195 sua
1117 5130 1212 5210 culpa
1262 5127 1408 5209 opificem
1432 5149 1526 5191 suum
1550 5140 1658 5192 ruant.
1703 5130 1816 5210 Itaque
1839 5153 1964 5213 semper
1986 5151 2060 5195 cum
2082 5130 2220 5195 stultitia

252 5231 371 5292 poenas
400 5216 577 5277 contraxit:
610 5214 730 5279 diserte
757 5226 864 5279 tamen
893 5215 991 5280 simul
1019 5216 1112 5280 161661
1140 5198 1238 5279 vulti
1263 5212 1315 5276 661
1348 5214 1488 5276 61666116
1520 5214 1727 5279 666111661616
1764 5224 1813 5278 661
1842 5235 2016 5299 peceatum.
2084 5217 2129 5280 111
2163 5216 2219 5280 hoc
