4658 5856
220 324 263 388 63
1068 315 1286 385 PSALMUS
1308 315 1366 380 IV.
2173 314 2218 379 64

219 510 352 593 pietatis
378 516 622 591 praeposteram
649 505 877 572 eonlidentiam
909 525 1004 571 verae
1033 507 1101 589 spei
1123 506 1193 572 loeo
1217 517 1220 571 !
1245 525 1310 568 non
1333 509 1391 581 est,
1422 504 1456 566 in
1479 503 1550 567 Deo
1572 505 1785 585 acquiescere.
1825 503 1972 567 Rursum
1996 523 2073 568 vero
2093 500 2219 582 fideles,

221 596 257 660 in
278 594 371 660 nobis
391 593 511 658 foveat.
1217 574 1221 627 ¹
1244 588 1395 672 quamvis
1414 588 1501 654 inter
1522 588 1643 654 multas
1665 588 1831 654 molestias
1860 595 2032 667 vexentur,
2061 587 2123 654 hoe
2151 607 2219 651 uno

308 764 338 828 i.
369 762 469 827 Muti
503 761 628 826 durrat:
672 759 750 840 aaa
781 761 914 826 ostatdet
945 761 1033 827 aubis
1054 761 1194 826 bonam?
1219 750 1222 787 ⁵
1245 673 1467 840 {abiembiqhtgg
1495 673 1789 857 ghtsgbsthiireblrli:
1810 669 2220 840 filefflt'pffnteorxmffl

223 848 430 929 adollesrtper
450 866 507 911 aas
531 846 634 911 latitat
657 845 760 910 audies
786 847 834 910 tui
857 845 981 911 Ieltoua.
1016 847 1046 911 8.
1070 847 1197 911 Dedisti
1246 845 1352 927 ipsam
1374 844 1528 921 vrvrfieat,
1550 856 1587 909 ιιι
1609 845 1655 908 ita
1676 843 1791 910 droam.

221 935 375 1000 Ιιιειίιίιιιιι
402 934 438 997 itt
458 931 548 997 eorde
564 950 631 995 area
646 930 819 1012 pltaptaat
835 951 896 1012 quo
911 936 1044 1013 ternpore
1059 932 1197 1014 faramea·
1332 929 1362 994 8.
1385 926 1527 1013 (Dedisti
1548 928 1724 1015 laetitiam.)
1751 929 1866 994 Altera
1886 929 2127 1013 comparatione
2149 927 2221 994 vim

221 1026 289 1085 ιιιιιι
310 1039 418 1084 carata
439 1023 467 1082 et
487 1018 595 1081 uinum
616 1036 722 1080 eoram
742 1018 950 1097 multiplioata
971 1022 1053 1082 saal.
1219 1060 1223 1089 .
1247 1015 1298 1079 sui
1327 1014 1464 1080 effeetus
1494 1016 1610 1080 melius
1639 1016 1793 1097 exprimit
1818 1022 1915 1096 atque
1943 1014 2095 1093 illustrat,
2130 1010 2221 1096 qnod

1219 1094 1223 1169 i
1248 1099 1370 1164 sailiuet
1382 1100 1505 1164 bonum
1518 1100 1600 1164 illud
1617 1099 1703 1182 quod
1721 1107 1892 1182 optaverat
1915 1099 2064 1182 adeptus,
2081 1098 2223 1163 minime

311 1190 342 1255 7.
363 1186 477 1273 (meat
496 1185 627 1269 deaut.)
654 1184 798 1266 Quidam
819 1187 1013 1252 existimant
1034 1187 1196 1252 Davidem
1220 1182 1224 1269 ξ
1247 1184 1392 1250 invideat
1414 1183 1552 1249 aliorum
1570 1186 1755 1269 opulentiae
1772 1193 1806 1249 et
1823 1183 1956 1263 delitiis,
1978 1184 2035 1250 sed
2054 1183 2224 1267 praeolare

224 1276 279 1341 hio
313 1273 468 1356 eonqneri
495 1269 535 1336 de
563 1271 688 1336 erudeli
721 1272 865 1337 hostium
894 1293 1028 1337 suorum
1060 1273 1195 1349 malitia,
1220 1276 1224 1319 ¹
1247 1278 1421 1335 eontentus
1454 1269 1498 1335 sit
1530 1291 1590 1334 sua
1619 1275 1716 1335 sorte
1770 1267 1908 1335 Summa
1936 1280 1995 1350 est,
2023 1269 2128 1353 plmis
2156 1268 2223 1334 sibi

224 1359 312 1444 quod
342 1360 445 1422 vitam
475 1375 568 1421 snam
597 1355 713 1440 cupide
744 1366 945 1439 appeterent.
991 1359 1063 1440 Ego
1085 1366 1196 1423 autem
1220 1364 1224 1397 ¹
1248 1376 1320 1420 esse
1349 1356 1527 1438 propitium
1558 1354 1623 1419 Dei
1652 1355 1792 1434 vultum,
1823 1375 1922 1438 quam
1950 1356 1979 1420 si
2008 1355 2129 1420 horrea
2149 1353 2224 1418 fru-

224 1467 290 1511 non
312 1444 425 1509 dubito
468 1444 525 1506 uin
545 1441 709 1506 Davidem
732 1443 866 1508 unitum
888 1455 1001 1508 votum
1023 1464 1086 1525 quo
1104 1444 1196 1507 arde·
1248 1448 1358 1505 mento
1380 1441 1510 1515 referta,
1533 1440 1695 1523 uallesque
1714 1441 1792 1504 vino
1809 1440 1922 1523 plenas
1940 1441 2084 1507 haberet.
2108 1438 2225 1519 Quan-

224 1532 278 1597 bat
317 1529 418 1594 vanis
447 1464 618 1592 issidorus
647 1540 829 1610 eomparet,
863 1527 982 1610 quibus
1013 1538 1100 1592 tatas
1127 1529 1196 1592 fere
1248 1546 1347 1609 quam
1366 1534 1474 1590 autem
1497 1527 1532 1588 in
1545 1545 1625 1591 vaoe
1645 1525 2227 1623 nyn,varisnt1nterpretes,qnia

224 1612 368 1680 mundus
403 1612 468 1676 huo
503 1611 580 1676 illue
608 1613 727 1695 agitur.
776 1613 862 1677 Nam
892 1615 970 1694 quia
998 1614 1196 1696 prineipiam
1247 1611 1398 1676 nonnulli
1421 1620 1555 1675 vertunt
1572 1615 1605 1676 A
1622 1622 1778 1693 tempore,
1800 1631 1837 1676 aa
1849 1609 2012 1677 Davidem
2034 1609 2227 1692 intelligunt

223 1700 284 1766 hoe
305 1719 373 1763 non
392 1707 508 1763 tenent
523 1698 652 1779 profani
671 1697 831 1773 homines,
853 1697 939 1763 solas
957 1696 1089 1763 demum
1107 1699 1196 1762 omni
1248 1695 1391 1762 hostium
1414 1717 1549 1761 suorum
1571 1695 1665 1761 bonis
1687 1696 1787 1760 fuisse
1809 1695 1984 1760 laetatum:
2009 1695 2091 1760 mihi
2112 1705 2228 1759 tamen

222 1781 650 1950 iinl2¹⁶⁰0it⁸ssitii⁸ii⁸m
664 1783 800 1933 {tlh
815 1784 985 1934 tileth
1006 1797 1065 1933 2⁰⁸2
1086 1782 1197 1933 Ἦ
1248 1781 2100 1950 ittttltluttt'tttttllt„tt,tutet
2130 1779 2229 1943 iiii,

224 1889 565 2020 tientia’albntendant
592 1953 635 2016 ad
663 1954 830 2018 meliorem
862 1919 973 2031 vitiam,
1003 1891 1045 2019 iri)
1067 1888 1198 2018 eadulitis
1249 1973 1346 2034 quam
1358 1951 1757 2017 terrenoshominesdum
1775 1952 1870 2016 bonis
1888 1952 2039 2017 omnibus
2057 1951 2228 2028 fruuntur,

223 2040 318 2105 honis
339 2038 531 2113 subsistant,
559 2039 670 2120 itaque
698 2038 795 2103 modo
818 2039 884 2104 illis
905 2059 1062 2122 prospere
1083 2041 1127 2102 sit
1147 2059 1198 2102 ee·
1249 2058 1388 2120 quarum
1423 2034 1582 2102 desiderio
1614 2048 1652 2101 ut
1684 2037 1863 2118 plurimum
1899 2036 2026 2102 ardent
2082 2034 2228 2100 Dixerat

223 2123 368 2190 eundum
398 2142 541 2199 mrtem,
570 2143 636 2187 non
664 2143 784 2208 magna
813 2122 878 2188 Dei
906 2144 987 2189 eura
1008 2133 1198 2208 tanguntur.
1250 2124 1349 2202 enirn,
1371 2121 1469 2186 rebus
1489 2123 1656 2205 prosperis
1677 2122 1824 2186 intentas
1846 2142 1884 2186 ae
1898 2120 2024 2187 deditos
2034 2121 2147 2187 Deum
2159 2140 2227 2184 non

224 2208 337 2290 Quum
359 2227 437 2291 ergo
454 2207 617 2290 peuudum
635 2227 726 2272 more
743 2207 805 2274 hoe
822 2209 875 2274 vel
893 2208 974 2273 illud
993 2230 1052 2290 pro
1069 2228 1199 2274 summa
1221 2214 1226 2337 Ι
1250 2227 1447 2291 magnopere
1469 2226 1599 2272 aurare:
1630 2226 1719 2271 nune
1740 2227 1820 2272 vero
1842 2205 1942 2286 addit,
1970 2206 2062 2290 largo
2092 2206 2164 2271 vini
2193 2216 2228 2269 et

224 2295 378 2360 ieliaitate
397 2293 571 2391 arripiant,
595 2294 711 2358 merito
733 2314 768 2358 se
789 2294 830 2359 ab
847 2293 914 2358 illis
929 2293 1040 2357 David
1057 2303 1198 2376 separat,
1222 2346 1226 2377 ,
1249 2292 1407 2390 frumenti
1429 2302 1592 2391 proventu
1614 2313 1681 2391 noa
1703 2291 1838 2390 perinde
1859 2312 1931 2357 esse
1951 2290 2069 2391 laetos,
2094 2301 2134 2355 ut
2154 2290 2227 2373 ipse

223 2378 1013 2546 tttthtttpttttt'tttteleta
1037 2378 1198 2545 ittet
1250 2376 1570 2527 tittttlltt
1592 2379 1748 2539 litut:
1768 2375 2228 2527 sutietatem

224 2549 345 2615 dennis
359 2549 556 2632 gregalibus,
574 2549 630 2629 qni
649 2568 749 2630 quum
769 2551 912 2631 impares
929 2558 1039 2613 essent
1056 2545 1199 2612 serendis
1223 2568 1227 2593 ¹
1252 2548 1410 2625 homines,
1438 2556 1610 2629 postquam
1640 2558 1750 2630 spreta
1771 2547 1834 2611 Dei
1856 2546 1965 2630 gratia
1991 2554 2078 2612 totos
2113 2566 2150 2612 se
2175 2546 2226 2610 in·

222 2635 406 2713 aerumnis,
440 2653 518 2714 prae
551 2632 658 2697 taedio
702 2643 737 2697 et
776 2633 982 2715 aegritudine
1014 2631 1197 2716 gemebant,
1223 2602 1228 2683 l
1251 2633 1463 2716 gurgitarunt
1490 2632 1525 2695 in
1554 2634 1692 2697 aaduaas
1719 2631 1860 2710 delitias,
1894 2630 1975 2698 adeo
2003 2651 2073 2696 non
2101 2630 2227 2708 satiari,

222 2721 364 2802 quietem
387 2718 450 2781 sibi
472 2737 492 2780 o
515 2726 631 2781 tentes.
678 2717 750 2800 ligo
773 2729 882 2782 tamen
901 2717 1000 2782 latins
1021 2718 1199 2783 extendere
1223 2696 1227 2777 Ι
1252 2725 1290 2783 ut
1318 2718 1390 2800 ipsa
1418 2717 1511 2799 eopia
1537 2718 1643 2799 magis
1671 2737 1782 2782 eornm
1811 2716 2007 2800 eupiditates
2023 2716 2226 2781 inflammet:

223 2803 322 2880 malo,
339 2810 378 2866 ut
393 2801 481 2865 Davi
521 2802 617 2866 unioo
635 2800 700 2866 Dei
718 2801 829 2866 favore
850 2812 1033 2879 eontentus,
1057 2823 1092 2867 se
1114 2802 1198 2867 nihil
1223 2790 1227 2835 ¹
1251 2803 1297 2867 ita
1329 2803 1369 2867 fit
1399 2811 1438 2866 ut
1469 2803 1504 2865 in
1536 2800 1646 2867 media
1677 2801 1852 2867 saturitate
1895 2822 1993 2868 eaeea
2033 2800 2227 2884 inquietudo

225 2886 671 3053 titttttttttt,
684 2887 1199 3055 tattmtlmtltttpttt
1251 2896 1379 3055 {³32⁸
1387 2907 1527 3037 titt
1536 2887 1702 3056 {illiti
1719 2885 2227 3057 „itttttsttffltlt

224 3056 341 3122 fideles
370 3054 566 3138 posthabitis
594 3055 688 3122 bonis
715 3056 942 3138 praesentibus
974 3058 1009 3122 in
1036 3057 1108 3123 Deo
1145 3080 1199 3124 ao·
1251 3069 1326 3143 geat
1347 3057 1412 3122 Dei
1440 3057 1542 3121 favor.
1586 3058 1660 3122 Etsi
1688 3066 1798 3122 antem
1827 3056 1940 3123 fideles
1966 3078 2028 3124 aua
2054 3056 2227 3122 aemmoda

224 3144 407 3224 quieseunt,
435 3160 497 3205 nee
518 3138 695 3223 quidquem
716 3142 820 3224 pluris
837 3142 963 3208 faeinnt
984 3163 1082 3226 quam
1104 3143 1199 3208 iilum
1251 3145 1314 3226 ipsi
1337 3162 1465 3226 quoque
1487 3150 1656 3225 expetunt,
1678 3152 1890 3225 praepostero
1911 3154 2023 3209 tamen
2044 3141 2164 3207 ardore
2185 3142 2227 3207 ad

224 3227 288 3293 sibi
350 3225 505 3310 ropitium
546 3226 677 3292 sentire.
733 3227 883 3293 Primum
923 3248 1002 3311 ergo
1035 3229 1200 3311 signifieat
1251 3249 1291 3293 ea
1323 3248 1390 3292 non
1423 3228 1588 3304 seruntur,
1627 3229 1708 3310 quin
1747 3228 1910 3312 patienter
1941 3228 2130 3294 sustineant
2160 3226 2227 3292 illis

224 3247 349 3388 Darii.)
364 3310 519 3409 desipere·
532 3331 587 3377 eos
609 3314 800 3394 omnesqui
822 3312 884 3378 sibi
905 3322 1056 3395 optantes
1078 3313 1199 3377 laetam
1250 3313 1385 3397 privari,
1406 3311 1502 3378 mode
1523 3333 1560 3378 se
1582 3313 1654 3379 Deo
1673 3332 1773 3379 aurae
1793 3332 1865 3379 esee
1885 3313 2081 3397 intelligant

225 3397 398 3474 tartunam,
420 3415 488 3460 non
510 3396 672 3476 insipiunt
688 3416 709 3459 a
727 3396 790 3460 Dei
807 3397 931 3479 gratia:
953 3398 1001 3462 ita
1022 3398 1110 3462 enim
1127 3397 1200 3462 fieri

226 3493 264 3545 ut
295 3480 370 3546 illos
398 3480 475 3563 vagi
509 3499 638 3544 errores
673 3480 908 3564 oiroumagant.
951 3480 1081 3547 Deinde
1110 3481 1199 3548 alind
1337 3482 1369 3548 9.
1392 3483 1436 3546 Ia
1450 3501 1531 3563 paee
1551 3483 1649 3548 amal
1668 3483 1824 3548 dormiam
1843 3487 1874 3548 et
1892 3483 2068 3564 qaaseam:
2093 3483 2174 3565 quia
2193 3486 2228 3547 ta

226 3566 346 3629 vitium
367 3563 571 3648 perstringit,
601 3564 687 3647 qnod
718 3567 820 3631 orassi
841 3576 875 3630 et
897 3567 1019 3631 terreni
1042 3565 1201 3646 hemines,
1253 3567 1370 3634 Ieboaa
1390 3567 1567 3652 seorsum)
1587 3569 1623 3632 ia
1641 3567 1760 3648 {idaea
1780 3567 1889 3633 laaaeti
1907 3588 1965 3633 ate

227 3650 334 3716 earnis
363 3649 465 3732 quieti
493 3661 528 3714 et
555 3647 733 3715 aemmodis
762 3648 891 3728 addieti,
921 3651 958 3715 in
987 3651 1055 3715 sola
1084 3672 1200 3715 eorum

226 3735 383 3801 fruitione
403 3732 583 3801 subsidant.
610 3732 707 3801 Unde
729 3735 828 3800 etiam
850 3737 889 3800 fit
906 3744 942 3800 ut
959 3755 1078 3820 susque
1095 3734 1200 3818 deque
1336 3734 1512 3802 Goneludit
1533 3758 1569 3802 se
1591 3737 1726 3818 perinde
1747 3757 1900 3804 setarum
1920 3759 1994 3803 esse
2011 3758 2050 3805 aa
2066 3738 2229 3822 qnietnrn,

226 3820 292 3885 illis
313 3821 356 3885 sit
378 3820 478 3897 Deus,
502 3819 595 3901 quasi
618 3839 656 3885 eo
678 3837 746 3883 non
767 3819 948 3905 indigeant,
977 3819 1055 3885 dum
1084 3840 1201 3971 suppe-
1251 3821 1326 3903 quia
1348 3823 1531 3905 protegitur
1553 3820 1619 3887 Dei
1652 3844 1770 3902 manu,
1803 3823 1893 3889 aesi
1925 3822 2078 3889 omnibus
2109 3822 2230 3889 mnndi

228 3915 303 3969 tunt
331 3904 457 3987 reliqua
484 3926 525 3969 ex
556 3913 644 3969 voto.
687 3903 764 3987 Ipse
792 3925 872 3971 vero
901 3913 1025 3983 eontra,
1057 3917 1095 3971 ιιι
1158 3905 1201 3971 iis
1251 3905 1422 3990 praesidiis
1444 3905 1585 3972 vallatus
1606 3918 1701 3974 esset
1732 3906 1864 3974 Soimns
1884 3917 1996 3973 autern
2020 3908 2144 3975 bonum
2165 3907 2230 3976 baa

227 3989 379 4054 omnibus
409 3988 502 4053 bonis
523 3998 642 4066 eareat,
671 3998 846 4070 paternum
870 3990 935 4055 Dei
964 4009 1110 4055 amorem
1138 3991 1199 4056 sibi
1253 4012 1330 4075 prae
1352 3990 1425 4057 aliis
1446 4011 1518 4056 esse
1538 3993 1689 4075 optabile,
1717 4013 1836 4075 nempe
1862 4014 2005 4059 vaenum
2034 4014 2106 4060 esse
2135 3995 2229 4060 omni

228 4075 334 4137 instar
362 4072 508 4137 omnium
540 4093 611 4137 esse
640 4082 791 4138 testatur.
834 4074 927 4141 Haeo
948 4075 1051 4158 igitur
1071 4095 1202 4140 summa
1252 4087 1351 4155 metu,
1379 4095 1441 4141 neo
1468 4079 1613 4158 torqueri
1641 4077 1696 4142 vel
1723 4077 1802 4160 angi
1828 4076 1897 4141 ulla
1916 4098 2004 4143 aura
2045 4077 2126 4143 Ideo
2148 4097 2229 4144 oon-

228 4168 295 4222 est:
317 4156 464 4222 Tametsi
493 4156 609 4238 oupide
638 4158 866 4238 praesentibus
895 4159 1020 4225 delitiis
1041 4159 1093 4226 vel
1116 4180 1202 4226 oom—
1251 4160 1394 4226 firmatio
1416 4170 1467 4225 est
1488 4161 1654 4243 proximae
1674 4161 1866 4241 sententiae,
1895 4162 1981 4246 qnod
2001 4161 2162 4247 gandium
2183 4163 2229 4233 de

227 4240 332 4307 modis
355 4239 455 4325 vulgo
477 4240 605 4305 inhient
628 4240 788 4323 homines,
810 4264 871 4327 ego
893 4254 1002 4308 tamen
1023 4244 1201 4325 perieotam
1252 4243 1325 4312 luae
1353 4247 1481 4328 paterni
1511 4245 1575 4311 Dei
1602 4246 1723 4311 amoris
1758 4256 1952 4331 ooneeptum
1994 4247 2113 4313 merito
2150 4248 2230 4316 aliis

227 4327 413 4393 lelioitatem
448 4346 514 4390 non
547 4325 625 4391 alibi
658 4346 757 4408 quam
790 4328 824 4391 in
853 4327 917 4391 Dei
946 4328 1053 4411 grau'a
1079 4338 1200 4394 statuo.
1252 4329 1404 4394 omnibus
1427 4331 1607 4414 praeferat:
1639 4333 1718 4413 quia
1736 4331 1874 4397 interior
1902 4353 1967 4416 pax
1995 4333 2098 4398 animi
2126 4354 2230 4417 qnae-

228 4412 351 4477 Lamat
378 4411 482 4476 tecuae
509 4408 573 4475 Dei
603 4412 719 4493 aooipit
745 4432 805 4493 pro
830 4430 947 4477 serena
978 4412 1070 4497 faeie,
1106 4414 1201 4478 siouti
1252 4433 1380 4496 nunqua
1401 4415 1482 4498 fingi
1503 4422 1641 4496 possunt
1661 4414 1746 4481 bona
1766 4426 1950 4501 exsuperet.
1994 4419 2094 4483 Multi
2115 4418 2231 4485 laeam

227 4516 359 4563 rursum
390 4496 519 4562 videtur
545 4493 684 4561 obseura
713 4497 808 4561 nobis
835 4505 868 4561 at
889 4495 1046 4564 obnubilo
1067 4498 1130 4562 Dei
1152 4496 1199 4562 fa·
1253 4498 1341 4565 hune
1364 4500 1410 4564 ita
1432 4508 1613 4583 exponunt,
1641 4499 1726 4584 quod
1755 4515 1865 4583 speret
1886 4502 1996 4567 David
2026 4502 2139 4570 hostes
2164 4506 2233 4572 sibi

227 4584 311 4659 aies,
352 4578 430 4645 dnm
462 4578 592 4663 aliquod
622 4580 689 4645 irae
718 4582 848 4661 signant
877 4581 1030 4648 ostendit.
1082 4582 1201 4648 Pulora
1252 4583 1499 4650 reconsiliatum
1520 4584 1562 4650 iri
1583 4594 1622 4649 ιιι
1642 4608 1718 4652 oum
1740 4585 1808 4651 illis
1825 4587 1951 4669 plaeide
1969 4589 2127 4654 dormiat:
2149 4591 2233 4673 qnia

227 4677 337 4732 autem
359 4663 552 4747 metaphora
574 4664 691 4729 dieitur
712 4666 811 4731 attrtlli
833 4665 893 4731 hoe
914 4667 1036 4745 lumen,
1065 4665 1143 4732 dum
1166 4668 1199 4732 ia
1252 4666 1558 4745 dederatilliDeus,
1576 4670 1648 4735 sina
1665 4670 1816 4736 molestia
1831 4684 1866 4737 et
1882 4673 2233 4742 nemineobturbante

227 4752 378 4818 sordibus
391 4749 513 4815 nostrie
527 4748 696 4833 refulgens
714 4749 867 4815 liduniatu
886 4761 920 4816 at
944 4771 1035 4835 epum
1055 4764 1198 4835 generat.
1251 4752 1427 4834 quieeoero.
1451 4753 1528 4817 hieu
1545 4763 1656 4819 tamen
1669 4753 1798 4834 iudicio,
1816 4756 1869 4820 bie
1886 4759 1992 4839 aptior
2012 4759 2077 4823 erit
2097 4779 2233 4839 mmns,

227 4836 341 4919 Neque
357 4836 446 4901 enim
465 4834 631 4901 sufficerat
647 4835 750 4900 aDeo
772 4854 832 4901 uos
854 4835 966 4911 autari,
990 4836 1052 4901 nisi
1077 4835 1117 4901 ad
1139 4858 1199 4901 nus
1251 4837 1335 4919 quod
1358 4857 1505 4903 seorsum
1529 4858 1593 4902 non
1616 4840 1726 4904 minus
1746 4841 1923 4923 tranquille
1948 4854 2035 4927 aget,
2061 4865 2163 4927 quam
2194 4847 2233 4911 in

227 4921 416 5003 perveniret
443 4921 563 4985 amoris
592 4939 722 4985 soneus:
752 4918 808 4987 sud
831 4920 928 4987 eorda
949 4933 1060 4989 nostru
1081 4944 1097 4985 s
1121 4922 1198 4986 iritu
1251 4942 1371 5003 inagna
1393 4933 1522 4986 turma:
1545 4924 1731 5005 quoniami
1770 4945 1828 4989 um
1849 4926 1942 4993 Deus
1963 4938 2098 4995 tutetur.
2139 4929 2233 4997 Nam

229 5026 289 5070 suo
311 5003 474 5070 irradians
508 5026 586 5071 vora
615 5013 648 5069 et
672 5003 776 5069 solido
799 5004 917 5089 gttttdio
940 5027 999 5071 nos
1022 4942 1196 5071 axlriiarat.
1250 5005 1284 5070 in
1307 5006 1479 5089 partiuula,
1510 5018 1603 5087 ΊἾΠι,
1626 5009 1729 5076 saban
1754 5011 1784 5074 'o
1805 5023 1834 5091 2
1854 5012 2079 5080 similitudinis
2102 5025 2233 5084 nomm,

227 5087 333 5156 Dooat
355 5100 464 5155 antam
488 5090 541 5157 hio
562 5090 660 5167 loeus,
688 5090 838 5173 quamvis
860 5089 975 5156 ailluat
996 5112 1105 5157 roruru
1127 5112 1196 5157 arn·
1252 5146 1266 5153 -
1288 5144 1390 5153 ....-.
1418 5146 1452 5155 ,

227 5176 317 5239 nium
340 5174 443 5257 eopia,
470 5177 605 5243 miseros
628 5182 737 5239 tanton
761 5194 833 5241 esso
854 5174 973 5259 quibus
995 5175 1194 5259 propositum
1336 5192 1364 5255 ·)
1381 5192 1447 5253 ιιιιι,
1468 5208 1502 5247 rs
1522 5210 1631 5264 same:
1649 5212 1685 5250 ou
1703 5196 1720 5249 t
1736 5208 1808 5265 part.
