4658 5856
159 324 222 388 us
973 266 1190 382 essenus
1213 315 1348 382 xvuu
2098 314 2160 380 tro

158 523 257 578 caret.
302 507 491 574 Prudenter
513 508 611 572 etiam
633 516 666 570 et
687 512 774 570 recte
796 504 928 586 quidem
946 503 1132 586 observant,
1273 504 1323 568 ll.
1346 501 1404 587 (Et
1425 505 1574 585 equitavit
1593 525 1689 587 saper
1708 503 1852 589 Glurub.)
1876 500 2160 602 Quemadmodum

159 619 234 663 eum
255 597 289 659 in
318 594 380 658 hac
404 602 474 657 tota
501 592 605 657 deseri
630 593 717 654 tione
739 588 780 654 ad
803 610 1009 655 communem
1032 589 1133 654 ecclc·
1184 586 1219 651 in
1247 587 1388 654 nubibus
1412 597 1445 652 st
1476 590 1561 654 acris
1593 590 1815 655 contractione
1843 590 1974 672 signum
2003 609 2073 653 trae
2094 587 2158 653 Der

160 683 228 749 siae
250 678 507 760 redemptionom
530 613 683 741 alludere.
728 675 813 739 Nam
835 696 936 758 quum
959 685 1038 739 tunc
1061 693 1133 755 per·
1184 670 1277 736 nobis
1301 672 1458 757 depinxit,
1489 694 1526 738 ac
1548 674 1576 738 si
1599 674 1768 740 fumume
1796 673 1931 739 naribus
1953 674 2090 751 efflaret,
2115 693 2158 770 'ac

160 776 297 851 potuum
327 763 560 828 documentum
583 761 737 825 statuerit
759 760 862 839 Deus,
891 759 978 825 unde
1000 758 1132 840 collige·
1184 757 1432 823 minitabundus
1454 758 1667 824 descenderet
1688 759 1730 824 ad
1753 759 1903 825 homines
1927 759 2067 825 terribili
2090 779 2157 824 vtr-

159 864 234 917 rent
256 847 368 915 fideles
390 847 505 912 salutis
528 867 700 911 suae-csse
723 844 897 924 vindicem,
920 864 1134 927 quaecunque
1158 858 1162 899 t
1184 842 1350 907 tutissuas
1359 844 1445 908 mole
1453 842 1628 926 urgendos,
1642 844 1721 908 item
1730 845 1765 909 in
1777 843 2000 927 fulguribusst
2008 843 2158 926 fulgetris

160 945 274 1020 postea
296 935 350 999 vel
373 932 509 1016 publice,
541 931 592 995 vel
616 932 770 1012 privatim
792 931 950 996 beneficia
971 930 1006 993 in
1031 949 1133 1010 popu·
1183 927 1295 1008 ignem
1313 930 1537 994 flammantem
1555 930 1595 994 ab
1614 950 1670 994 ore
1681 934 1750 995 eius
1768 930 1859 995 exire
1871 929 1971 994 dixit:
2010 932 2058 994 ita
2070 948 2158 994 nunc

98 1013 104 1027 ’
159 1023 229 1085 lum
272 1039 370 1084 suum
410 1016 557 1095 contulit,
599 1016 724 1097 primae
768 1015 857 1080 illius
902 1013 1134 1096 redemptionis
1184 1033 1283 1093 super
1315 1023 1429 1080 ventos
1452 1024 1484 1077 et
1525 1014 1671 1079 turbines
1710 1017 1913 1098 equitantem
1945 1014 2081 1089 inducit,
2123 1023 2158 1077 nt

161 1104 320 1190 quaedam
344 1106 475 1168 luerunt
499 1101 588 1165 velut
610 1100 815 1182 appendices.
856 1100 934 1165 ldso
959 1101 1032 1164 aliis
1055 1120 1132 1179 quo·
1158 1132 1161 1141 ·
1184 1097 1282 1162 celeri
1303 1120 1410 1175 cursu,
1434 1098 1487 1164 vel
1509 1101 1635 1181 pernici
1656 1100 1768 1165 volatu
1785 1101 1894 1182 potius
1917 1112 2022 1165 totum
2045 1100 2157 1165 orbem

162 1213 225 1274 que
264 1192 351 1267 locis,
392 1202 428 1251 ut
456 1187 580 1252 auxilie
621 1187 738 1268 populo
779 1185 938 1250 divinitus
977 1183 1134 1266 praestita
1183 1182 1370 1263 perlustret.
1416 1182 1542 1251 Similis
1564 1185 1664 1250 etiam
1687 1183 1861 1267 descriptio
1884 1185 2018 1250 Psalmo
2042 1183 2157 1262 tuat

162 1276 381 1353 commendet,
409 1272 491 1337 illud
522 1284 588 1335 tam
620 1272 828 1336 memorabile
851 1271 1016 1352 specimen
1040 1269 1133 1349 quasi
1157 1298 1161 1381 p
1184 1267 1334 1346 habetur,
1366 1269 1421 1334 ubi
1450 1267 1568 1334 dicitur
1589 1269 1682 1335 Deus
1712 1269 1789 1337 vehi
1814 1290 1914 1352 super
1941 1270 2012 1336 alas
2042 1277 2156 1337 vento·

163 1362 377 1444 archetypum
406 1357 532 1441 gratias
557 1357 619 1420 Dei
641 1357 802 1437 proponit.
848 1357 893 1420 Et
921 1364 1007 1419 certe
1034 1374 1133 1434 quum
1185 1373 1268 1428 rum,
1309 1363 1342 1418 et
1380 1354 1455 1419 illos
1487 1374 1749 1437 quaquaversum
1789 1369 1825 1419 ut
1864 1355 1985 1421 celeres
2025 1357 2158 1421 nuntios

162 1469 238 1511 enm
272 1456 434 1509 extorrem
468 1465 488 1506 a
521 1442 626 1524 patria
658 1440 751 1504 multi
793 1441 932 1504 ludibrio
967 1440 1133 1514 haberant,
1185 1440 1344 1506 emittere.
1400 1438 1577 1504 Caeterum
1618 1461 1683 1504 non
1715 1440 1907 1522 simpliciter
1940 1440 2049 1506 Deum
2081 1442 2159 1506 tacit

162 1531 257 1614 quasi
289 1529 474 1594 abdicatum
507 1549 526 1590 a
562 1527 624 1590 Dei
656 1526 788 1598 familia,
829 1526 924 1589 multi
958 1527 1136 1589 fremerent
1185 1534 1360 1589 ventorum
1397 1525 1643 1602 moderatorem,
1686 1537 1719 1589 et
1751 1525 1805 1607 qni
1839 1546 1900 1589 sua
1941 1528 2063 1593 virtute
2103 1546 2160 1592 eos

163 1636 301 1698 regnum
332 1614 490 1679 violenter
512 1612 613 1677 fuisse
635 1611 675 1676 ab
698 1632 736 1674 eo
758 1621 900 1693 raptum,
930 1611 1051 1692 optima
1073 1609 1136 1672 luit
1186 1610 1342 1692 impellat,
1363 1609 1420 1675 scd
1442 1609 1540 1676 simul
1553 1609 1632 1673 dicit
1654 1611 1799 1692 equitare
1822 1631 1919 1692 super
1941 1610 2092 1676 Cherub:
2122 1628 2160 1677 ut

163 1701 246 1764 ratio
278 1720 338 1765 eur
377 1719 456 1762 suae
488 1697 603 1761 salutis
642 1693 841 1778 praesidium
874 1697 935 1762 sub
969 1693 1135 1760 communi
1187 1695 1327 1762 sciamus
1349 1696 1437 1778 ipsos
1461 1707 1632 1759 ventorum
1661 1695 1804 1777 impetus
1832 1695 1903 1760 sius
1925 1696 2080 1761 mandato
2101 1719 2160 1781 per

163 1785 276 1868 populi
294 1784 486 1849 liberatione
504 1780 700 1847 includeret:
724 1802 762 1846 ac
781 1781 809 1846 si
827 1781 951 1846 diceret
968 1803 1003 1845 se
1021 1781 1134 1844 imme·
1188 1781 1322 1862 angelos
1345 1780 1531 1865 gubernari.
1557 1777 1688 1844 Scimus
1711 1780 1799 1844 enim
1817 1779 1878 1845 sub
1902 1781 2009 1865 ligura
2032 1783 2160 1848 Cheru·

162 1872 225 1935 rito
263 1866 429 1951 repudiari
469 1875 624 1948 tanquam
663 1866 805 1930 alienum
846 1887 943 1948 quem
976 1866 1068 1929 Deus
1100 1884 1135 1927 re
1188 1867 1255 1932 bim
1295 1874 1554 1949 repraesentatos
1593 1865 1693 1930 fuisse
1732 1864 1876 1948 angelos.
1930 1866 2049 1949 Itaque
2094 1889 2161 1933 non

161 1957 234 2038 ipsa
256 1955 423 2036 probasset
443 1973 554 2018 coram
573 1973 607 2017 sa
629 1950 738 2015 nobile
755 1962 788 2015 et
804 1952 963 2016 eximium
982 1950 1135 2016 ecclesias
1188 1952 1301 2017 dubito
1323 1952 1403 2034 quin
1426 1949 1567 2014 Davidis
1588 1950 1760 2015 consilium
1783 1951 1883 2014 fuerit
1901 1951 1942 2015 ad
1965 1973 2075 2018 arcam
2094 1954 2161 2018 loe·

163 2040 347 2104 membrum
380 2038 515 2104 censeri.
568 2035 728 2101 Videmus
756 2039 845 2101 enim
880 2047 916 2102 ut
949 2036 1134 2119 prophetae,
1188 2038 1274 2103 doris
1298 2037 1452 2101 alludere.
1486 2035 1543 2100 Sic
1564 2037 1651 2099 onim
1675 2035 1739 2100 Dei
1762 2037 1941 2116 potentiam
1965 2039 2001 2102 in
2024 2051 2162 2106 naturae

163 2127 288 2209 quoties
315 2143 409 2205 spem
430 2123 546 2188 salutis
568 2121 675 2187 facere
698 2121 813 2187 volunt
836 2122 966 2205 populo,
996 2119 1135 2186 eumad
1189 2123 1356 2188 miraculis
1390 2121 1444 2187 hic
1477 2120 1687 2201 spectandam
1721 2122 1884 2204 proponit,
1926 2132 1963 2187 ut
1997 2135 2109 2188 tamen
2143 2147 2164 2190 a

163 2211 311 2294 primum
344 2206 456 2274 foedus
491 2218 653 2286 revocent,
687 2207 772 2289 quod
807 2208 971 2273 miraculis
1003 2207 1068 2271 illis
1101 2206 1136 2269 in
1188 2208 1310 2292 templo
1345 2228 1410 2271 non
1441 2203 1583 2282 recedat,
1624 2204 1677 2270 ubi
1717 2209 1839 2271 sciebat
1872 2208 2032 2288 peculiari
2063 2209 2162 2276 modo

163 2299 326 2377 Aegypto,
366 2293 402 2357 in
435 2292 577 2357 transitu
615 2293 715 2356 maris
748 2293 849 2371 rubri,
890 2303 923 2356 et
955 2293 990 2357 in
1025 2302 1136 2356 monte
1188 2295 1296 2358 Deum
1332 2315 1368 2358 sc
1404 2290 1480 2358 filiis
1511 2289 1666 2359 Abrahae
1700 2291 1898 2374 patefecisse.
1949 2293 2025 2359 Non
2057 2293 2163 2377 igitur

165 2380 259 2445 Sinai
291 2379 387 2444 editis
419 2379 580 2443 sancitum
614 2378 728 2442 iuerat.
778 2379 914 2443 Terram
948 2383 1032 2443 irato
1065 2377 1136 2441 Deo
1161 2420 1164 2465 ,
1189 2379 1298 2444 Deum
1329 2377 1445 2443 mundi
1474 2378 1622 2459 opificem
1653 2376 1760 2441 sulum
1791 2377 1886 2441 modo
1914 2378 2068 2458 celebrat,
2104 2380 2162 2446 sed

164 2466 336 2530 tremuisse
357 2462 436 2528 dicit
457 2463 631 2544 impiorum
661 2474 820 2544 respectu.
850 2463 907 2530 Sic
929 2464 1017 2528 enim
1039 2483 1137 2542 saepe
1161 2470 1165 2523 ῖ
1189 2466 1246 2547 qui
1274 2485 1349 2530 cum
1371 2462 1495 2528 lsraclc
1524 2460 1637 2527 foedus
1660 2461 1792 2543 pepigit,
1819 2463 1880 2528 sibi
1901 2465 1937 2528 in
1960 2464 2067 2531 medio
2090 2466 2162 2532 eius

163 2552 309 2633 loquitur
338 2548 441 2626 Deus,
477 2570 512 2613 sc
546 2545 773 2630 indignatione
801 2562 835 2613 et
865 2550 933 2613 zelo
963 2568 1136 2614 accensum
1189 2551 1288 2634 elegit
1306 2569 1436 2616 sacrum
1455 2546 1665 2614 domicilium.
1688 2547 1823 2612 Poterat
1840 2551 1929 2614 enim
1946 2572 2005 2616 suo
2027 2552 2162 2618 nomine

163 2658 223 2721 pro
244 2636 421 2699 asserenda
442 2631 589 2697 fidelium
611 2632 718 2697 salute
739 2651 831 2697 arma
853 2635 998 2698 induere.
1190 2655 1307 2702 vocare
1330 2635 1479 2718 angelos:
1510 2631 1566 2698 ssd
1588 2633 1737 2698 consulto
1759 2633 1889 2700 visibile
1911 2656 2008 2702 arcae
2028 2637 2162 2718 symbo-

251 2720 281 2784 9.
305 2717 492 2803 (Adsccadit
520 2716 653 2801 furnas.)
682 2731 735 2833 cp<
757 2717 917 2784 Hebraeis
941 2719 992 2785 vel
1022 2737 1137 2782 nasum
1190 2722 1257 2785 lum
1289 2723 1405 2802 posuit,
1440 2729 1477 2784 ut
1509 2717 1622 2783 fideles
1655 2717 1696 2782 ad
1730 2719 1843 2802 templi
1876 2721 2000 2785 cultum
2034 2723 2163 2787 animos

165 2806 219 2871 vel
242 2823 339 2868 nares
363 2802 491 2884 proprie
513 2803 541 2866 si
588 2801 692 2867 ificat:
726 2801 783 2867 sed
812 2803 889 2885 quia
917 2802 1138 2885 metaphorica
1190 2809 1359 2872 referrent.
1405 2805 1500 2886 Quod
1528 2805 1675 2886 sequitur
1697 2801 1736 2866 de
1765 2807 1902 2871 obscuro
1924 2807 1987 2870 Dei
2011 2809 2162 2886 tentorio,

164 2888 333 2954 interdum
350 2907 408 2968 pro
425 2888 539 2950 iracun
563 2887 595 2949 ia
611 2887 748 2968 capitur,
771 2889 903 2970 quidam
921 2891 968 2952 ita
994 2899 1138 2967 vertunt,
1191 2894 1338 2975 repetitio
1361 2910 1411 2957 est
1438 2891 1615 2971 superioris
1643 2891 1823 2955 sententiae
1844 2892 1904 2957 sub
1933 2892 2006 2957 aliis
2035 2891 2162 2959 verbis:

166 2971 337 3039 adsccndit
353 2973 463 3036 fumus
485 2971 521 3035 in
543 2970 653 3036 furore
675 2971 761 3036 eius:
786 2974 999 3040 meoiudicio
1022 2993 1138 3056 parum
1191 2978 1276 3061 qnod
1299 2978 1424 3043 scilicet
1446 2976 1538 3042 Deus
1562 2975 1703 3040 tenebris
1725 2988 1833 3040 acrem
1856 2976 2033 3057 obducens,
2058 2977 2163 3044 homi·

166 3060 322 3143 apposite.
366 3056 512 3122 Nebulae
534 3057 622 3120 enim
644 3069 676 3121 et
699 3078 845 3141 vapores,
874 3059 991 3142 quibus
1012 3059 1137 3124 coelum
1191 3085 1249 3129 nes
1265 3061 1501 3145 quodammodo
1517 3061 1686 3143 prohibeat
1704 3082 1723 3125 a
1741 3063 1792 3126 sui
1810 3074 2003 3145 conspectu:
2026 3064 2162 3145 perinde

165 3142 412 3220 obtenebrescit,
435 3139 546 3205 David
565 3142 715 3206 crassiori
733 3145 822 3209 fumo
841 3153 1018 3229 comparat,
1040 3163 1137 3226 quem
1191 3172 1228 3214 ae
1251 3151 1278 3214 si
1300 3170 1358 3213 rex
1382 3148 1545 3231 quispiam
1568 3147 1689 3229 populo
1711 3147 1869 3227 intensus,
1890 3150 1923 3211 in
1948 3170 2113 3214 recessum
2130 3163 2163 3215 et

165 3228 324 3295 exhalant
354 3247 449 3292 nares
481 3226 557 3290 irati
590 3226 742 3293 hominis.
792 3229 903 3312 Atque
936 3231 989 3296 hio
1023 3229 1138 3294 melius
1190 3234 1330 3300 latebras
1352 3255 1422 3299 scsc
1445 3233 1552 3299 abdat.
1576 3232 1755 3296 Pelluntur
1777 3233 1865 3297 anim
1887 3235 1942 3314 qui
1964 3234 2163 3316 generaliter

165 3314 371 3397 cognoscitur
405 3332 503 3395 quam
537 3311 752 3380 formidabilis
782 3317 826 3380 sit
866 3317 916 3380 ira
948 3316 1022 3394 Dei,
1059 3314 1137 3379 dum
1191 3321 1278 3385 hunc
1299 3342 1430 3385 vorsum
1460 3319 1597 3383 trahunt
1619 3317 1667 3381 ad
1690 3316 1890 3399 probandam
1920 3339 2075 3383 arcanam
2098 3320 2163 3386 Dei

165 3402 246 3465 flatu
274 3419 334 3464 suo
365 3397 494 3463 coelum
522 3396 700 3475 obnubilat,
736 3398 879 3482 solisque
906 3411 939 3466 ct
966 3399 1137 3465 stellarum
1189 3405 1337 3488 gloriam,
1369 3428 1406 3470 ac
1436 3405 1463 3468 ei
1485 3401 1606 3480 David,
1636 3403 1798 3467 humanae
1830 3404 2029 3468 curiositatis
2063 3405 2164 3470 auda·

165 3484 312 3548 omnium
351 3482 512 3564 fulgorem
554 3481 649 3547 nobis
688 3483 847 3562 auferens,
892 3488 1035 3551 tenebris
1079 3506 1138 3549 nos
1189 3492 1275 3556 eiam
1310 3490 1462 3556 cohibere
1504 3490 1625 3564 volens,
1659 3488 1769 3551 Deum
1808 3488 1909 3553 latere
1945 3490 1978 3553 in
2019 3491 2164 3556 tenebris

166 3568 332 3650 opprimit.
376 3566 446 3631 Nec
466 3586 546 3631 vero
568 3566 663 3631 aliter
685 3566 862 3649 quadraret
884 3569 968 3651 quod
991 3572 1138 3653 proxime
1189 3577 1319 3641 diecret.
1365 3575 1503 3640 Habitat
1536 3573 1664 3656 quidem
1694 3572 1786 3637 Deus
1819 3575 1922 3638 lucem
1954 3576 2164 3655 inaccessam,

167 3654 324 3735 sequitur,
352 3651 464 3735 ignem
490 3672 531 3714 cx
559 3671 615 3715 ore
642 3651 712 3716 cius
734 3655 913 3735 profectum
936 3676 1138 3731 consumare,
1189 3663 1309 3726 fateor:
1337 3663 1393 3726 sed
1425 3681 1492 3725 non
1522 3660 1633 3725 dubito
1656 3659 1737 3741 quin
1766 3658 1848 3725 hacc
1870 3660 2016 3741 loquutio
2039 3660 2079 3725 ad
2104 3662 2165 3727 loci

165 3739 330 3822 significat
351 3736 440 3802 enim
463 3736 572 3800 Deum
594 3736 715 3819 absque
738 3739 861 3804 maiore
884 3753 1012 3817 conatu,
1040 3741 1138 3805 simul
1189 3748 1371 3828 praesentis
1389 3745 1670 3812 circumstantiam
1688 3744 1843 3827 restringi
1866 3745 1989 3822 debeat,
2008 3767 2047 3811 eo
2065 3766 2165 3830 quam

168 3848 205 3890 ac
226 3825 342 3889 flatum
365 3821 512 3888 emiserit
529 3843 547 3884 e
565 3822 708 3901 naribus,
731 3838 763 3888 et
780 3847 815 3889 os
833 3827 1006 3908 aperuerit,
1029 3827 1138 3908 ignem
1190 3832 1284 3896 attuli
1307 3853 1416 3897 sensu.

168 3911 396 3987 excitaturum,
419 3907 474 3991 qui
493 3907 583 3972 fumo
601 3929 664 3972 suo
678 3918 781 3974 totum
798 3911 956 3976 mundum
972 3911 1123 3976 obscuret
1131 3954 1147 3988 ‚-

168 3991 286 4057 deinde
308 3991 424 4058 ardore
447 3990 591 4058 devoret.
636 3993 722 4060 Nam
744 3997 828 4078 quod
853 3995 952 4074 addit,
983 3997 1142 4062 carbones
1278 4002 1328 4065 13.
1359 4000 1444 4066 Prae
1471 4002 1592 4083 fulgore
1622 4001 1654 4063 ia
1684 4006 1840 4081 wrupcda
1867 4002 1935 4066 eius
1967 4003 2065 4068 cubes
2097 4004 2167 4069 ciue

168 4100 239 4143 esse
261 4098 444 4154 succensos,
475 4077 515 4141 ad
539 4077 784 4146 distinctionem
807 4081 965 4148 evanidas
988 4083 1138 4146 flammae
1190 4088 1392 4165 trureeicraat,
1420 4088 1543 4168 prande
1572 4091 1600 4149 et
1627 4085 1773 4151 carbones
1800 4088 1893 4169 ignia
1940 4087 1989 4150 14.
2019 4087 2063 4152 Ia
2085 4090 2167 4156 iato-

167 4163 266 4228 velet.
290 4162 464 4228 Inclinatio
483 4164 656 4242 coelorum,
679 4181 808 4248 tempus
826 4167 1015 4231 obnubilum
1034 4166 1139 4249 desig·
1190 4173 1260 4234 ituit
1289 4172 1324 4234 iu
1352 4171 1447 4236 coelis
1474 4171 1603 4252 Iebocc,
1637 4171 1776 4235 excelsas
1805 4172 1902 4236 edidit
1929 4192 2030 4236 cacan
2062 4195 2166 4252 saum,

167 4262 235 4312 nat.
281 4246 368 4311 Nam
391 4249 445 4312 ubi
469 4247 562 4312 densi
587 4271 722 4331 vapores
745 4251 888 4317 medium
912 4267 1019 4318 acrem
1043 4274 1136 4318 occu·
1188 4257 1308 4337 prande
1329 4261 1356 4320 ct
1377 4255 1526 4320 corbones
1546 4256 1640 4337 ignis.
1666 4256 1714 4320 15.
1752 4255 1795 4320 Et
1816 4257 1905 4321 misit
1924 4258 2056 4339 sagittas
2076 4280 2165 4340 caus,

166 4343 256 4416 pant,
283 4332 440 4396 videntur
468 4334 570 4398 nubes
600 4337 759 4418 capitibus
791 4339 910 4403 nostris
933 4339 1139 4404 incumbere:
1190 4345 1217 4405 et
1245 4342 1417 4422 dissipauit
1445 4360 1514 4404 cos:
1538 4346 1567 4403 et
1587 4340 1720 4423 fulpwc
1742 4342 1968 4422 multiplicavit,
1990 4349 2018 4407 ct
2039 4351 2166 4410 contar·

167 4440 272 4500 nsque
294 4417 328 4480 id
352 4418 467 4499 solum,
494 4417 551 4482 sed
575 4417 639 4483 Dei
663 4422 814 4488 maiestas
835 4424 986 4504 propiore
1008 4444 1138 4488 accessu
1191 4425 1276 4490 aava
1303 4425 1403 4510 coest)
1443 4426 1491 4489 16.
1517 4424 1560 4488 Et
1592 4432 1809 4505 apparuerunt
1835 4430 1976 4509 paradas
1995 4449 2165 4509 squamea,

167 4503 261 4568 nobis
293 4502 465 4566 horrorem
499 4504 626 4583 incutit,
667 4516 700 4570 et
732 4509 899 4571 anxietate
932 4509 1138 4590 constringit,
1190 4516 1218 4574 ct
1246 4516 1355 4576 rcwcta
1383 4516 1457 4575 sarit
1476 4511 1683 4590 [armamenta
1704 4511 1789 4576 orbis
1810 4511 1849 4576 ab
1877 4513 2089 4593 increpatione
2110 4521 2166 4579 tac

167 4590 222 4671 qui
253 4609 369 4654 sereno
400 4587 488 4652 coelo
518 4587 583 4652 late
612 4590 708 4656 effusi
737 4612 869 4655 cramus
901 4592 934 4654 in
971 4591 1137 4655 laetitiam.
1192 4594 1317 4672 Ielmcc,
1342 4618 1363 4661 a
1383 4598 1463 4663 tiata
1491 4597 1627 4675 spiritus
1655 4598 1747 4660 cruris
1777 4597 1915 4682 taceaco
1960 4598 2010 4664 li.
2035 4599 2165 4664 Misrtc

166 4676 344 4738 Caeterum
388 4672 633 4736 meminerimus
674 4675 733 4737 snb
767 4677 848 4739 coeli
882 4677 1022 4762 caligine
1055 4678 1138 4741 iram
1191 4679 1332 4757 sublimi,
1362 4683 1537 4763 assiimpsit
1566 4701 1629 4745 mc:
1658 4681 1766 4746 educit
1786 4704 1834 4746 me
1854 4703 1893 4747 ca
1915 4684 2010 4764 oque
2031 4687 2165 4766 incenis.

167 4759 340 4823 Deinobis
361 4756 511 4840 depingi:
541 4759 616 4838 quia
630 4759 725 4824 sicuti
744 4783 825 4841 pura
838 4770 908 4827 tuoe
923 4762 1061 4828 iucundo
1078 4764 1138 4826 Dei
1195 4765 1244 4828 18.
1277 4765 1411 4845 Eripuit
1441 4786 1488 4828 mc
1517 4765 1556 4829 ab
1583 4766 1667 4831 hoste
1695 4788 1759 4831 racc
1786 4768 2024 4848 recusauerat
2053 4771 2164 4835 aava·

167 4844 265 4908 facies
288 4864 347 4906 nos
369 4842 546 4906 exhilarat:
571 4844 617 4907 ita
639 4845 726 4908 coelo
749 4847 887 4924 turbido,
918 4849 1009 4930 quusi
1035 4849 1138 4911 mina·
1191 4851 1280 4914 eurio
1293 4870 1376 4914 arco:
1400 4851 1645 4931 paotriuraprcc
1662 4872 1710 4915 mc
1727 4853 1977 4920 reserauerat.
2002 4854 2050 4918 19.
2067 4854 2165 4921 Prae-

167 4928 257 4992 cibus
279 4928 463 5008 superciliis
486 4929 520 4991 in
542 4948 603 4992 nos
627 4950 746 5007 rueret,
776 4933 916 4998 frontem
946 4934 1139 4998 contrahere
1192 4941 1339 4999 cenauit
1361 4957 1410 4999 mc
1431 4937 1467 4999 iu
1492 4937 1543 5000 dic
1561 4937 1783 5017 coirfructioiais
1803 4959 1905 5004 meac:
1927 4940 2033 5019 attuit
2051 4941 2165 5007 ledaco

84 5018 91 5032 '
167 5033 244 5093 prae
272 5013 405 5077 tristitia
433 5013 592 5094 cogimur.
646 5014 774 5078 Interea
812 5040 983 5081 monemur
1016 5020 1138 5082 nullam

167 5099 201 5160 in
224 5098 311 5162 coelo
335 5098 387 5161 vel
413 5111 500 5162 terra
523 5102 738 5164 mutationem
759 5103 840 5178 fiori,
864 5124 947 5184 quae
966 5103 1028 5166 Dei
1048 5125 1139 5185 prae·
1161 5150 1165 5159 .
1280 5138 1308 5205 a)
1327 5139 1367 5189 1„
1385 5141 1451 5191 meu
1469 5156 1502 5191 en
1522 5141 1658 5207 ,10st
1677 5157 1709 5192 ,n
1727 5157 1830 5211 marpe:
1849 5158 1883 5193 eu
1903 5143 1941 5194 les
1960 5145 2104 5198 ,mmm

167 5182 293 5246 sentiae
315 5204 381 5246 non
403 5183 446 5247 sit
467 5188 567 5249 lestis.
1163 5164 1167 5242 l
1263 5206 1310 5265 ”t
1327 5207 1361 5258 dc
1380 5216 1427 5260 ton
1446 5226 1503 5271 nez,
1523 5223 1556 5260 ea
1572 5225 1678 5275 arurae:
1696 5224 1730 5262 ou
1748 5210 1782 5262 dc
1800 5217 1848 5263 ton
1866 5211 1915 5263 ire.
