4658 5856
161 322 224 389 sos
1019 283 1235 392 essenus
1259 327 1298 390 L.
2086 320 2148 386 soe

161 513 222 580 hoc
245 525 304 598 est,
333 511 468 579 simules
498 524 529 577 te
552 535 654 579 unum
685 535 757 581 esse
788 536 829 580 ex
858 526 972 580 sancto
1002 513 1130 596 populo,
1183 514 1330 590 minans,
1360 515 1465 595 magis
1496 511 1677 596 emphatice
1708 511 1862 596 exprimit
1892 533 1988 594 quam
2011 511 2151 577 crudelis

163 602 255 684 quasi
290 600 329 664 ad
363 608 396 663 te
430 598 591 681 pertineat
624 599 738 664 foedus
770 599 903 664 meum?
945 600 1131 682 Caeterum,
1183 601 1226 663 sit
1259 620 1371 664 eorum
1405 600 1647 667 maledicentia:
1688 600 1764 680 quia
1801 599 1983 663 communis
2015 610 2151 662 naturae

163 707 264 770 quum
283 694 384 750 tetam
403 684 532 767 pietatis
549 685 780 768 professionem
802 686 856 752 hic
872 686 1020 769 repudiet
1030 684 1132 761 Deus,
1184 685 1288 764 obliti,
1311 708 1351 750 nc
1376 687 1512 751 uterinis
1534 683 1662 769 quidem
1688 685 1840 749 tratribus
1864 696 2011 765 pareunt.

163 793 246 856 quae
268 793 334 836 non
351 769 459 854 prodit
477 791 518 834 ex
534 792 615 853 puro
631 769 737 850 corde,
759 771 836 853 quid
859 772 899 837 de
919 772 1133 838 caeremoniis
1790 796 1795 805 ·

162 860 230 939 fiet,
248 878 329 941 quae
346 856 433 921 infra
451 855 544 920 verbi
561 856 625 922 Dei
644 855 918 938 praedicationem
938 856 1133 923 subsidunt?
1269 857 1322 920 21.
1346 856 1432 922 Haec
1450 858 1553 939 fecisti
1574 863 1601 922 et
1619 858 1720 921 tacui:
1748 855 1933 920 existimasti
1954 855 2034 934 quod
2055 875 2151 920 essem

251 944 301 1009 17.
324 939 381 1027 (Et
403 946 436 1006 tu
463 941 559 1006 odisti
587 942 825 1029 correctionem.)
868 942 1043 1010 Oouvincit
1073 942 1132 1026 hy·
1183 943 1312 1025 suturas
1333 945 1380 1007 tui
1401 944 1535 1008 simiis:
1564 961 1734 1023 cocrpecm
1755 948 1797 1011 te,
1820 946 1847 1004 et
1869 940 2019 1006 ordinabo
2046 962 2151 1007 coram

161 1030 305 1113 'pocritae
337 1048 416 1092 suae
448 1026 619 1110 perfidiae,
652 1027 738 1110 quod
771 1031 923 1111 pietatem
947 1049 1043 1110 quam
1078 1049 1134 1093 ore
1184 1029 1282 1093 ecelis
1301 1030 1373 1093 tuis.
1414 1029 1466 1092 22.
1490 1029 1556 1094 Hoc
1577 1047 1660 1094 nunc
1681 1026 1839 1108 intelligite
1855 1027 1910 1108 qui
1933 1025 2152 1092 obliviscimini

164 1117 302 1192 iactant,
334 1115 402 1178 vita
430 1122 463 1178 et
492 1111 644 1194 operibus
674 1113 845 1198 abnegent.
898 1114 1133 1197 Oontemptum
1184 1113 1304 1180 Deum:
1325 1134 1364 1178 ree
1385 1117 1523 1197 rapiam,
1546 1120 1574 1178 et
1594 1133 1654 1178 nort
1675 1115 1718 1177 sit
1738 1115 1793 1195 qui
1816 1113 1940 1192 eripiat.
1974 1112 2027 1176 23.
2047 1111 2152 1178 Sacri·

164 1222 242 1266 vero
265 1200 329 1265 Dei
351 1199 430 1264 hinc
451 1197 583 1281 probat,
613 1198 699 1281 quod
722 1199 847 1266 nullam
869 1202 939 1266 eius
962 1199 1060 1265 verbo
1082 1221 1133 1264 re·
1183 1198 1284 1279 beares
1304 1199 1430 1265 medem
1450 1199 1636 1282 glorificabit
1656 1219 1720 1264 me:
1753 1204 1781 1263 et
1808 1198 1863 1279 qui
1892 1199 1979 1262 ciem
2005 1199 2151 1280 dispertit,

164 1286 345 1351 verentiam
380 1284 545 1349 deterant:
580 1284 661 1351 haec
692 1286 780 1351 enim
813 1306 893 1351 vera
925 1295 975 1351 est
1007 1286 1134 1350 timoris
1185 1285 1392 1350 eiosteadcm
1412 1287 1543 1352 totidem
1564 1285 1636 1350 Dei.

164 1371 321 1456 probatio,
345 1370 399 1435 uhi
422 1389 481 1434 nos
504 1368 604 1435 verbo
626 1369 690 1435 Dei
713 1371 917 1448 subicimus,
941 1386 973 1436 et
995 1371 1135 1435 libenter

166 1456 394 1540 amplectimur
416 1453 571 1537 quidquid
594 1456 660 1521 illic
683 1459 839 1540 praeeipit
867 1479 905 1524 ae
928 1456 1030 1523 docet.
1073 1457 1133 1520 At·
1271 1457 1324 1523 21.
1347 1455 1448 1542 (Hocc
1467 1454 1594 1540 fecisti.)
1638 1454 1726 1536 Quia
1748 1454 1951 1537 hypocritae,
1981 1456 2081 1520 donec
2104 1459 2152 1520 in·

165 1543 220 1627 qui
239 1543 305 1608 huo
322 1562 451 1624 semper
469 1539 574 1605 tendit
592 1540 763 1608 hominum
782 1544 963 1627 hypocrisis
981 1543 1134 1625 ntlongis
1185 1543 1300 1608 festam
1325 1542 1467 1606 sentiant
1489 1540 1552 1606 Dei
1576 1562 1726 1618 manum,
1758 1541 1794 1604 in
1827 1539 1974 1605 socordia
1995 1563 2030 1604 se
2052 1541 2152 1607 obdu·

166 1638 200 1696 et
221 1628 375 1694 tortuosis
396 1625 588 1710 ambagibus
610 1627 695 1694 hanc
717 1628 934 1694 obedientiam
965 1628 1133 1712 effugiant.
1185 1639 1279 1707 rant,
1308 1647 1367 1691 nec
1388 1626 1466 1692 ullis
1485 1627 1662 1709 quamlibet
1692 1628 1814 1692 severis
1843 1626 2153 1709 reprehensionibus

164 1714 243 1780 Ideo
266 1715 387 1778 iontem
410 1712 587 1794 impietatis
609 1711 767 1796 propheta
789 1716 955 1798 designat,
982 1712 1038 1778 ubi
1062 1735 1133 1777 ver·
1185 1712 1280 1779 facile
1298 1725 1490 1778 moventur:
1509 1712 1582 1778 ideo
1600 1713 1829 1779 vehementius
1846 1710 1969 1777 insistit
1986 1712 2152 1795 propheta,

165 1800 243 1865 bum
265 1798 329 1863 Dei
353 1807 426 1880 post
449 1805 575 1881 tergum
600 1799 713 1880 proiici
735 1801 960 1882 conqueritur,
990 1809 1023 1864 et
1045 1799 1135 1880 prin·
1186 1810 1220 1864 et
1242 1798 1430 1877 denuntiat,
1459 1800 1611 1880 quamvis
1641 1799 1682 1865 ad
1705 1810 1834 1880 tempus
1855 1800 2029 1862 conniveat
2052 1797 2152 1876 Deus,

165 1886 287 1967 cipium
310 1884 381 1949 veri
404 1883 512 1948 cultus
534 1884 651 1949 statuit
672 1885 707 1947 in
736 1884 811 1951 fidei
841 1884 1036 1953 obedientia.
1081 1883 1133 1949 Si·
1185 1905 1240 1949 eos
1263 1883 1352 1948 male
1374 1895 1408 1948 et
1436 1884 1472 1947 in
1501 1906 1598 1950 suum
1627 1884 1763 1948 exitium
1790 1885 1884 1948 vanis
1913 1882 2153 1949 adulationibus

166 1970 358 2035 meletiam
388 1968 487 2033 huius
517 1970 717 2050 pervicaciae
746 1991 878 2037 cansam
908 1980 1015 2035 notat:
1049 1968 1134 2052 quod
1186 1991 1221 2035 ee
1254 1962 1412 2034 mdlcere:
1454 1966 1530 2034 imo'
1553 1970 1614 2035 hoc
1646 1970 1820 2034 ludibrium
1854 1969 1917 2033 Dei
1959 1969 2153 2052 gravissime

167 2057 291 2122 scilicet
320 2054 442 2138 impuri
472 2052 623 2118 homines
653 2076 718 2120 non
748 2057 931 2122 sustineant
960 2057 1044 2120 ferre
1072 2054 1134 2118 Dei
1186 2056 1349 2138 exagitat,
1382 2055 1467 2137 qnod
1497 2077 1570 2120 eum
1598 2056 1774 2121 sceleribus
1809 2055 1918 2119 terere
1955 2055 2152 2122 existiment.

167 2144 291 2226 iugum.
336 2139 496 2206 Libenter
517 2140 603 2204 enim
633 2139 719 2206 hanc
748 2142 884 2225 gloriam
914 2141 1136 2219 concederent,
1186 2140 1301 2224 Neque
1322 2141 1408 2205 enim
1428 2142 1588 2206 atrociore
1605 2141 1802 2205 contumelia
1820 2153 1925 2223 potest
1941 2140 2035 2215 affici,
2055 2162 2152 2223 quam

168 2226 323 2311 quidquid
346 2247 389 2291 ex
409 2246 465 2289 ore
488 2225 558 2290 eins
581 2226 698 2307 prodit,
724 2247 838 2293 verum
861 2249 932 2292 esse
949 2237 982 2291 et
999 2237 1136 2304 rectum,
1187 2226 1265 2291 dum
1295 2226 1421 2292 iustitia
1450 2247 1510 2291 sua
1539 2228 1708 2309 spoliatur.
1752 2225 1826 2290 Non
1855 2224 1939 2308 quod
1969 2226 2077 2308 palam
2107 2229 2153 2293 sic

168 2313 224 2379 sed
247 2313 324 2396 quia
341 2313 430 2376 Deus
449 2311 609 2458 loquendo
632 2312 667 2375 in
686 2312 833 2378 ordinem
855 2333 916 2378 nos
937 2314 1032 2396 cogit,
1054 2312 1136 2375 free·
1187 2313 1362 2394 loquantur
1384 2312 1592 2395 hypocritae,
1622 2312 1679 2377 sed
1701 2312 1778 2393 quia
1800 2332 1901 2393 prava
1923 2313 2153 2391 imaginatione

169 2419 314 2482 numque
335 2398 439 2462 iniicit
463 2418 479 2460 a
525 2396 720 2463 cohibendos
742 2419 855 2464 omnes
878 2400 983 2464 earnis
1007 2409 1136 2463 nostrae
1189 2398 1297 2462 Deum
1320 2399 1565 2475 transformant,
1589 2406 1625 2463 nt
1647 2397 1708 2462 sibi
1732 2397 1865 2462 delicias
1887 2397 2008 2462 iaciant
2025 2418 2067 2463 ex
2084 2400 2154 2463 eius

168 2485 321 2561 affectus,
349 2481 505 2546 molestus
528 2490 578 2547 est
600 2503 637 2548 ao
660 2483 790 2550 odiosus
812 2484 906 2549 nobis
928 2484 998 2549 eius
1020 2503 1136 2548 sermo.
1189 2482 1373 2565 tolerantia,
1397 2505 1471 2546 nam
1491 2485 1519 2546 si
1541 2486 1625 2548 serio
1647 2486 1793 2566 persuasi
1812 2498 1929 2561 essent,
1953 2484 2061 2548 Deum
2079 2484 2154 2548 abo·

169 2569 285 2652 Itaque
307 2568 427 2633 ferocia
448 2575 561 2632 nostra
579 2589 638 2632 nos
656 2580 831 2654 exasperat
848 2579 962 2636 contra
982 2569 1042 2634 Dei
1062 2589 1136 2634 vcr-
1187 2569 1307 2633 minari
1329 2569 1466 2646 seelera,
1496 2589 1628 2635 necesse
1650 2582 1735 2635 esset
1756 2569 1911 2633 continua
1931 2568 2156 2651 inquietudine

169 2654 265 2732 bum,
298 2654 373 2737 quia
405 2653 634 2719 correctionem
669 2675 735 2719 non
764 2656 903 2721 libenter
933 2656 1137 2737 suscipimus,
1187 2654 1276 2737 ipsos
1298 2655 1452 2736 torqueri.
1488 2655 1578 2738 Ergo
1601 2668 1667 2719 tam
1690 2655 1807 2736 supina
1824 2653 2030 2737 indulgentia
2045 2665 2153 2721 osten·

169 2762 231 2806 nec
253 2740 325 2806 fieri
346 2749 453 2822 potest
475 2747 510 2802 ut
541 2739 615 2821 quis
645 2751 812 2806 mansueto
838 2749 872 2806 et
901 2740 998 2806 docili
1026 2740 1136 2804 animo
1189 2739 1235 2804 dit
1253 2740 1340 2822 ipsos
1362 2740 1435 2804 Deo
1458 2741 1624 2822 imponere
1650 2741 1747 2805 falsas
1776 2759 1946 2822 personas,
1975 2761 2036 2806 nee
2059 2739 2156 2804 modo

168 2826 278 2892 Deum
296 2827 479 2908 loquentem
503 2824 624 2902 audiat,
647 2827 780 2911 eiusque
804 2825 901 2892 verbo
925 2824 1135 2908 obtemperet,
1188 2825 1357 2891 detrahere
1375 2825 1491 2891 iudicis
1509 2847 1638 2903 munus,
1662 2824 1835 2891 sedetiam
1854 2827 1976 2909 fingere
1995 2826 2155 2892 scelerum

170 2912 272 2977 doneo
311 2931 346 2976 se
385 2909 564 2994 regendum
609 2919 641 2976 et
679 2911 907 2997 corrigendum
948 2912 978 2976 ei
1018 2911 1135 2976 tradat.
1187 2923 1362 2994 patronum
1383 2924 1415 2974 et
1432 2912 1688 2994 approbatorem.
1722 2909 1830 2976 Simul
1849 2913 1948 2976 etiam
1967 2912 2156 2994 hypocritae

170 2998 288 3063 Postea
316 2997 442 3061 fructus
467 2995 647 3078 impietatis
674 3008 823 3063 recenset
851 2997 1018 3081 propheta,
1049 2995 1135 3078 quod
1188 2998 1348 3079 obiurgat,
1372 2998 1455 3078 quod
1478 2998 1543 3061 Dei
1565 2998 1699 3061 lenitate
1721 3003 1753 3061 ct
1775 2997 1934 3078 patientia
1956 3008 2023 3061 tam
2041 3019 2155 3081 perpe·
2272 2997 2275 3000 ⁴

169 3083 358 3168 hypocritae
389 3081 484 3148 furtis
505 3091 538 3144 et
560 3081 727 3147 adulteriis
748 3084 886 3160 addicti,
920 3102 1048 3147 sacrum
1075 3083 1134 3145 Dei
1189 3102 1257 3145 ram
1281 3082 1477 3162 abutantur,
1507 3095 1543 3147 ut
1571 3103 1661 3164 spem
1691 3082 1895 3163 impunitatis
1925 3082 2002 3147 inde
2024 3084 2086 3148 sibi
2109 3086 2155 3148 fa·

170 3189 287 3234 nomen
321 3168 439 3233 talibus
472 3166 605 3250 flagitiis
637 3168 812 3233 involvunt
851 3190 887 3233 ae
928 3167 1134 3251 permiscent.
1189 3167 1284 3232 ciant.
1328 3166 1443 3248 Itaque
1475 3167 1647 3232 denuntiat
1678 3166 1768 3232 brevi
1802 3168 1836 3230 in
1870 3180 2017 3248 apertam
2049 3169 2155 3233 lucem

169 3254 275 3320 Porro
296 3255 420 3337 speeies
442 3261 570 3317 tantum
590 3252 746 3334 quasdam
764 3255 939 3338 attingens,
961 3254 1136 3336 significat,
1187 3251 1365 3316 trahendos
1383 3273 1465 3332 esse,
1485 3263 1523 3318 ut
1540 3274 1672 3319 cernere
1691 3251 1793 3318 oculis
1810 3252 1879 3319 suis
1895 3265 2055 3335 cogantur
2073 3275 2155 3335 quae

170 3340 368 3424 praefractos
388 3359 502 3403 omnes
524 3348 557 3400 et
578 3338 804 3422 immorigeros
827 3341 881 3421 qni
904 3339 1134 3404 correctionem
1188 3360 1207 3400 a
1232 3335 1295 3400 Dei
1324 3337 1428 3403 oculis
1457 3337 1653 3404 abscondere
1678 3339 1787 3404 conati
1814 3348 1893 3403 suut
1919 3339 2054 3422 flagitia.
2099 3340 2156 3405 Sic

171 3433 346 3510 respuunt,
369 3443 563 3509 quocunque
585 3422 699 3487 tulerit
721 3423 838 3505 libido,
866 3423 919 3488 vel
942 3444 1137 3507 provocave—
1188 3424 1275 3487 enim
1314 3423 1513 3507 interpretor
1554 3423 1686 3489 verbum
1727 3423 1889 3502 ordinere,
1938 3425 2023 3506 quod
2064 3426 2155 3492 Dens

170 3513 238 3576 rint
258 3511 345 3575 mala
366 3509 516 3590 exempla
538 3508 654 3592 cupide
672 3518 705 3573 et
720 3510 855 3574 effraeni
877 3510 1009 3576 licentia
1032 3530 1137 3574 ruere.
1189 3507 1342 3574 distincto
1362 3508 1476 3574 ordine
1506 3511 1686 3595 catalogum
1717 3509 1863 3575 omnium
1893 3511 2051 3575 scelerum
2082 3534 2156 3594 pro·

170 3597 269 3663 Ponit
291 3597 392 3675 turta,
425 3593 542 3659 deinde
564 3593 741 3673 adulteria,
772 3596 867 3660 tertio
895 3596 1076 3661 calumnias
1104 3604 1138 3659 et
1188 3607 1303 3678 ponet,
1343 3616 1441 3677 quem
1474 3593 1590 3680 (velint
1622 3594 1741 3681 nolint)
1773 3596 1883 3678 legere
1914 3608 1947 3661 et
1980 3618 2157 3678 agnoscere

170 3684 252 3749 falsa
274 3683 402 3767 probra.
431 3680 577 3746 Verbum
600 3692 684 3798 m
708 3681 811 3746 maior
829 3703 904 3765 pars
921 3681 1137 3764 interpretum
1188 3691 1359 3764 cogantur.

170 3789 230 3853 pro
252 3786 384 3833 currere
402 3765 533 3849 accipit,
562 3786 750 3849 quanquam
768 3767 822 3831 alii
842 3767 1007 3833 deducunt
1024 3788 1043 3831 a
1058 3779 1137 3849 m
1273 3766 1326 3830 22.
1349 3765 1433 3852 (Ηοο
1453 3786 1536 3832 canc
1559 3764 1742 3850 intelligite.)
1771 3765 1864 3831 Haec
1882 3766 2064 3850 obiurgatio
2082 3789 2156 3833 rur·

171 3864 208 3919 ut
229 3853 273 3919 sit
294 3854 487 3919 consentire.
524 3850 694 3932 Quantum
716 3849 757 3916 ad
776 3853 962 3936 Prophetae
984 3862 1137 3929 mentem,
1190 3873 1247 3916 sus
1269 3851 1489 3930 demonstrat,
1519 3851 1572 3915 uhi
1596 3873 1668 3916 eum
1699 3852 1823 3917 securis
1847 3851 2028 3936 hypocritis
2059 3874 2156 3935 nego-

171 3940 247 4022 qnia
268 3959 384 4022 parum
401 3938 538 4001 interest
555 3938 719 4003 utrumvis
737 3938 892 4022 legamus,
915 3945 948 4002 et
963 3948 1138 4019 utrumque
1189 3939 1272 4001 tium
1294 3951 1359 4012 est,
1390 3937 1453 4000 nisi
1476 3938 1643 4002 acerrimis
1667 3937 1789 4002 aculeis
1812 3944 2016 4020 pungantur,
2039 3939 2155 4004 doctri·

169 4034 220 4091 est
237 4023 415 4108 probabile,
433 4021 589 4087 iudicium
607 4022 782 4089 lectoribus
800 4025 835 4089 in
854 4023 961 4088 medio
980 4022 1136 4103 relinquo.
1189 4043 1264 4087 nam
1283 4041 1413 4085 omnem
1432 4024 1645 4105 contemptim
1665 4022 1806 4098 eludere,
1826 4025 1872 4089 sic
1884 4039 1991 4087 tamen
2012 4027 2157 4092 minatur

169 4110 281 4192 Quum
305 4109 383 4176 dicit
402 4107 590 4191 hypocritas
611 4129 646 4174 os
673 4129 766 4174 suum
794 4111 911 4175 mittere
940 4109 982 4175 od
1009 4108 1137 4185 motum,
1189 4105 1348 4191 propheta
1369 4119 1402 4171 et
1424 4116 1524 4172 terret
1547 4126 1584 4173 nt
1605 4129 1695 4191 spem
1721 4111 1833 4173 veniae
1856 4108 2017 4174 residuam
2049 4112 2155 4190 iaciat,

169 4195 255 4261 forte
287 4216 352 4260 non
387 4191 481 4258 modo
514 4192 716 4260 obtrectandi
751 4196 901 4261 morbum
935 4193 1137 4277 perstringit,
1188 4192 1284 4258 modo
1306 4191 1470 4258 festinent.
1516 4191 1581 4258 Sed
1606 4215 1647 4258 ne
1670 4195 1817 4259 tarditati
1847 4194 2057 4279 indulgeant,
2089 4212 2154 4262 tam

170 4280 227 4346 sed
251 4281 331 4346 alios
352 4301 465 4345 omnes
487 4278 604 4343 noxios
626 4301 807 4348 sermones:
841 4281 918 4363 quia
945 4280 1071 4344 statim·
1086 4299 1136 4343 se·
1189 4279 1396 4344 severitatem
1417 4278 1529 4344 iudicii
1552 4278 1626 4356 Dei,
1649 4301 1745 4361 qnam
1769 4280 1970 4345 celeritatem
1990 4286 2155 4364 proponit:

171 4368 299 4450 quitur,
329 4366 439 4450 liapuc
465 4368 522 4429 tuo
535 4365 713 4430 ‘conciam
732 4366 828 4432 dolos.
874 4365 1005 4431 Scimus
1028 4374 1136 4429 autern
1189 4387 1226 4430 ac
1259 4364 1357 4428 simul
1396 4365 1549 4446 probrose
1591 4365 1860 4448 ingratitudinem
1901 4367 2031 4448 obiicit,
2069 4368 2155 4450 quod

170 4473 269 4536 quam
292 4453 392 4518 variis
414 4449 553 4516 nocendi
574 4448 787 4533 laedendique
811 4451 936 4516 artibus
958 4451 1137 4516 instructae
1188 4450 1297 4515 Deum
1320 4449 1410 4515 obliti
1433 4450 1508 4516 sint.
1544 4450 1616 4517 Hoc
1639 4471 1734 4534 porro
1754 4452 1791 4515 in
1812 4454 1927 4535 primis
1944 4453 2086 4518 notabile
2105 4465 2155 4518 est

171 4540 239 4605 sint
268 4537 441 4603 mendaces
468 4546 502 4601 et
531 4534 662 4601 dolosae
690 4534 830 4621 linguae.
876 4536 1010 4603 smeret
1038 4537 1137 4603 verbo
1188 4535 1312 4619 gratiae
1335 4533 1398 4600 Dei
1421 4538 1601 4617 specimen,
1633 4535 1717 4618 quod
1746 4537 1912 4603 secleratis
1934 4538 2062 4620 pietatis
2085 4559 2154 4603 cor·

170 4623 317 4690 alludere
339 4622 467 4689 videtur
490 4620 529 4685 ad
548 4621 675 4696 iudicia,
698 4624 781 4688 acsi
800 4622 931 4704 diceret,
953 4620 1013 4687 sub
1031 4620 1137 4706 legiti·
1187 4620 1375 4704 raptoribus
1397 4640 1535 4687 manum
1563 4623 1717 4706 porrigit,
1751 4625 1900 4705 quamvis
1929 4624 2000 4688 eius
2030 4624 2154 4688 cultum

170 4731 245 4776 mae
267 4730 424 4774 censurae
444 4716 617 4790 praetextu
639 4707 757 4773 iratres
778 4709 899 4774 iniuste
921 4708 1137 4792 proscindere,
1187 4705 1335 4789 improbe
1357 4707 1544 4787 violassent,
1566 4708 1714 4790 quamvis
1736 4709 1894 4792 sacrilega
1912 4709 2047 4774 audacia
2064 4710 2153 4776 risis·

171 4815 359 4878 quanquam
398 4802 504 4878 potest
543 4793 583 4858 de
622 4793 751 4877 vulgari
789 4795 971 4879 petulantia
1008 4794 1137 4876 exponi,
1188 4802 1261 4859 sent
1284 4791 1354 4856 eius
1377 4793 1586 4874 patientiam,
1616 4807 1650 4859 et
1670 4797 1705 4858 in
1727 4814 1836 4859 crassa
1865 4795 1989 4877 flagitia
2017 4796 2154 4878 proiecti

171 4881 250 4965 quia
271 4879 395 4964 garruli
417 4879 565 4944 homines
585 4878 726 4945 sedendo
747 4900 844 4945 sunm
868 4881 967 4946 otium
987 4879 1021 4943 in
1037 4878 1136 4961 male·
1188 4877 1311 4944 forent:
1352 4877 1432 4954 etsi,
1475 4878 1569 4943 modo
1606 4879 1647 4945 ad
1678 4898 1793 4944 sanam
1830 4893 1973 4944 mentem
2007 4880 2153 4956 redeant,

172 4966 313 5032 dicentia
351 4973 560 5031 consumunt.
614 4962 682 5030 Sed
721 4965 805 5030 mihi
837 4974 942 5049 magis
981 4964 1137 5047 probatur
1188 4961 1330 5028 ostendit
1364 4983 1399 5027 se
1430 4962 1495 5028 illis
1524 4964 1591 5029 tore
1624 4964 1810 5046 propitium.
1856 4965 1968 5046 Neque
1997 4967 2083 5030 enim
2113 4967 2153 5032 ad

171 5053 314 5119 amociue
335 5051 417 5116 illud
438 5051 562 5117 erimen
585 5050 751 5129 damnari,
775 5052 836 5131 ubi
866 5051 989 5117 scilicet
1011 5051 1045 5113 in
1068 5049 1137 5114 loro
1189 5049 1423 5131 poenitentiam
1445 5049 1593 5114 homines
1615 5051 1743 5127 invitet,
1765 5051 1826 5114 nisi
1843 5071 1901 5132 spe
1919 5052 2153 5118 reconciliatio·
2274 5052 2277 5058 ’

171 5139 261 5222 ipso,
291 5139 391 5218 bonos
413 5147 446 5202 et
467 5135 631 5220 simplices
652 5136 893 5202 calumniantur
919 5134 1075 5219 improbi,
1105 5146 1137 5199 et
1190 5135 1242 5198 nis
1270 5135 1451 5217 proposita,
1485 5145 1522 5199 ut
1551 5135 1699 5199 alacriter
1728 5145 1803 5199 aute
1841 5137 1911 5202 eius
1945 5150 2153 5220 conspectum

171 5223 254 5290 falsa
277 5221 401 5290 invidia
423 5229 571 5307 gravant.
616 5220 747 5288 Fratres
764 5225 792 5288 ct
809 5221 895 5304 filios
919 5226 1057 5287 metrum
1079 5243 1136 5286 no·
1191 5219 1319 5302 prodire
1342 5219 1491 5286 audeant.
1527 5220 1619 5285 Haec
1641 5232 1728 5286 certe
1751 5221 1997 5288 inaestimabilis
2019 5237 2069 5289 est
2090 5225 2154 5290 cle·
