4658 5856
165 352 229 419 693
960 354 1177 424 PSALMUS
1199 353 1362 421 LXXIV.
2091 360 2156 429 694

166 541 274 615 tionis,
308 542 363 624 qui
389 550 456 607 tam
487 541 649 608 hostiliter
676 552 790 608 contra
821 543 881 609 Dei
913 544 1069 628 templum
1101 551 1135 610 et
1185 543 1249 609 lius
1278 553 1388 626 pateat
1417 564 1510 627 quam
1542 542 1703 626 exquisito
1732 543 1869 608 artificio
1899 543 1995 611 rudes
2023 547 2155 614 arbores

166 626 322 710 populum
352 639 506 711 egerunt:
543 629 620 711 quia
657 628 827 712 desperata
861 631 903 694 sit
933 652 1042 695 eorum
1074 632 1134 694 im·
1185 641 1371 712 etasperas
1394 631 1575 694 intactam
1598 629 1795 712 elegantium
1818 629 2040 698 formaverint.
2081 632 2157 711 Vel,

165 713 280 795 pietas.
331 713 446 789 Porro,
475 734 575 797 quum
609 713 693 781 hano
721 714 833 779 orandi
865 717 1001 781 formam
1032 715 1134 782 dicta·
1185 717 1271 798 quod
1305 716 1410 801 magis
1442 714 1564 798 placet,
1601 714 1767 798 significat
1800 715 1960 798 propheta
1992 718 2027 781 in
2061 719 2155 785 silvis

166 800 250 863 verit
282 799 433 880 spiritus,
467 800 662 866 immensum
696 822 775 884 erga
804 822 863 866 nos
894 800 958 866 Dei
991 822 1134 867 amorem
1185 800 1295 866 densis
1317 822 1354 868 ao
1377 800 1541 885 perplexis
1563 799 1723 865 delectum
1747 799 1859 864 sedulo
1878 801 2024 867 habitum
2044 804 2155 888 luisse,

164 883 242 948 inde
275 884 476 968 colligimus,
510 886 594 967 quod
626 887 764 951 iniurias
798 888 890 953 nobis
924 887 1031 952 illatas
1065 897 1133 952 tam
1185 909 1227 951 ne
1257 909 1322 969 qua
1351 890 1447 954 arhor
1470 886 1533 951 nisi
1557 886 1679 951 eximia
1701 885 1900 950 caederetur.
1946 884 2034 967 Quid
2057 891 2084 953 si
2108 891 2155 955 ita

165 989 280 1034 severe
307 971 385 1036 velit
416 972 537 1037 ulcisci.
582 970 711 1037 Deinde
740 993 805 1053 quo
832 975 865 1037 in
888 975 994 1056 pretio
1016 973 1135 1039 habeat
1185 972 1350 1055 accipias?
1373 974 1407 1038 in
1430 972 1486 1037 illa
1509 970 1670 1037 densitate
1692 972 1839 1054 cognitas
1857 983 1891 1035 ot
1906 973 2006 1054 probe
2023 988 2154 1041 notatas

164 1056 311 1120 numinis
340 1057 392 1121 sui
421 1056 554 1133 cultum,
585 1058 676 1122 ouius
707 1058 917 1123 violationem
947 1059 995 1123 ita
1025 1080 1133 1141 perse·
1185 1058 1284 1124 luisse
1306 1059 1438 1123 arbores
1459 1057 1576 1141 quibus
1595 1056 1799 1121 admovenda
1817 1068 1888 1122 erat
1905 1060 2039 1140 securis,
2062 1063 2155 1143 quasi

164 1141 285 1223 quitur.
322 1139 491 1222 Quantum
516 1144 556 1207 ad
580 1145 681 1209 verba
698 1154 832 1226 spectat,
855 1144 986 1228 quidam
1007 1158 1133 1241 orm
1184 1144 1250 1207 iam
1273 1146 1308 1208 in
1330 1143 1463 1210 sublimi
1485 1142 1609 1208 locatae
1627 1151 1746 1219 essent,
1768 1153 1801 1206 et
1818 1144 1987 1226 expositae
2005 1158 2154 1228 spectan-

164 1228 371 1292 translorunt
394 1228 499 1310 pedes,
529 1240 586 1293 aut
610 1249 750 1312 gressus,
772 1239 868 1311 atque
891 1230 977 1296 huno
1000 1231 1134 1297 eliciunt
1184 1230 1266 1294 tium
1289 1231 1399 1296 oculis.
1433 1229 1530 1295 Certe
1553 1229 1689 1293 dubium
1713 1249 1778 1292 nou
1801 1239 1851 1293 est
1872 1229 1951 1311 quin
1974 1230 2035 1297 hoo
2056 1254 2154 1299 versu

164 1332 307 1392 sensum,
338 1315 478 1379 Domine
507 1313 614 1379 levato
641 1315 745 1397 gradu
773 1315 922 1381 celeriter
952 1316 1069 1381 advola
1092 1316 1132 1380 ad
1184 1317 1390 1381 commendet
1411 1314 1567 1380 materiae
1589 1315 1832 1396 praestantiam,
1865 1316 1941 1397 quia
1963 1318 2009 1382 sio
2030 1316 2155 1385 delecta

164 1398 392 1479 percutiendos
423 1400 543 1464 hostes.
594 1400 661 1464 Alii
691 1411 827 1465 vertunt
859 1401 1012 1479 Malloea,
1046 1400 1132 1485 quod
1184 1411 1254 1465 erat
1287 1412 1323 1467 ut
1357 1414 1465 1485 posset
1498 1400 1643 1465 omnium
1678 1400 1789 1464 oeulos
1818 1401 1850 1464 in
1885 1420 1920 1465 so
1953 1413 2153 1483 convertere,

164 1493 240 1566 apte
269 1486 433 1550 convenit.
479 1486 563 1550 Mihi
589 1496 699 1551 tamen
722 1486 925 1571 religionen
955 1489 1018 1552 luit
1039 1488 1131 1571 sequi
1183 1487 1267 1552 siout
1299 1488 1392 1551 initio
1426 1487 1566 1570 proximi
1596 1506 1712 1550 vorsus
1748 1485 1885 1549 formam
1919 1487 2038 1567 ipsam,
2072 1510 2155 1572 quas

163 1590 274 1633 eorum
316 1571 511 1636 senteutiam
545 1571 599 1654 qui
640 1572 680 1637 ad
714 1572 917 1655 percutiendi
957 1584 1065 1639 aetum
1100 1585 1133 1637 et
1183 1572 1344 1654 singulari
1373 1572 1511 1638 artificio
1540 1571 1684 1653 expolita
1706 1579 1785 1647 erat,
1815 1591 1873 1653 per
1896 1571 2080 1656 sculpturas
2102 1575 2156 1640 vel

162 1655 248 1718 ictus
275 1656 365 1737 ipsos
393 1660 552 1720 referunt.
596 1658 767 1723 Posterius
795 1658 977 1723 membrum
1008 1681 1026 1723 a
1060 1661 1131 1742 qui·
1183 1661 1366 1723 caelaturas
1398 1657 1565 1740 intelligit.
1621 1656 1717 1722 Nuno
1751 1677 1828 1721 vero
1861 1655 1939 1720 dicit
1972 1658 2154 1725 Chaldaeos

163 1738 299 1805 busdam
340 1741 437 1806 aliter
478 1744 670 1825 exponitur,
710 1743 795 1825 quod
837 1744 989 1810 inimicus
1022 1745 1132 1809 omnia
1184 1743 1274 1809 nullo
1297 1756 1447 1826 respectu
1470 1745 1504 1807 in
1524 1755 1589 1806 tam
1608 1741 2007 1823 praeclarumaedifioium
2024 1767 2154 1812 secures

163 1828 346 1908 corruperit
374 1829 409 1891 in
439 1829 635 1894 sanctuario.
680 1827 746 1894 Sed
771 1830 847 1911 quia
869 1850 1031 1912 nusquam
1055 1829 1131 1894 alihi
1183 1843 1217 1893 et
1228 1829 1362 1894 malleos
1379 1828 1567 1905 immittere,
1591 1850 1628 1893 ao
1646 1830 1672 1893 si
1692 1829 1725 1892 in
1745 1826 1882 1893 delenda
1898 1838 1963 1893 tam
1981 1833 2155 1915 magnifica

162 1913 306 1977 occurrit
335 1913 416 1978 haeo
439 1915 598 1998 syntaxis,
630 1915 720 1979 nolui
742 1914 919 1980 electione
943 1915 1078 1998 probata
1099 1925 1134 1980 et
1183 1925 1358 1993 structura,
1388 1913 1453 1979 Dei
1482 1915 1621 1998 gloriam
1648 1914 1783 1995 pedibus
1804 1913 1930 1979 calcare
1952 1918 2153 1999 propositum

162 2015 294 2081 recepta
316 1997 491 2064 discedere.
1125 2032 1129 2037 ·
1183 2003 1306 2067 fuisset.
1362 2001 1482 2065 Postea
1522 2000 1561 2065 de
1601 1998 1752 2065 inoeudio
1787 1998 1901 2082 templi
1935 2005 2155 2088 conqueritur,

248 2084 279 2148 4.
312 2083 527 2170 (Rupierard.)
581 2085 747 2151 Leonibus
787 2097 976 2169 comparant
1011 2086 1133 2164 hostes,
1184 2109 1246 2170 quo
1275 2108 1408 2170 prorsus
1438 2085 1579 2150 deletum
1610 2084 1682 2164 luit,
1711 2106 1810 2168 quum
1843 2085 2003 2152 machinis
2027 2089 2156 2154 nonnisi

164 2170 380 2235 truculentiae
421 2171 583 2235 notandae
622 2191 719 2236 causa
758 2193 854 2254 quam
889 2173 922 2236 in
956 2173 1035 2255 ipsis
1069 2171 1132 2238 Dei
1183 2175 1377 2238 semirutum
1401 2181 1497 2236 esset.
1543 2169 1651 2250 Multi,
1674 2173 1750 2253 qnia
1773 2169 1927 2235 videbant
1949 2172 2155 2239 commodum

161 2256 359 2320 sanctuariis
381 2256 564 2322 exercuisse
586 2271 840 2339 conqueruntur.
880 2258 1051 2340 'l’emplnm
1075 2281 1132 2323 au·
1183 2281 1316 2325 sensum
1347 2280 1389 2322 ex
1412 2257 1521 2321 vorbis
1543 2277 1609 2320 non
1632 2277 1725 2338 posse
1748 2255 1832 2335 elici,
1861 2267 2020 2339 putarunt
2042 2261 2153 2325 inver-

162 2351 230 2405 tem
266 2342 326 2405 boc
359 2341 428 2407 looo
463 2342 548 2406 mulo
575 2341 774 2426 intelligere,
808 2363 906 2425 quam
937 2364 1132 2427 synagogas,
1183 2366 1254 2409 sum
1288 2365 1359 2411 esse
1391 2342 1554 2417 ordinem,
1588 2340 1661 2406 ideo
1695 2342 1741 2407 sio
1771 2341 1952 2406 resolvunt:
1986 2344 2154 2410 Miserunt

162 2447 223 2492 neo
264 2427 351 2490 enim
393 2428 569 2492 absurdum
612 2440 662 2493 est
700 2430 820 2511 plurali
852 2448 988 2493 numero
1024 2431 1131 2494 vocari
1183 2433 1292 2513 ignem
1323 2432 1357 2494 in
1386 2428 1572 2494 sanctuaria
1603 2437 1666 2492 tua.
1711 2428 1783 2509 Ego
1810 2448 1897 2510 vero,
1927 2431 2078 2510 quamvis
2101 2452 2153 2495 re·

161 2513 356 2592 ranacario,
387 2523 422 2576 ut
445 2513 522 2577 alibi
544 2534 649 2596 saepe,
670 2515 748 2596 quia
769 2516 803 2578 in
827 2523 894 2580 tres
916 2525 1024 2597 partes
1047 2514 1130 2580 divi·
1183 2528 1308 2599 pugnet
1330 2526 1491 2591 accentus,
1514 2533 1579 2577 uon
1602 2513 1714 2578 dubito
1732 2513 1912 2596 genuinum
1931 2535 2002 2579 esso
2020 2535 2152 2581 sensum

162 2612 345 2663 sumeret.
391 2597 587 2680 Quanquam
614 2601 641 2664 si
671 2601 743 2681 quis
774 2599 813 2665 de
835 2602 1011 2684 synagogis
1034 2600 1130 2665 intel·
1184 2623 1278 2684 quem
1298 2602 1399 2684 posui,
1423 2597 1780 2683 quodiucendioignis
1799 2598 1957 2680 templum
1975 2600 2010 2664 in
2028 2610 2150 2666 terram

162 2682 264 2766 ligero
293 2683 395 2759 malit,
426 2705 489 2748 non
521 2683 692 2750 contendo.
736 2685 808 2751 Imo
838 2686 930 2751 nulla
953 2688 1034 2750 ratio
1057 2707 1128 2768 pro·
1184 2689 1363 2769 proiectum
1391 2685 1498 2750 luerit.
1543 2686 1651 2766 Atque
1680 2684 1734 2748 hio
1759 2705 1872 2749 versus
1894 2683 2011 2750 melius
2033 2688 2151 2752 confir·

161 2767 253 2832 hibet
281 2768 320 2833 ad
351 2780 452 2833 totam
483 2783 603 2834 terram
633 2769 810 2836 extendere
838 2793 934 2854 quam
958 2772 1018 2837 sibi
1040 2773 1131 2837 Deus
1184 2786 1261 2850 mat,
1291 2771 1450 2855 templum
1477 2770 1517 2835 ob
1547 2780 1613 2835 tres
1645 2781 1763 2851 partes,
1793 2767 1927 2854 adytum
1958 2771 2079 2838 seilicet
2100 2774 2152 2837 in·

161 2866 419 2919 consecraverat.
450 2855 515 2920 Sed
532 2855 613 2920 illud
625 2859 729 2939 magis
741 2857 971 2940 emphaticum,
989 2860 1130 2922 hostium
1184 2861 1295 2936 terius,
1325 2858 1547 2923 sanctuarium
1578 2854 1663 2937 quod
1690 2854 1833 2919 modium
1856 2864 1936 2934 erat,
1966 2866 2000 2921 et
2022 2859 2152 2936 atrium,

161 2940 286 3004 rabiem
316 2942 363 3004 ita
391 2943 511 3023 passim
541 2954 722 3024 grassatam
752 2964 837 3021 esse,
871 2952 909 3007 ut
941 2964 983 3008 ne
1012 2943 1131 3025 templo
1184 2944 1302 3026 plurali
1315 2963 1451 3007 numero
1464 2941 1588 3007 vocari:
1607 2941 1683 3023 quia
1698 2961 1775 3004 mox
1792 2940 1947 3022 sequitur,
1960 2942 2153 3010 domicilium

161 3023 292 3108 quidem
316 3024 378 3090 Dei
401 3029 615 3110 pepercerint.
656 3025 752 3108 Quod
775 3027 853 3092 dicit
870 3030 1017 3110 posuisse
1037 3030 1132 3110 cipro
1182 3030 1319 3094 amnicis
1341 3029 1396 3092 tui.
1431 3026 1570 3091 Ponitur
1592 3036 1701 3089 autom
1720 3025 1785 3089 Dei
1806 3046 1936 3103 nomen,
1960 3039 1995 3090 ut
2013 3030 2153 3095 sciamus

161 3131 233 3194 auc,
264 3110 304 3174 ad
328 3113 504 3176 notandam
528 3114 756 3178 contumeliam
780 3113 929 3196 pertinet,
961 3113 1046 3196 quod
1069 3115 1131 3179 sci·
1184 3136 1247 3179 noo
1279 3113 1378 3178 luisse
1406 3111 1472 3178 illic
1495 3110 1762 3195 comprehensam
1786 3112 1855 3175 eius
1878 3113 2063 3190 essentiam,
2096 3113 2152 3179 sed

161 3197 239 3260 licet
274 3199 391 3262 erectis
423 3195 590 3280 trophaeis
617 3199 755 3279 superbe
784 3200 1061 3280 triumphaverint
1091 3199 1131 3264 de
1183 3202 1305 3265 virtute
1327 3218 1387 3263 sua
1409 3197 1444 3261 in
1468 3197 1589 3279 templo
1612 3196 1784 3274 habitasse,
1807 3216 1870 3278 quo
1888 3196 2012 3263 maiore
2030 3198 2153 3264 fidncia

162 3282 233 3364 ipso
256 3281 339 3347 Deo.
371 3283 455 3347 Nam
479 3281 565 3364 quod
588 3283 628 3347 ad
653 3284 795 3366 magicas
817 3284 1037 3350 divinationes
1059 3286 1130 3365 qui·
1182 3286 1250 3351 illio
1277 3307 1297 3350 a
1329 3283 1447 3365 populo
1475 3284 1693 3348 invocaretur.
1737 3283 1849 3364 Atque
1878 3293 1915 3346 ut
1942 3282 2059 3348 melius
2081 3305 2153 3348 sae·

162 3369 238 3432 ‹lam
285 3368 424 3433 trabunt
465 3370 572 3451 (sicuti
617 3368 909 3445 Nabuchadneser,
958 3370 1130 3435 Ezechiele
1182 3371 1283 3435 vitiae
1312 3370 1514 3434 atrocitatem
1542 3367 1706 3450 exprimat
1735 3367 1908 3450 propheta,
1942 3367 2067 3434 inducit
2097 3390 2153 3436 eos

163 3464 254 3529 teste,
282 3455 334 3531 21,
363 3455 403 3518 21
435 3455 573 3538 auguria
604 3476 663 3520 sua
692 3454 848 3539 captavit)
877 3456 974 3519 nimis
1005 3468 1054 3520 est
1081 3476 1129 3520 re·
1183 3457 1267 3521 ultro
1289 3457 1438 3537 citroque
1460 3475 1495 3519 ss
1516 3452 1738 3531 exhortantes,
1767 3474 1809 3516 ne
1831 3455 1903 3535 quis
1925 3456 2019 3519 fieret
2040 3467 2149 3521 vasta·

162 3540 321 3605 strictum.
366 3539 462 3604 Prior
491 3548 600 3604 antem
623 3541 679 3604 ille
702 3561 817 3605 sensus
840 3543 961 3622 optime
981 3540 1128 3623 quadrat.
1181 3542 1262 3607 tioni
1285 3540 1409 3606 modus.
1458 3538 1563 3621 Quasi
1584 3559 1700 3622 parum
1722 3538 1869 3618 animati,
1897 3540 2013 3622 inquit,
2044 3551 2154 3607 essent

161 3625 247 3689 Nam
278 3626 422 3709 quisquis
452 3634 573 3690 terram
601 3635 746 3691 sanctam
774 3625 1033 3708 ingrediebatur,
1063 3627 1129 3692 illio
1181 3627 1222 3693 ad
1245 3625 1437 3703 nocendum,
1462 3626 1682 3708 unusquisque
1705 3625 1792 3691 socio
1809 3645 1866 3689 suo
1884 3625 2034 3691 stimulos
2052 3625 2152 3703 addit,

161 3711 285 3776 sciebat
307 3712 418 3794 vigere
443 3711 638 3793 peculiarem
663 3711 724 3776 Dei
747 3711 886 3777 cultum:
917 3724 950 3777 et
971 3712 1128 3795 templum
1181 3718 1218 3778 tit
1247 3714 1317 3779 sine
1346 3712 1538 3793 exceptione
1566 3718 1698 3776 vastent
1714 3732 1763 3781 ,ao
1794 3709 1932 3791 perdant
1961 3719 2065 3776 totum
2089 3710 2152 3776 Dei

163 3807 236 3860 erat
261 3800 353 3878 quasi
380 3798 508 3878 insigna
535 3799 739 3879 praesentiae
762 3796 834 3873 Dei,
865 3799 957 3863 acsi
987 3799 1128 3864 extentis
1180 3798 1346 3882 populum.
1400 3794 1546 3861 'Pandam
1590 3796 1667 3861 dicit
1705 3796 1857 3859 incensas
1897 3796 1997 3861 fuisse
2037 3818 2152 3862 omnes

164 3881 294 3946 vexillis
334 3881 490 3965 populum
522 3882 615 3947 illum
644 3884 705 3948 sub
735 3881 872 3965 imperio
901 3904 961 3947 suo
993 3893 1127 3948 teneret.
1180 3904 1375 3969 synagogas.
1408 3881 1465 3948 Sic
1486 3882 1575 3946 enim
1595 3902 1713 3947 nomen
1732 3893 1876 3980 myro
1894 3881 2033 3947 libenter
2050 3883 2153 3948 intor-

162 3966 226 4031 His
249 3968 413 4050 symbolis,
436 3988 518 4050 quae
541 3968 696 4050 populum
713 3967 776 4032 Dei
800 3969 995 4051 separabant
1017 3990 1035 4033 a
1058 3990 1128 4051 pro·
1180 3982 1299 4053 pretor,
1329 3969 1404 4051 quia
1431 3967 1594 4051 generalis
1616 3980 1694 4031 nota
1716 3966 1865 4031 additur:
1893 3982 1928 4033 ot
1950 3967 2072 4033 diserte
2094 3990 2153 4033 ex·

161 4053 248 4117 fanis
270 4054 430 4135 gentibus,
461 4054 618 4136 sacrilega
640 4056 736 4137 signa
757 4055 797 4118 ab
820 4053 969 4119 hostibus
991 4055 1024 4118 in
1045 4063 1127 4118 tem·
1179 4056 1293 4138 primit
1322 4053 1479 4137 propheta
1505 4053 1708 4118 saucturaria
1730 4053 1830 4119 totius
1854 4064 1969 4117 terrac.
2014 4053 2149 4138 Frigido

162 4137 253 4220 plum
277 4139 367 4202 illata
390 4160 475 4204 cuno
498 4140 657 4221 propheta
678 4141 830 4221 opponit:
852 4140 986 4222 ideoque
1009 4161 1127 4206 noman
1178 4142 1267 4205 enim
1296 4150 1465 4223 exponunt
1493 4137 1633 4222 quidam,
1663 4139 1739 4219 quia
1765 4139 1894 4203 coelesti
1918 4137 1981 4202 Dei
2004 4141 2147 4205 sacrario

162 4224 340 4307 duplicans,
363 4237 461 4308 auget
482 4224 723 4308 indignitatem,
745 4226 832 4307 quod
854 4226 979 4290 eversis
997 4225 1127 4307 pietatis
1178 4246 1295 4291 nocere
1323 4246 1389 4290 non
1411 4232 1571 4306 poterant,
1601 4234 1658 4288 aut
1683 4224 1748 4288 vim
1772 4224 1899 4305 afferre,
1932 4225 1966 4288 in
1989 4225 2147 4307 templum

161 4311 355 4394 insignibus,
380 4312 488 4375 hostes
510 4309 633 4375 alienas
655 4322 748 4375 notas
770 4310 1009 4375 substituerint.
1179 4324 1346 4376 terrenum
1389 4310 1440 4376 vel
1481 4330 1662 4393 synagogas
1701 4310 1841 4375 vertisse
1878 4329 1971 4375 suam
2013 4312 2146 4375 rabiem.

247 4396 277 4461 5.
307 4394 471 4481 (Ceperitne
509 4394 576 4480 cet.)
629 4395 702 4461 Hac
734 4397 975 4462 circumstantia
1008 4397 1126 4461 iterum
1178 4396 1379 4480 Simpliciter
1408 4397 1496 4461 enim
1525 4396 1736 4476 conqueritur
1765 4395 1933 4478 propheta,
1961 4395 2072 4460 hostes
2102 4399 2148 4461 ita

161 4482 267 4564 magis
282 4493 440 4564 aggravat
455 4480 615 4564 propbeta
630 4481 800 4546 barbaram
818 4483 967 4546 atteram
985 4482 1126 4546 hostium
1179 4483 1278 4548 luisse
1300 4483 1444 4547 intentos
1468 4480 1648 4546 adnomen
1672 4480 1736 4544 Dei
1759 4479 1954 4546 abolendum
1976 4492 2013 4545 ut
2036 4480 2146 4547 nullus

160 4567 396 4644 crudelitatem,
419 4565 505 4650 quod
527 4565 708 4631 aedificium
731 4579 822 4631 tanto
845 4579 977 4650 sumptu
999 4580 1127 4632 exstru·
1178 4568 1317 4652 angulus
1355 4568 1395 4633 ab
1429 4566 1493 4632 illis
1526 4566 1660 4632 relictus
1693 4566 1791 4630 fuerit
1824 4567 1960 4650 integer.
2018 4566 2145 4631 Nomen

161 4665 260 4729 otum,
290 4666 381 4715 tanta
407 4653 569 4735 elegantia
589 4651 824 4734 splendoreque
845 4666 1007 4728 ornatum,
1036 4664 1127 4717 tanta
1179 4677 1255 4719 vero
1277 4665 1431 4749 0²79le
1453 4650 1538 4734 quod
1561 4651 1601 4716 de
1624 4652 1810 4717 sanctuario
1833 4664 1868 4716 ut
1891 4651 2068 4733 plurimum
2093 4673 2146 4719 ao·

160 4735 321 4802 industria
343 4752 377 4802 et
397 4750 467 4802 arte
483 4737 663 4820 expolitum
681 4739 868 4802 immaniter
886 4739 1125 4820 dissipaverint.
1177 4741 1305 4822 cipitur,
1337 4761 1400 4803 uon
1427 4739 1511 4802 male
1533 4736 1710 4803 seeundum
1734 4737 1965 4821 etymologiam
1988 4738 2147 4802 transfert

161 4823 202 4887 In
232 4825 341 4888 verbis
370 4824 479 4888 subest
506 4824 615 4906 aliqua
642 4822 837 4888 obscuritas:
871 4844 986 4888 sensus
1016 4836 1125 4888 tamen
1177 4826 1218 4889 ad
1248 4846 1285 4890 aa
1314 4823 1386 4890 loca
1415 4824 1469 4888 ubi
1499 4823 1647 4889 solebant
1675 4823 1727 4905 agi
1750 4825 1833 4887 sacri
1857 4832 2046 4901 conventus,
2077 4844 2146 4888 non

162 4907 214 4973 hic
230 4911 297 4974 ler'e
312 4910 461 4984 obtinuit,
482 4907 591 4989 Quum
608 4911 842 4973 exstruendum
857 4920 943 4974 esset
958 4910 1125 4991 templum,
1177 4913 1272 4975 modo
1305 4909 1344 4974 ad
1380 4909 1533 4992 legendos
1566 4919 1599 4974 et
1630 4909 1829 4974 enarrandos
1862 4909 2054 4993 prophetas,
2087 4908 2145 4974 sed

161 5015 308 5060 caesores
332 4996 482 5059 arborum
506 4995 606 5060 fuisse
626 4993 768 5060 celebres
791 5015 828 5059 ac
846 4995 992 5058 lamosos.
1026 5008 1125 5079 2027)
1176 4997 1273 5061 etiam
1308 4996 1348 5061 ad
1380 4995 1596 5060 invocandum
1629 4994 1691 5058 Dei
1721 5014 1858 5059 nomeu:
1892 4995 1983 5076 qnasi
2015 4994 2145 5069 diceret,

161 5080 292 5160 quidam
309 5081 414 5145 active
429 5079 602 5163 accipiunt,
620 5090 653 5143 et
667 5090 846 5163 exponunt,
862 5083 953 5163 quasi
969 5080 1125 5146 offerrent
1176 5080 1257 5146 nihil
1291 5083 1445 5147 omissum
1477 5081 1575 5146 luisse
1604 5081 1643 5143 ab
1666 5080 1775 5162 impiis
1804 5100 1869 5165 quo
1899 5081 2148 5164 exstinguerent

161 5163 233 5231 Deo
255 5167 420 5245 sacrificia,
447 5165 549 5231 luisse
570 5165 714 5230 illustres
735 5177 769 5229 et
790 5166 946 5248 cognitos.
992 5167 1036 5232 Ilt
1052 5190 1125 5250 per·
1176 5167 1240 5231 Dei
1262 5167 1387 5232 cultum
1409 5168 1444 5230 in
1466 5164 1596 5230 Iudaea.

155 5251 295 5331 placitos
317 5252 463 5316 orborum
485 5251 594 5334 politis
616 5249 762 5316 trabibus
784 5253 968 5334 opponitur,
998 5268 1033 5317 ut
1056 5275 1123 5320 me·

1887 5351 1938 5405 44⁸
