4658 5856
180 287 243 355 301
994 285 1213 353 manuus
1236 269 1371 353 xxxi
2119 300 2185 367 302

182 476 288 544 modis
305 476 426 559 exponi
444 484 560 559 potest,
583 477 658 560 quia
676 476 763 541 euim
783 477 922 561 gretiam
943 493 1036 538 suam
1054 475 1158 538 inter·
1211 474 1282 539 sive
1304 495 1366 558 per
1388 474 1533 542 salebras
1554 477 1756 557 enitendum,
1779 481 1850 546 sive
1871 483 1957 547 inter
1980 486 2092 569 spinas
2114 509 2182 553 am·

182 565 262 630 dum
294 561 448 628 subducit
479 561 581 638 Deus,
615 582 682 627 non
715 562 801 628 male
830 559 1003 628 conveniet
1024 579 1156 624 sensus:
1211 560 1390 625 bulandum
1421 561 1474 642 sit,
1504 572 1537 628 ιο
1559 563 1640 627 mihi
1662 576 1858 648 perpetuum
1881 567 1996 634 ducem
2019 572 2088 637 fore
2110 595 2184 639 con-

181 648 345 733 Quamvis
359 668 448 713 nunc
464 668 526 730 ope
543 661 600 712 tua
618 647 788 726 destituar,
811 669 852 713 ne
870 656 980 711 tamen
999 643 1158 709 adfinem
1210 644 1285 711 fido.
1329 646 1434 712 Porro
1455 649 1532 729 quia
1553 668 1684 798 semJier
1705 650 1878 718 vacillandi
1901 657 2073 722 materiam
2095 658 2130 723 in
2148 680 2183 726 se

182 756 295 819 usque,
324 733 376 800 vel
399 741 558 817 perpetuo
580 755 633 798 me
654 733 797 800 abiicias.
831 733 885 798 Ita
913 729 1021 797 David
1045 739 1159 795 contra
1209 732 1376 814 reperient
1410 732 1568 812 homines,
1635 736 1733 800 iserte
1765 739 1847 819 petit
1879 740 1989 807 David
2021 751 2060 807 ut
2092 745 2183 811 Deus

181 821 381 888 tentationes
399 840 435 884 se
452 819 614 903 patientia
631 838 759 883 armare
777 819 900 897 volens,
923 815 1158 897 temporalibus
1210 838 1329 882 nomen
1362 839 1458 883 suum
1491 818 1546 883 vel
1586 820 1722 903 gloriam
1761 824 1933 905 respiciat:
1977 828 2073 893 aienti
2114 851 2180 897 non

182 907 343 991 angustiis
366 905 610 970 frustrationem
632 916 818 986 opponeret.
864 903 902 971 Si
920 901 992 985 quis
1010 903 1056 966 ita
1074 901 1157 966 aeci·
1209 902 1342 967 aliunde
1371 902 1413 967 ad
1441 925 1500 970 nos
1529 905 1689 971 iuvandos
1709 911 1842 993 proprie
1869 910 2054 978 inducitur:
2084 925 2181 998 atque

183 1013 259 1076 pere
281 991 391 1057 malit:
415 988 583 1071 Quidquid
604 989 759 1056 acciderit
777 992 949 1065 malorum,
973 995 1011 1051 ut
1028 1007 1157 1070 semper
1209 988 1256 1051 ita
1289 989 1465 1054 tenendum
1505 1000 1564 1066 est,
1609 991 1673 1057 Dei
1707 1015 1826 1058 nomen
1860 1007 2022 1079 quatenus
2055 1003 2181 1071 meritis

182 1078 222 1144 ad
252 1097 346 1161 opem
381 1074 549 1141 ferendam
582 1084 713 1159 praesto
742 1078 786 1141 sit
812 1077 914 1152 Deus,
946 1071 1157 1154 subindeque,
1208 1073 1361 1139 omnibus
1384 1077 1571 1158 opponitur,
1601 1079 1729 1145 unicam
1753 1081 1870 1146 salutis
1892 1092 2026 1148 nostrae
2048 1107 2179 1153 causam

181 1172 279 1248 prout
300 1183 354 1229 res
374 1161 561 1245 postulabit,
585 1181 719 1226 manum
738 1163 899 1247 porrigat:
920 1159 1157 1240 huncquoque
1208 1159 1343 1224 censeri.
1388 1160 1547 1227 Proximo
1569 1182 1666 1229 versu
1688 1164 1824 1232 insidias
1847 1178 1880 1232 οι
1901 1168 2041 1251 fraudes,
2063 1174 2180 1254 quibus

181 1269 314 1315 sensum
337 1268 403 1312 non
426 1246 569 1328 repudio.
615 1247 706 1312 Petit
728 1256 835 1313 autem
858 1245 989 1312 liberari
1010 1244 1046 1308 ia
1061 1244 1155 1308 iusti·
1207 1244 1452 1312 circumventus
1476 1248 1582 1313 lueret
1603 1248 1645 1313 ab
1667 1250 1823 1332 hostibus,
1847 1253 1907 1319 sub
1929 1256 2005 1320 retis
2027 1257 2178 1325 similitu·

181 1337 227 1402 tic
259 1334 334 1414 Dei,
367 1352 406 1397 eo
437 1330 521 1415 quod
556 1331 648 1398 Dens
676 1333 774 1399 fidem
808 1335 912 1399 servis
943 1330 1013 1395 suis
1045 1328 1155 1393 datam
1208 1329 1285 1395 dinc
1307 1329 1438 1396 videtur
1465 1343 1589 1398 notare.
1635 1332 1766 1415 Scimus
1794 1339 1882 1402 enim
1913 1336 1953 1404 de
1983 1342 2053 1406 eius
2075 1355 2179 1410 morte

183 1419 390 1503 praestando,
413 1418 536 1483 iustum
559 1439 594 1483 se
616 1418 739 1501 probet.
785 1419 891 1484 Nimis
913 1424 1028 1499 argute
1051 1414 1156 1496 philo·
1207 1416 1290 1480 inita
1311 1437 1409 1498 saepe
1440 1418 1541 1484 fuisse
1573 1421 1718 1500 consilia,
1754 1443 1837 1506 quae
1869 1425 1997 1490 nullum
2021 1428 2179 1510 effugium

181 1505 363 1589 ecphantur
398 1504 453 1587 qui
487 1503 648 1569 Davidem
672 1504 714 1570 ad
741 1505 909 1580 iustitiam,
936 1521 1034 1584 quam
1064 1499 1156 1564 Deus
1207 1501 1446 1584 relinquerent:
1491 1514 1525 1569 et
1568 1526 1668 1588 quum
1707 1528 1827 1592 magna
1862 1512 1983 1575 astutia
2015 1514 2179 1595 pollerent

181 1591 326 1678 gratuito
355 1590 423 1657 suis
444 1588 593 1672 largitur,
624 1593 799 1675 confugere
827 1589 951 1664 dicunt,
985 1585 1062 1678 quia
1084 1606 1156 1667 pro·
1208 1587 1326 1665 hcstes,
1363 1597 1495 1671 propter
1524 1591 1713 1656 incredibile
1739 1593 1858 1671 odium,
1896 1597 2002 1662 acrius
2033 1600 2073 1665 ad
2104 1623 2179 1667 eum

183 1679 253 1760 pria
275 1696 412 1760 operum
442 1673 570 1739 iustitia
596 1695 719 1742 vacuus
748 1677 801 1742 sit.
846 1673 956 1741 Stulte
989 1690 1068 1736 vero
1091 1670 1156 1748 alii,
1208 1672 1412 1754 perdendum
1435 1677 1535 1742 fuisse
1556 1678 1706 1758 intentos,
1728 1699 1827 1762 quam
1848 1688 1886 1745 ut
1907 1681 1968 1747 sibi
1986 1682 2179 1753 humanitus

182 1765 238 1846 qui
260 1761 369 1826 Deum
400 1781 460 1843 pro
481 1761 610 1824 iustitia
633 1782 694 1826 sua
714 1782 846 1827 servare
867 1767 997 1825 sanctos
1019 1765 1155 1839 putant:
1207 1777 1322 1824 cavare
1339 1762 1492 1841 potuerit.
1535 1761 1608 1829 Hae
1626 1763 1666 1828 de
1683 1784 1781 1830 causa
1798 1765 1908 1831 Deum
1926 1769 2069 1850 appellat
2085 1792 2178 1837 suam

181 1848 258 1932 quia
279 1849 326 1914 sic
348 1847 457 1911 meriti
480 1855 567 1923 sunt,
597 1853 635 1911 ut
657 1868 798 1929 aequum
820 1849 863 1912 sit
885 1841 1068 1909 mercedem
1090 1841 1156 1905 illis
1207 1843 1450 1910 fortitudinem:
1473 1869 1511 1912 ιο
1532 1849 1561 1912 si
1584 1847 1714 1929 diceret,
1747 1853 1896 1918 sufficere
1918 1853 1958 1917 ad
1981 1856 2175 1922 scindendos

181 1933 324 2017 rependi.
370 1932 456 1997 Nam
486 1951 529 1996 ex
558 1932 721 2014 frequenti
753 1932 961 1998 Psalmorum
984 1949 1045 1993 usu
1067 1927 1157 1994 colli·
1207 1950 1319 1995 omues
1332 1931 1463 2012 laqueos
1482 1932 1757 2015 quibusirretitos
1771 1937 2177 2010 videtmiseroshomines.

182 2040 259 2105 gere
280 2025 469 2102 promptum
500 2025 560 2096 est,
592 2017 752 2082 iustitiam
780 2019 844 2082 Dei
874 2036 934 2101 pro
956 2014 1021 2079 fide
1042 2013 1154 2095 accipi,

182 2127 244 2189 qua
266 2125 343 2170 suos
364 2120 480 2168 omnes
502 2106 623 2181 tuetur,
656 2105 713 2186 qui
735 2126 771 2169 se
792 2106 863 2170 eius
885 2099 1047 2184 praesidio
1070 2107 1155 2163 tute·
1293 2102 1323 2166 5.
1358 2100 1401 2165 Ia
1431 2123 1529 2168 mauu
1560 2109 1614 2170 tua
1646 2107 1860 2172 wmmcumo
1891 2110 2038 2189 spiritum
2066 2133 2176 2188 means,

180 2193 296 2274 lacque
318 2189 539 2255 committunt.
584 2189 674 2272 Ergo
697 2198 851 2255 enatura
870 2187 935 2252 Dei
952 2206 1044 2267 spem
1062 2205 1154 2249 suam
1206 2187 1364 2252 redonisti
1384 2208 1433 2251 me
1461 2188 1577 2255 Iebocc
1603 2190 1693 2256 Deus
1720 2194 1869 2259 cecato.
1913 2195 1942 2259 6.
1976 2197 2055 2261 ocio
2082 2199 2181 2264 mour·

184 2279 355 2343 confirmat
383 2272 504 2350 David,
533 2274 610 2354 quia
632 2295 667 2339 se
688 2276 797 2357 ipsum
819 2275 983 2356 abnegare
1005 2278 1153 2352 nequeat.
1207 2292 1310 2337 annes
1341 2272 1535 2338 οόοονοαιιοο
1565 2278 1719 2343 caumes
1748 2277 1891 2360 fallaces:
1931 2301 1985 2364 epo
2017 2288 2120 2348 actem
2142 2286 2177 2350 in

266 2362 298 2428 2.
327 2358 467 2445 (Inclita
495 2360 538 2424 ad
565 2379 614 2424 me
648 2381 757 2426 moen
792 2357 903 2444 tuum.)
953 2358 1155 2439 Exprimunt
1208 2357 1322 2423 Iehocu
1343 2361 1479 2439 speravi.
1520 2361 1549 2425 7.
1580 2361 1755 2429 Eusuttebu
1784 2369 1812 2427 ct
1833 2365 1969 2431 laetabor
1990 2369 2025 2431 ic
2046 2369 2178 2436 bcabcte

183 2449 261 2515 haec
287 2446 387 2512 verbe
419 2453 543 2528 quantu
572 2445 688 2511 ardore
721 2466 876 2513 accensus
905 2444 1003 2508 fuerit
1025 2442 1154 2506 animus
1205 2448 1274 2508 tac:
1304 2445 1381 2525 quic
1402 2446 1569 2525 respect-eti
1589 2447 1788 2529 afflictionem
1809 2469 1927 2515 measa:
1955 2456 2121 2534 ccpnoctui
2141 2459 2177 2520 in

183 2531 321 2599 Daridis
343 2530 384 2595 ad
407 2530 616 2612 precandum,
638 2532 854 2615 nequeenim
876 2530 1046 2594 rhetorum
1064 2547 1154 2591 more
1206 2530 1361 2613 αιοιοιιιο
1389 2533 1529 2596 animam
1555 2553 1673 2598 mam:
1701 2535 1729 2600 8.
1760 2535 1805 2601 Ει
1832 2555 1896 2599 aon
1924 2539 2101 2604 mausoli
2127 2562 2176 2606 me

182 2619 336 2686 orationis
357 2615 564 2698 splendorem
588 2617 640 2682 vel
661 2627 813 2685 omatum
835 2616 981 2682 affectat:
1004 2612 1062 2679 scd
1083 2622 1154 2676 tan·
1205 2617 1241 2679 ia
1261 2634 1360 2680 mnu
1380 2617 1520 2683 inimici:
1547 2621 1686 2685 οιοιιιοιι
1712 2623 1748 2686 ia
1776 2621 1939 2687 tucciae
1963 2624 2059 2706 pedes
2079 2645 2173 2691 meos.

182 2715 251 2771 tum
281 2704 416 2769 affectus
447 2702 500 2766 sui
530 2702 770 2769 vehementiam
798 2703 883 2786 aptis
912 2698 1087 2765 verborum
1116 2698 1153 2761 fi-

182 2792 272 2879 guris
305 2786 468 2855 describit.
523 2786 565 2851 In
597 2789 807 2855 festinatione
840 2788 939 2853 etiam
970 2783 1153 2850 ostenditur
1291 2784 1322 2850 5.
1344 2784 1402 2872 (Ia
1432 2809 1531 2854 manu
1561 2790 1640 2875 ιιι.)
1695 2791 1820 2857 Iterum
1853 2792 1950 2858 fidem
1979 2816 2072 2861 suam
2102 2797 2174 2863 Deo

182 2875 316 2961 periculi
338 2870 541 2957 magnitudo,
570 2892 608 2940 ac
630 2877 657 2939 si
681 2875 811 2952 diceret,
841 2895 918 2938 mcx
939 2869 980 2936 de
1000 2871 1073 2937 uita
1094 2890 1154 2934 sua
1205 2874 1357 3022 Eroponit
1379 2873 1499 2954 David,
1528 2896 1565 2942 ac
1586 2884 1727 2942 testatur
1749 2899 1784 2944 se
1805 2887 1936 2944 tantum
1958 2881 2093 2947 honoris
2114 2884 2174 2949 tri·

181 2971 293 3030 actum
325 2961 406 3042 fore,
440 2959 504 3022 nisi
536 2956 628 3025 Deus
661 2961 820 3027 auxilium
855 2978 950 3024 suum
985 2954 1153 3021 acceleret.
1227 2979 1305 3022 uere
1327 2959 1390 3022 Dei
1421 2959 1656 3042 providentiae,
1688 2973 1725 3027 ut
1757 2984 1833 3029 suas
1865 2985 1978 3032 omnes
2011 2989 2107 3034 curas
2139 2971 2173 3033 in

183 3047 289 3126 Arois,
307 3043 539 3129 propugnaculi
560 3049 702 3130 strapis
723 3044 909 3112 nominibus
931 3041 1096 3125 significat
1118 3061 1153 3106 se
1205 3064 1278 3108 eam
1300 3055 1465 3111 exoneret.
1510 3045 1671 3130 Quisquis
1693 3050 1780 3112 enim
1801 3070 1836 3114 se
1853 3052 2030 3116 committit
2052 3056 2087 3117 in
2109 3054 2173 3120 Dei

182 3134 330 3201 hostibus
347 3130 418 3196 suis
434 3130 596 3212 imparem
615 3153 686 3198 esse
704 3133 745 3198 ad
763 3128 996 3196 resistendum:
1014 3126 1153 3208 ideoque
1204 3149 1338 3193 manum
1362 3138 1394 3194 et
1416 3131 1605 3211 custodiam,
1628 3154 1693 3196 nou
1715 3135 1812 3198 modo
1833 3156 1908 3200 eum
1927 3136 1989 3202 sibi
2007 3139 2070 3202 fert
2088 3139 2173 3204 arbi·

181 3220 314 3287 unicam
336 3237 427 3300 spem
449 3223 573 3279 restare
592 3216 627 3281 in
650 3219 713 3282 Dei
736 3215 907 3299 praesidio.
1205 3225 1293 3278 trum
1316 3214 1405 3279 vitae
1427 3226 1461 3280 ιι
1482 3219 1607 3299 mortis,
1629 3218 1686 3282 sed
1708 3220 1834 3301 placide
1854 3221 1941 3286 inter
1959 3225 2070 3288 omnia
2087 3226 2172 3305 peri·

267 3305 297 3371 3.
321 3302 420 3390 (Quia
450 3320 512 3365 crs
539 3302 632 3388 mec.)
674 3303 788 3369 Potest
816 3321 882 3366 uno
913 3309 1066 3369 contextu
1089 3299 1153 3382 legi
1203 3300 1277 3364 cula
1308 3301 1344 3364 in
1376 3301 1447 3365 eius
1480 3302 1678 3386 praesidium
1711 3305 1880 3373 recumbit.
1925 3305 2036 3373 Verbo
2070 3310 2171 3375 futuri

182 3392 235 3458 hic
256 3410 392 3456 uersus:
423 3386 511 3467 Quia
538 3394 576 3451 tu
605 3387 688 3453 mihi
710 3409 744 3454 es
765 3389 870 3452 instar
892 3387 976 3451 arcis
998 3386 1152 3468 munitae,
1204 3387 1360 3469 temporis
1393 3387 1586 3454 continuum
1621 3399 1731 3456 aetum
1763 3392 1849 3456 haud
1883 3392 1981 3458 dubie
2010 3394 2171 3478 designat,

181 3491 315 3561 propter
343 3494 463 3539 nomen
493 3481 589 3537 tuum
618 3473 741 3559 dirigas
768 3493 822 3538 me
850 3493 887 3537 ac
915 3468 1056 3538 deducas
1083 3479 1152 3536 toto
1203 3473 1312 3554 itaque
1333 3472 1367 3537 in
1390 3476 1554 3555 praesenti
1584 3483 1659 3558 apte
1680 3478 1827 3543 vertitur.
1882 3479 2072 3546 Notandum
2095 3503 2173 3548 vero

182 3563 271 3630 vitas
291 3581 407 3627 cursu:
430 3566 527 3641 atque
547 3559 592 3623 ita
613 3560 728 3643 copula
746 3556 796 3644 (ut
813 3577 911 3639 saepe
928 3558 1023 3642 alias)
1039 3578 1153 3641 super·
1203 3565 1262 3637 est,
1290 3558 1361 3623 fieri
1383 3580 1448 3625 non
1473 3579 1569 3642 pesse
1597 3571 1634 3627 ut
1661 3564 1733 3645 quis
1761 3564 1864 3629 vitam
1885 3585 1977 3631 suam
2001 3566 2074 3631 Deo
2097 3588 2173 3633 verc

183 3668 286 3715 vacua
306 3656 402 3712 esset.
447 3644 522 3727 Ego
551 3654 660 3711 tamen
692 3646 727 3710 in
757 3645 924 3710 disemum
946 3663 1079 3708 sensum
1102 3644 1152 3709 in·
1203 3644 1417 3726 commendet,
1449 3647 1515 3711 nisi
1543 3648 1599 3731 qui
1627 3649 1717 3714 mille
1747 3648 1905 3717 mortibus
1927 3672 1964 3716 se
1987 3653 2192 3736 expositum*

181 3734 277 3811 clinc,
299 3731 384 3816 quod
405 3727 517 3795 David
540 3730 601 3798 hac
623 3731 834 3797 meditatione
855 3730 1056 3813 interposita,
1087 3751 1152 3794 non
1203 3739 1370 3813 reputans,
1398 3732 1489 3797 illam
1518 3734 1572 3798 vel
1595 3732 1636 3797 de
1658 3735 1712 3798 filo
1733 3733 1874 3817 pendere
1902 3739 2015 3814 sentit,
2046 3738 2099 3803 vel
2130 3737 2171 3803 ab

181 3817 340 3887 modoad
362 3816 508 3884 studium
537 3817 701 3896 precandi,
729 3817 785 3883 sed
808 3813 1002 3897 impetrandi
1026 3837 1154 3898 quoque
1203 3815 1341 3882 evanido
1373 3819 1453 3884 flatu
1486 3818 1567 3883 nihil
1601 3819 1669 3884 fere
1702 3818 1841 3885 differre.
1902 3821 1959 3888 Sic
1992 3822 2102 3888 David
2136 3823 2170 3888 in

182 3905 334 3972 fiduciam
362 3903 496 3969 animet.
542 3901 674 3969 Scimus
703 3905 792 3967 enim
814 3901 875 3966 hcc
895 3899 946 3964 illi
967 3921 1038 3966 esse
1059 3902 1153 3966 fami·
1203 3923 1332 3968 summa
1354 3901 1581 3987 desperatione
1603 3924 1706 3969 unum
1732 3903 1794 3970 hcc
1815 3905 1877 3969 sibi
1899 3907 2062 3990 reliquum
2084 3909 2171 3983 facit,

182 3992 271 4070 liare,
293 3989 444 4075 precibus
472 3988 609 4054 miscere
638 4008 719 4072 quae
748 3987 790 4053 ad
823 3985 998 4052 tollendam
1029 3985 1154 4053 dubita-
1204 3998 1241 4054 ut
1263 3988 1334 4054 Deo
1356 3990 1444 4055 vitae
1472 3989 1605 4055 custode
1634 4009 1672 4055 ιο
1693 3989 1840 4073 praeside
1869 3992 1980 4070 fretus,
2010 3993 2044 4056 in
2074 4014 2171 4060 cursu

182 4079 314 4157 tionem,
362 4084 395 4141 et
437 4074 668 4140 certitudinem
712 4071 970 4141 confirmandam
1013 4073 1152 4141 valeant
1203 4095 1261 4141 suo
1289 4084 1414 4158 pergat.
1465 4075 1589 4141 Mirum
1618 4085 1814 4158 astantem,
1844 4097 1942 4158 quum
1973 4098 2032 4144 nos
2059 4099 2171 4144 omnes

182 4163 359 4247 Postquam
381 4180 459 4245 ergo
483 4181 577 4225 suam
600 4162 823 4227 necessitatem
846 4158 1005 4241 exposuit,
1029 4158 1094 4224 iam
1116 4168 1154 4225 ut
1203 4170 1271 4225 tam
1294 4159 1398 4225 multa
1419 4161 1601 4239 sollicitent,
1624 4162 1679 4226 vix
1697 4162 1911 4228 centesimum
1929 4183 2091 4246 quemque
2107 4164 2171 4230 huc

182 4249 330 4315 animum
351 4245 485 4329 colligat
507 4257 539 4310 et
562 4247 676 4330 erigat,
710 4246 825 4311 statuit
846 4252 972 4310 certum
993 4244 1062 4309 fore
1085 4246 1153 4311 voti
1204 4267 1307 4328 usque
1330 4266 1452 4329 sapere,
1474 4256 1511 4312 ut
1533 4246 1635 4312 vitam
1652 4268 1746 4312 suam
1765 4248 1799 4311 in
1818 4247 1881 4311 Dei
1899 4270 2000 4314 manu
2020 4249 2170 4333 deponat.

180 4337 233 4402 sui
262 4352 459 4401 successum.
510 4332 608 4397 Prius
638 4332 774 4411 dixerat,
804 4331 849 4396 sis
875 4329 958 4393 mihi
980 4328 1016 4392 in
1038 4350 1153 4415 rupem
1204 4331 1300 4397 Laeti
1322 4341 1355 4395 et
1376 4334 1481 4398 securi
1502 4334 1538 4398 in
1561 4332 1647 4398 diem
1668 4334 1763 4397 multi
1786 4334 1912 4410 vivunt,
1943 4355 1980 4399 ac
2009 4336 2037 4399 si
2059 4356 2170 4400 eorum

181 4436 215 4487 et
236 4418 535 4505 propugnaculum:
558 4439 645 4483 nunc
667 4416 767 4497 addit,
789 4422 877 4482 certe
895 4424 931 4480 tu
949 4435 984 4479 es
1002 4436 1062 4480 arx
1080 4438 1154 4482 mea
1203 4416 1345 4483 conditio
1368 4416 1465 4484 nidus
1486 4428 1572 4484 esset
1594 4419 1797 4502 tranquillus,
1819 4427 1853 4484 et
1874 4420 1914 4486 ab
1936 4421 2025 4484 omui
2049 4422 2169 4487 incom-

181 4517 216 4574 et
226 4503 520 4590 propcmacacm:
537 4504 724 4585 significans
742 4523 777 4568 se
795 4522 860 4566 non
879 4511 1001 4565 temere
1015 4501 1154 4568 iactasse
1203 4503 1299 4568 modo
1319 4503 1514 4584 reconditus,
1547 4504 1644 4571 simul
1673 4525 1752 4571 vero
1778 4526 1817 4572 ιο
1844 4514 1951 4571 metus
1974 4506 2093 4588 aliquis
2116 4507 2171 4571 ob·

180 4593 243 4660 has
264 4612 378 4659 voces:
401 4598 439 4655 ut
460 4589 565 4654 multa
587 4597 699 4672 optare
722 4588 828 4654 solent
851 4608 871 4651 ι
892 4586 965 4652 1)οο
983 4587 1152 4666 increduli,
1203 4586 1306 4654 iect'us
1328 4598 1387 4666 est,
1409 4610 1545 4673 prorsus
1574 4611 1629 4656 eos
1658 4592 1826 4656 exanimat
1855 4587 2015 4657 anxietas.
2060 4591 2113 4656 Ita
2133 4593 2171 4656 fit

180 4699 263 4763 quos
291 4677 381 4744 dubii
411 4684 551 4741 eventus
581 4675 679 4739 timor
711 4692 884 4756 suspensos
913 4680 1012 4738 tenet.
1063 4673 1153 4741 Hinc
1203 4685 1239 4740 ιιι
1261 4695 1430 4757 nunquam
1463 4697 1498 4743 se
1530 4675 1571 4741 ad
1603 4676 1711 4742 Deum
1745 4677 1906 4742 referant:
1942 4679 2020 4761 quia
2050 4676 2102 4742 vel
2135 4698 2170 4742 se

181 4766 279 4831 etism
309 4763 451 4828 alterum
481 4760 621 4839 deducit,
656 4759 741 4843 quod
768 4765 924 4842 perpetuo
946 4757 1033 4824 vitae
1055 4778 1152 4826 cursu
1203 4762 1369 4843 decipiunt
1391 4762 1485 4827 vanis
1506 4761 1675 4842 illecebris,
1705 4762 1759 4829 vel
1782 4761 2000 4845 trepidatione
2021 4763 2171 4845 perculsi,

180 4850 291 4918 Deum
310 4847 486 4914 habiturus
514 4849 556 4913 sit
585 4846 700 4912 ducem
730 4864 767 4911 ac
797 4844 1058 4928 gubernatorem.
1104 4848 1153 4911 Ac
1202 4866 1388 4931 pavorsque
1410 4848 1552 4924 attoniti,
1581 4848 1709 4925 nullum
1738 4856 1892 4930 paternae
1920 4849 1990 4914 eius
2016 4847 2171 4914 sollicitu-

181 4936 310 5004 duobus
331 4932 463 5017 quidem
485 4933 596 4999 verbis
617 4953 687 4997 rem
709 4951 810 4996 unam
833 4928 992 5012 designat,
1021 4941 1154 5014 propter
1203 4933 1289 4999 diuis
1311 4940 1443 5017 gustum
1466 4936 1608 5016 capiunt.
1653 4935 1757 5000 Porro
1779 4954 1879 5016 quum
1898 4955 1957 4999 nos
1974 4933 2059 4998 varii
2077 4954 2171 5000 cura·

181 5023 289 5092 varios
310 5040 414 5099 casus,
445 5017 496 5104 (ut
524 5038 586 5102 ego
614 5017 745 5100 quidem
775 5014 986 5099 interpretor)
1008 5025 1042 5081 et
1063 5019 1152 5083 inae·
1202 5039 1276 5083 rum
1295 5029 1405 5084 aestus
1422 5020 1601 5102 exagitent,
1622 5040 1660 5086 ac
1677 5017 1840 5084 interdum
1859 5020 1958 5084 etiam
1976 5020 2171 5102 praecipites

181 5109 294 5195 quales
323 5107 412 5171 vices
448 5104 566 5186 quibus
599 5103 836 5185 circumagitur
868 5099 1036 5167 hominum
1067 5104 1152 5168 vita:
1203 5104 1365 5180 deiicient,
1399 5101 1454 5168 vel
1486 5104 1648 5188 abripiant
1679 5125 1699 5169 a
1728 5111 1817 5170 recte
1846 5104 1942 5170 officii
1972 5125 2079 5184 cursu,
2103 5109 2169 5177 ,vel

181 5218 220 5264 ac
242 5195 271 5262 si
293 5192 444 5258 dixisset:
477 5189 559 5256 Sive
579 5210 638 5273 per
659 5198 787 5254 montes
808 5184 927 5250 arduos
946 5188 1152 5271 reptandum,
1203 5191 1320 5295 saltem
1342 5187 1509 5272 degrada
1530 5198 1700 5255 moveant:
1730 5189 1883 5255 omnibus
1912 5189 2067 5256 sedandis
2095 5193 2167 5256 uni·
