<?xml version="1.0" encoding="UTF-8"?>
<!DOCTYPE html PUBLIC "-//W3C//DTD XHTML 1.0 Transitional//EN"
    "http://www.w3.org/TR/xhtml1/DTD/xhtml1-transitional.dtd">
<html xmlns="http://www.w3.org/1999/xhtml" xml:lang="en" lang="en">
 <head>
  <title>
</title>
<meta http-equiv="Content-Type" content="text/html;charset=utf-8" />
  <meta name='ocr-system' content='tesseract 3.04.00' />
  <meta name='ocr-capabilities' content='ocr_page ocr_carea ocr_par ocr_line ocrx_word'/>
</head>
<body>
  <div class='ocr_page' id='page_1' title='image "./corpusreformato05melagoog/corpusreformato05melagoog_0343.png"; bbox 0 0 4658 5856; ppageno 0'>
   <div class='ocr_carea' id='block_1_1' title="bbox 168 320 2155 413">
    <p class='ocr_par' dir='ltr' id='par_1_1' title="bbox 168 320 2155 413">
     <span class='ocr_line' id='line_1_1' title="bbox 168 320 2155 413; baseline -0.005 -20"><span class='ocrx_word' id='word_1_1' title='bbox 168 326 230 394; x_wconf 85' lang='lat' dir='ltr'>ror</span> <span class='ocrx_word' id='word_1_2' title='bbox 961 323 1178 391; x_wconf 71' lang='lat' dir='ltr'>rotenus</span> <span class='ocrx_word' id='word_1_3' title='bbox 1200 324 1364 390; x_wconf 76' lang='lat' dir='ltr'>cxxvr.</span> <span class='ocrx_word' id='word_1_4' title='bbox 1979 402 1984 413; x_wconf 32' lang='grc' dir='ltr'>Ι</span> <span class='ocrx_word' id='word_1_5' title='bbox 2096 320 2155 385; x_wconf 85' lang='lat' dir='ltr'>ros</span> 
     </span>
    </p>
   </div>
   <div class='ocr_carea' id='block_1_2' title="bbox 62 508 2157 4979">
    <p class='ocr_par' dir='ltr' id='par_1_2' title="bbox 62 508 2157 2738">
     <span class='ocr_line' id='line_1_2' title="bbox 252 508 2157 602; baseline -0.006 -19"><span class='ocrx_word' id='word_1_6' title='bbox 252 519 283 583; x_wconf 83' lang='lat'>4.</span> <span class='ocrx_word' id='word_1_7' title='bbox 313 511 403 602; x_wconf 85' lang='lat' dir='ltr'>(Illic</span> <span class='ocrx_word' id='word_1_8' title='bbox 434 516 604 602; x_wconf 77' lang='lat' dir='ltr'>corrfreqlt.)</span> <span class='ocrx_word' id='word_1_9' title='bbox 659 516 784 580; x_wconf 87' lang='lat' dir='ltr'>Definit</span> <span class='ocrx_word' id='word_1_10' title='bbox 815 513 919 596; x_wconf 91' lang='lat' dir='ltr'>qualis</span> <span class='ocrx_word' id='word_1_11' title='bbox 950 513 1047 579; x_wconf 83' lang='lat' dir='ltr'>fuerit</span> <span class='ocrx_word' id='word_1_12' title='bbox 1079 513 1136 577; x_wconf 90' lang='lat' dir='ltr'>illa</span> <span class='ocrx_word' id='word_1_13' title='bbox 1189 536 1255 580; x_wconf 92' lang='lat' dir='ltr'>non</span> <span class='ocrx_word' id='word_1_14' title='bbox 1279 537 1359 598; x_wconf 90' lang='lat' dir='ltr'>opus</span> <span class='ocrx_word' id='word_1_15' title='bbox 1382 513 1480 579; x_wconf 89' lang='lat' dir='ltr'>habet</span> <span class='ocrx_word' id='word_1_16' title='bbox 1505 514 1630 596; x_wconf 77' lang='lat' dir='ltr'>magnis</span> <span class='ocrx_word' id='word_1_17' title='bbox 1652 513 1751 594; x_wconf 92' lang='lat' dir='ltr'>copiis</span> <span class='ocrx_word' id='word_1_18' title='bbox 1775 511 1815 575; x_wconf 87' lang='lat' dir='ltr'>ad</span> <span class='ocrx_word' id='word_1_19' title='bbox 1834 508 2038 592; x_wconf 89' lang='lat' dir='ltr'>repellendos</span> <span class='ocrx_word' id='word_1_20' title='bbox 2059 510 2157 573; x_wconf 86' lang='lat' dir='ltr'>totius</span> 
     </span>
     <span class='ocr_line' id='line_1_3' title="bbox 166 597 2155 687; baseline -0.004 -21"><span class='ocrx_word' id='word_1_21' title='bbox 166 600 231 668; x_wconf 89' lang='lat' dir='ltr'>Dei</span> <span class='ocrx_word' id='word_1_22' title='bbox 255 603 387 681; x_wconf 88' lang='lat' dir='ltr'>notitia,</span> <span class='ocrx_word' id='word_1_23' title='bbox 418 625 535 687; x_wconf 80' lang='lat' dir='ltr'>nempe</span> <span class='ocrx_word' id='word_1_24' title='bbox 555 624 653 684; x_wconf 92' lang='lat' dir='ltr'>quum</span> <span class='ocrx_word' id='word_1_25' title='bbox 677 600 869 666; x_wconf 81' lang='lat' dir='ltr'>admirabile</span> <span class='ocrx_word' id='word_1_26' title='bbox 898 599 1028 664; x_wconf 86' lang='lat' dir='ltr'>virtutis</span> <span class='ocrx_word' id='word_1_27' title='bbox 1059 621 1136 663; x_wconf 87' lang='lat' dir='ltr'>suae</span> <span class='ocrx_word' id='word_1_28' title='bbox 1189 602 1303 666; x_wconf 90' lang='lat' dir='ltr'>mundi</span> <span class='ocrx_word' id='word_1_29' title='bbox 1325 602 1485 686; x_wconf 73' lang='lat' dir='ltr'>impetuS,</span> <span class='ocrx_word' id='word_1_30' title='bbox 1509 600 1565 666; x_wconf 90' lang='lat' dir='ltr'>sed</span> <span class='ocrx_word' id='word_1_31' title='bbox 1588 599 1655 663; x_wconf 88' lang='lat' dir='ltr'>solo</span> <span class='ocrx_word' id='word_1_32' title='bbox 1678 600 1757 662; x_wconf 90' lang='lat' dir='ltr'>flatu</span> <span class='ocrx_word' id='word_1_33' title='bbox 1780 597 1939 662; x_wconf 90' lang='lat' dir='ltr'>discutere</span> <span class='ocrx_word' id='word_1_34' title='bbox 1961 617 2016 660; x_wconf 89' lang='lat' dir='ltr'>eos</span> <span class='ocrx_word' id='word_1_35' title='bbox 2040 606 2155 678; x_wconf 89' lang='lat' dir='ltr'>potest.</span> 
     </span>
     <span class='ocr_line' id='line_1_4' title="bbox 167 686 1135 771; baseline -0.004 -18"><span class='ocrx_word' id='word_1_36' title='bbox 167 690 328 771; x_wconf 73' lang='lat' dir='ltr'>specimen</span> <span class='ocrx_word' id='word_1_37' title='bbox 351 690 387 753; x_wconf 90' lang='lat' dir='ltr'>in</span> <span class='ocrx_word' id='word_1_38' title='bbox 410 690 491 754; x_wconf 88' lang='lat' dir='ltr'>urbe</span> <span class='ocrx_word' id='word_1_39' title='bbox 512 687 673 753; x_wconf 87' lang='lat' dir='ltr'>servanda</span> <span class='ocrx_word' id='word_1_40' title='bbox 695 686 806 750; x_wconf 78' lang='lat' dir='ltr'>edidit.</span> <span class='ocrx_word' id='word_1_41' title='bbox 846 686 948 750; x_wconf 88' lang='lat' dir='ltr'>Porro</span> <span class='ocrx_word' id='word_1_42' title='bbox 971 686 1032 750; x_wconf 88' lang='lat' dir='ltr'>sub</span> <span class='ocrx_word' id='word_1_43' title='bbox 1053 687 1135 768; x_wconf 88' lang='lat' dir='ltr'>figu-</span> 
     </span>
     <span class='ocr_line' id='line_1_5' title="bbox 167 767 2157 855; baseline -0.003 -17"><span class='ocrx_word' id='word_1_44' title='bbox 167 777 213 838; x_wconf 88' lang='lat' dir='ltr'>ris</span> <span class='ocrx_word' id='word_1_45' title='bbox 236 775 430 839; x_wconf 80' lang='lat' dir='ltr'>describitur</span> <span class='ocrx_word' id='word_1_46' title='bbox 452 775 593 839; x_wconf 87' lang='lat' dir='ltr'>hostium</span> <span class='ocrx_word' id='word_1_47' title='bbox 618 773 809 855; x_wconf 81' lang='lat' dir='ltr'>profligatio,</span> <span class='ocrx_word' id='word_1_48' title='bbox 833 774 909 853; x_wconf 88' lang='lat' dir='ltr'>quia</span> <span class='ocrx_word' id='word_1_49' title='bbox 928 772 1021 835; x_wconf 90' lang='lat' dir='ltr'>deiici</span> <span class='ocrx_word' id='word_1_50' title='bbox 1041 772 1136 835; x_wconf 88' lang='lat' dir='ltr'>aliter</span> <span class='ocrx_word' id='word_1_51' title='bbox 1275 774 1303 838; x_wconf 82' lang='lat'>8.</span> <span class='ocrx_word' id='word_1_52' title='bbox 1331 773 1380 839; x_wconf 81' lang='lat' dir='ltr'>Tu</span> <span class='ocrx_word' id='word_1_53' title='bbox 1402 772 1561 851; x_wconf 74' lang='lat' dir='ltr'>terribilir,</span> <span class='ocrx_word' id='word_1_54' title='bbox 1583 778 1627 850; x_wconf 87' lang='lat' dir='ltr'>tu,</span> <span class='ocrx_word' id='word_1_55' title='bbox 1649 776 1677 835; x_wconf 84' lang='lat' dir='ltr'>et</span> <span class='ocrx_word' id='word_1_56' title='bbox 1697 769 1768 852; x_wconf 79' lang='lat' dir='ltr'>quis</span> <span class='ocrx_word' id='word_1_57' title='bbox 1790 769 1929 833; x_wconf 68' lang='lat' dir='ltr'>omittet</span> <span class='ocrx_word' id='word_1_58' title='bbox 1950 787 2057 833; x_wconf 84' lang='lat' dir='ltr'>coram</span> <span class='ocrx_word' id='word_1_59' title='bbox 2076 767 2157 848; x_wconf 79' lang='lat' dir='ltr'>socie</span> 
     </span>
     <span class='ocr_line' id='line_1_6' title="bbox 168 853 2155 942; baseline -0.004 -18"><span class='ocrx_word' id='word_1_60' title='bbox 168 883 232 924; x_wconf 91' lang='lat' dir='ltr'>non</span> <span class='ocrx_word' id='word_1_61' title='bbox 257 873 409 942; x_wconf 89' lang='lat' dir='ltr'>poterant</span> <span class='ocrx_word' id='word_1_62' title='bbox 435 861 496 924; x_wconf 89' lang='lat' dir='ltr'>nisi</span> <span class='ocrx_word' id='word_1_63' title='bbox 519 861 618 924; x_wconf 88' lang='lat' dir='ltr'>armis</span> <span class='ocrx_word' id='word_1_64' title='bbox 641 859 872 940; x_wconf 80' lang='lat' dir='ltr'>spoliarentur.</span> <span class='ocrx_word' id='word_1_65' title='bbox 918 858 1008 922; x_wconf 90' lang='lat' dir='ltr'>Dicit</span> <span class='ocrx_word' id='word_1_66' title='bbox 1033 858 1136 940; x_wconf 89' lang='lat' dir='ltr'>igitur</span> <span class='ocrx_word' id='word_1_67' title='bbox 1189 864 1254 937; x_wconf 83' lang='lat' dir='ltr'>tuo,</span> <span class='ocrx_word' id='word_1_68' title='bbox 1279 879 1318 924; x_wconf 77' lang='lat' dir='ltr'>ee</span> <span class='ocrx_word' id='word_1_69' title='bbox 1339 881 1399 940; x_wconf 84' lang='lat' dir='ltr'>qao</span> <span class='ocrx_word' id='word_1_70' title='bbox 1422 861 1475 923; x_wconf 81' lang='lat' dir='ltr'>iro</span> <span class='ocrx_word' id='word_1_71' title='bbox 1496 858 1577 922; x_wconf 76' lang='lat' dir='ltr'>tua?</span> <span class='ocrx_word' id='word_1_72' title='bbox 1620 858 1650 921; x_wconf 84' lang='lat'>9.</span> <span class='ocrx_word' id='word_1_73' title='bbox 1673 856 1707 920; x_wconf 84' lang='lat' dir='ltr'><em>E</em></span> <span class='ocrx_word' id='word_1_74' title='bbox 1727 855 1818 920; x_wconf 81' lang='lat' dir='ltr'>coelis</span> <span class='ocrx_word' id='word_1_75' title='bbox 1841 853 1952 918; x_wconf 77' lang='lat' dir='ltr'>audire</span> <span class='ocrx_word' id='word_1_76' title='bbox 1979 853 2086 934; x_wconf 83' lang='lat' dir='ltr'>fecisti</span> <span class='ocrx_word' id='word_1_77' title='bbox 2105 855 2155 918; x_wconf 82' lang='lat' dir='ltr'>ia·</span> 
     </span>
     <span class='ocr_line' id='line_1_7' title="bbox 164 939 2157 1028; baseline -0.004 -18"><span class='ocrx_word' id='word_1_78' title='bbox 164 948 286 1027; x_wconf 70' lang='lat' dir='ltr'>fractos</span> <span class='ocrx_word' id='word_1_79' title='bbox 307 947 408 1027; x_wconf 77' lang='lat' dir='ltr'>fuisse</span> <span class='ocrx_word' id='word_1_80' title='bbox 429 947 577 1028; x_wconf 69' lang='lat' dir='ltr'>sagittas,</span> <span class='ocrx_word' id='word_1_81' title='bbox 605 945 731 1027; x_wconf 78' lang='lat' dir='ltr'>qlodlos</span> <span class='ocrx_word' id='word_1_82' title='bbox 754 948 782 1007; x_wconf 89' lang='lat' dir='ltr'>et</span> <span class='ocrx_word' id='word_1_83' title='bbox 805 944 936 1026; x_wconf 76' lang='lat' dir='ltr'>clypeos,</span> <span class='ocrx_word' id='word_1_84' title='bbox 959 963 1135 1024; x_wconf 88' lang='lat' dir='ltr'>omnesque</span> <span class='ocrx_word' id='word_1_85' title='bbox 1187 945 1320 1010; x_wconf 77' lang='lat' dir='ltr'>diriter:</span> <span class='ocrx_word' id='word_1_86' title='bbox 1341 951 1425 1010; x_wconf 88' lang='lat' dir='ltr'>terra</span> <span class='ocrx_word' id='word_1_87' title='bbox 1446 945 1560 1023; x_wconf 77' lang='lat' dir='ltr'>timuit,</span> <span class='ocrx_word' id='word_1_88' title='bbox 1582 950 1609 1008; x_wconf 88' lang='lat' dir='ltr'>et</span> <span class='ocrx_word' id='word_1_89' title='bbox 1630 943 1754 1024; x_wconf 79' lang='lat' dir='ltr'>quierit.</span> <span class='ocrx_word' id='word_1_90' title='bbox 1789 942 1839 1006; x_wconf 86' lang='lat'>10.</span> <span class='ocrx_word' id='word_1_91' title='bbox 1862 939 1963 1020; x_wconf 78' lang='lat' dir='ltr'>Quum</span> <span class='ocrx_word' id='word_1_92' title='bbox 1981 944 2157 1021; x_wconf 69' lang='lat' dir='ltr'>exsurgeret</span> 
     </span>
     <span class='ocr_line' id='line_1_8' title="bbox 167 1028 2156 1113; baseline -0.004 -18"><span class='ocrx_word' id='word_1_93' title='bbox 167 1032 336 1097; x_wconf 87' lang='lat' dir='ltr'>machinas</span> <span class='ocrx_word' id='word_1_94' title='bbox 357 1031 501 1095; x_wconf 84' lang='lat' dir='ltr'>bellicas:</span> <span class='ocrx_word' id='word_1_95' title='bbox 536 1032 613 1113; x_wconf 87' lang='lat' dir='ltr'>quia</span> <span class='ocrx_word' id='word_1_96' title='bbox 635 1031 742 1112; x_wconf 89' lang='lat' dir='ltr'>impiis</span> <span class='ocrx_word' id='word_1_97' title='bbox 766 1043 878 1110; x_wconf 90' lang='lat' dir='ltr'>erepta</span> <span class='ocrx_word' id='word_1_98' title='bbox 907 1031 968 1092; x_wconf 89' lang='lat' dir='ltr'>luit</span> <span class='ocrx_word' id='word_1_99' title='bbox 997 1030 1048 1094; x_wconf 88' lang='lat' dir='ltr'>vis</span> <span class='ocrx_word' id='word_1_100' title='bbox 1079 1051 1136 1092; x_wconf 91' lang='lat' dir='ltr'>no·</span> <span class='ocrx_word' id='word_1_101' title='bbox 1187 1031 1402 1097; x_wconf 65' lang='lat' dir='ltr'>collecticium</span> <span class='ocrx_word' id='word_1_102' title='bbox 1424 1029 1530 1105; x_wconf 82' lang='lat' dir='ltr'>Deus,</span> <span class='ocrx_word' id='word_1_103' title='bbox 1563 1030 1605 1093; x_wconf 73' lang='lat' dir='ltr'>orl</span> <span class='ocrx_word' id='word_1_104' title='bbox 1633 1028 1822 1093; x_wconf 78' lang='lat' dir='ltr'>servendum</span> <span class='ocrx_word' id='word_1_105' title='bbox 1850 1044 1953 1091; x_wconf 81' lang='lat' dir='ltr'>ornnes</span> <span class='ocrx_word' id='word_1_106' title='bbox 1979 1030 2156 1089; x_wconf 73' lang='lat' dir='ltr'>nmnsuetos</span> 
     </span>
     <span class='ocr_line' id='line_1_9' title="bbox 165 1110 2154 1198; baseline -0.004 -15"><span class='ocrx_word' id='word_1_107' title='bbox 165 1117 271 1183; x_wconf 90' lang='lat' dir='ltr'>cendi.</span> <span class='ocrx_word' id='word_1_108' title='bbox 311 1118 505 1198; x_wconf 72' lang='lat' dir='ltr'>Quanquam</span> <span class='ocrx_word' id='word_1_109' title='bbox 530 1128 638 1180; x_wconf 89' lang='lat' dir='ltr'>autem</span> <span class='ocrx_word' id='word_1_110' title='bbox 662 1117 734 1181; x_wconf 89' lang='lat' dir='ltr'>telis</span> <span class='ocrx_word' id='word_1_111' title='bbox 757 1116 893 1198; x_wconf 83' lang='lat' dir='ltr'>integris</span> <span class='ocrx_word' id='word_1_112' title='bbox 916 1116 999 1178; x_wconf 82' lang='lat' dir='ltr'>caesi</span> <span class='ocrx_word' id='word_1_113' title='bbox 1023 1129 1055 1177; x_wconf 92' lang='lat' dir='ltr'>et</span> <span class='ocrx_word' id='word_1_114' title='bbox 1078 1137 1135 1179; x_wconf 89' lang='lat' dir='ltr'>ex·</span> <span class='ocrx_word' id='word_1_115' title='bbox 1187 1122 1296 1182; x_wconf 87' lang='lat' dir='ltr'>terroe.</span> <span class='ocrx_word' id='word_1_116' title='bbox 1344 1116 1447 1182; x_wconf 78' lang='lat' dir='ltr'>Selalr.</span> <span class='ocrx_word' id='word_1_117' title='bbox 1494 1118 1543 1180; x_wconf 93' lang='grc'>11.</span> <span class='ocrx_word' id='word_1_118' title='bbox 1569 1114 1653 1180; x_wconf 76' lang='lat' dir='ltr'>Certe</span> <span class='ocrx_word' id='word_1_119' title='bbox 1674 1113 1846 1195; x_wconf 64' lang='lat' dir='ltr'>indignatio</span> <span class='ocrx_word' id='word_1_120' title='bbox 1875 1110 2036 1175; x_wconf 78' lang='lat' dir='ltr'>hominum</span> <span class='ocrx_word' id='word_1_121' title='bbox 2065 1111 2154 1190; x_wconf 59' lang='lat' dir='ltr'>confir</span> 
     </span>
     <span class='ocr_line' id='line_1_10' title="bbox 167 1196 2156 1283; baseline -0.004 -17"><span class='ocrx_word' id='word_1_122' title='bbox 167 1204 277 1268; x_wconf 88' lang='lat' dir='ltr'>stincti</span> <span class='ocrx_word' id='word_1_123' title='bbox 301 1203 442 1277; x_wconf 85' lang='lat' dir='ltr'>fuerunt,</span> <span class='ocrx_word' id='word_1_124' title='bbox 469 1213 662 1266; x_wconf 88' lang='lat' dir='ltr'>nontamen</span> <span class='ocrx_word' id='word_1_125' title='bbox 683 1202 766 1265; x_wconf 88' lang='lat' dir='ltr'>male</span> <span class='ocrx_word' id='word_1_126' title='bbox 789 1202 944 1265; x_wconf 87' lang='lat' dir='ltr'>convenit</span> <span class='ocrx_word' id='word_1_127' title='bbox 967 1202 1045 1265; x_wconf 86' lang='lat' dir='ltr'>haec</span> <span class='ocrx_word' id='word_1_128' title='bbox 1069 1222 1134 1264; x_wconf 90' lang='lat' dir='ltr'>me·</span> <span class='ocrx_word' id='word_1_129' title='bbox 1160 1200 1164 1247; x_wconf 78' lang='lat' dir='ltr'>t</span> <span class='ocrx_word' id='word_1_130' title='bbox 1187 1203 1297 1267; x_wconf 84' lang='lat' dir='ltr'>tebitar</span> <span class='ocrx_word' id='word_1_131' title='bbox 1319 1203 1385 1282; x_wconf 83' lang='lat' dir='ltr'>tibi,</span> <span class='ocrx_word' id='word_1_132' title='bbox 1408 1204 1570 1267; x_wconf 80' lang='lat' dir='ltr'>residuum</span> <span class='ocrx_word' id='word_1_133' title='bbox 1591 1201 1842 1283; x_wconf 71' lang='lat' dir='ltr'>indignationum</span> <span class='ocrx_word' id='word_1_134' title='bbox 1864 1196 1988 1279; x_wconf 67' lang='lat' dir='ltr'>ligabis,</span> <span class='ocrx_word' id='word_1_135' title='bbox 2024 1196 2075 1260; x_wconf 84' lang='lat'>12.</span> <span class='ocrx_word' id='word_1_136' title='bbox 2102 1196 2156 1260; x_wconf 82' lang='lat' dir='ltr'>Vo</span> 
     </span>
     <span class='ocr_line' id='line_1_11' title="bbox 62 1252 2154 1372; baseline -0.004 -20"><span class='ocrx_word' id='word_1_137' title='bbox 62 1314 65 1320; x_wconf 96' lang='lat'>·</span> <span class='ocrx_word' id='word_1_138' title='bbox 166 1290 322 1371; x_wconf 87' lang='lat' dir='ltr'>tonymia.</span> <span class='ocrx_word' id='word_1_139' title='bbox 357 1300 485 1372; x_wconf 67' lang='lat' dir='ltr'>D&#39;Wl</span> <span class='ocrx_word' id='word_1_140' title='bbox 504 1287 635 1370; x_wconf 90' lang='lat' dir='ltr'>quidam</span> <span class='ocrx_word' id='word_1_141' title='bbox 655 1298 787 1350; x_wconf 87' lang='lat' dir='ltr'>vertunt</span> <span class='ocrx_word' id='word_1_142' title='bbox 805 1287 964 1368; x_wconf 90' lang='lat' dir='ltr'>cuspides.</span> <span class='ocrx_word' id='word_1_143' title='bbox 998 1288 1135 1368; x_wconf 88' lang='lat' dir='ltr'>Proprie</span> <span class='ocrx_word' id='word_1_144' title='bbox 1160 1252 1163 1335; x_wconf 83' lang='lat' dir='ltr'>l</span> <span class='ocrx_word' id='word_1_145' title='bbox 1186 1295 1249 1354; x_wconf 86' lang='lat' dir='ltr'>vele</span> <span class='ocrx_word' id='word_1_146' title='bbox 1270 1295 1298 1353; x_wconf 89' lang='lat' dir='ltr'>et</span> <span class='ocrx_word' id='word_1_147' title='bbox 1318 1290 1435 1353; x_wconf 80' lang='lat' dir='ltr'>reddite</span> <span class='ocrx_word' id='word_1_148' title='bbox 1458 1288 1588 1353; x_wconf 84' lang='lat' dir='ltr'>lebocoe</span> <span class='ocrx_word' id='word_1_149' title='bbox 1610 1286 1679 1351; x_wconf 87' lang='lat' dir='ltr'>Deo</span> <span class='ocrx_word' id='word_1_150' title='bbox 1700 1289 1815 1350; x_wconf 80' lang='lat' dir='ltr'>cestro:</span> <span class='ocrx_word' id='word_1_151' title='bbox 1843 1285 2017 1364; x_wconf 78' lang='lat' dir='ltr'>quicunque</span> <span class='ocrx_word' id='word_1_152' title='bbox 2037 1282 2073 1345; x_wconf 81' lang='lat' dir='ltr'>in</span> <span class='ocrx_word' id='word_1_153' title='bbox 2095 1284 2154 1346; x_wconf 71' lang='lat' dir='ltr'>etr·</span> 
     </span>
     <span class='ocr_line' id='line_1_12' title="bbox 168 1367 2155 1456; baseline -0.003 -19"><span class='ocrx_word' id='word_1_154' title='bbox 168 1374 360 1438; x_wconf 88' lang='lat' dir='ltr'>vertendum</span> <span class='ocrx_word' id='word_1_155' title='bbox 383 1386 477 1450; x_wconf 90' lang='lat' dir='ltr'>esset,</span> <span class='ocrx_word' id='word_1_156' title='bbox 500 1376 609 1456; x_wconf 90' lang='lat' dir='ltr'>ignes:</span> <span class='ocrx_word' id='word_1_157' title='bbox 641 1373 695 1437; x_wconf 90' lang='lat' dir='ltr'>sed</span> <span class='ocrx_word' id='word_1_158' title='bbox 715 1373 834 1436; x_wconf 85' lang='lat' dir='ltr'>rectius</span> <span class='ocrx_word' id='word_1_159' title='bbox 857 1386 906 1436; x_wconf 90' lang='lat' dir='ltr'>est</span> <span class='ocrx_word' id='word_1_160' title='bbox 930 1393 987 1453; x_wconf 92' lang='lat' dir='ltr'>pro</span> <span class='ocrx_word' id='word_1_161' title='bbox 1006 1374 1135 1455; x_wconf 78' lang='lat' dir='ltr'>sagittis</span> <span class='ocrx_word' id='word_1_162' title='bbox 1186 1376 1272 1440; x_wconf 81' lang='lat' dir='ltr'>cuitu</span> <span class='ocrx_word' id='word_1_163' title='bbox 1294 1377 1363 1439; x_wconf 81' lang='lat' dir='ltr'>eius</span> <span class='ocrx_word' id='word_1_164' title='bbox 1383 1380 1465 1454; x_wconf 77' lang='lat' dir='ltr'>stent,</span> <span class='ocrx_word' id='word_1_165' title='bbox 1488 1375 1621 1456; x_wconf 75' lang='lat' dir='ltr'>offerant</span> <span class='ocrx_word' id='word_1_166' title='bbox 1642 1391 1758 1436; x_wconf 83' lang='lat' dir='ltr'>manas</span> <span class='ocrx_word' id='word_1_167' title='bbox 1780 1368 1954 1452; x_wconf 77' lang='lat' dir='ltr'>terribili.*)</span> <span class='ocrx_word' id='word_1_168' title='bbox 1982 1367 2051 1432; x_wconf 20' lang='lat'>⁸13.</span> <span class='ocrx_word' id='word_1_169' title='bbox 2080 1367 2155 1431; x_wconf 71' lang='lat' dir='ltr'>Vtr-</span> 
     </span>
     <span class='ocr_line' id='line_1_13' title="bbox 167 1452 2154 1542; baseline -0.004 -19"><span class='ocrx_word' id='word_1_170' title='bbox 167 1461 277 1542; x_wconf 89' lang='lat' dir='ltr'>accipi.</span> <span class='ocrx_word' id='word_1_171' title='bbox 322 1459 406 1522; x_wconf 90' lang='lat' dir='ltr'>Nam</span> <span class='ocrx_word' id='word_1_172' title='bbox 429 1472 461 1522; x_wconf 92' lang='lat' dir='ltr'>et</span> <span class='ocrx_word' id='word_1_173' title='bbox 482 1479 560 1523; x_wconf 83' lang='lat' dir='ltr'>aves</span> <span class='ocrx_word' id='word_1_174' title='bbox 583 1458 802 1539; x_wconf 84' lang='lat' dir='ltr'>metaphorice</span> <span class='ocrx_word' id='word_1_175' title='bbox 825 1458 988 1522; x_wconf 91' lang='lat' dir='ltr'>interdum</span> <span class='ocrx_word' id='word_1_176' title='bbox 1013 1460 1058 1521; x_wconf 90' lang='lat' dir='ltr'>sic</span> <span class='ocrx_word' id='word_1_177' title='bbox 1077 1479 1133 1522; x_wconf 86' lang='lat' dir='ltr'>vo·</span> <span class='ocrx_word' id='word_1_178' title='bbox 1186 1461 1334 1526; x_wconf 84' lang='lat' dir='ltr'>demiabit</span> <span class='ocrx_word' id='word_1_179' title='bbox 1354 1463 1503 1541; x_wconf 64' lang='lat' dir='ltr'>epitetum</span> <span class='ocrx_word' id='word_1_180' title='bbox 1521 1459 1714 1541; x_wconf 79' lang='lat' dir='ltr'>principum,</span> <span class='ocrx_word' id='word_1_181' title='bbox 1736 1454 1884 1519; x_wconf 77' lang='lat' dir='ltr'>terribilis</span> <span class='ocrx_word' id='word_1_182' title='bbox 1900 1452 2024 1536; x_wconf 77' lang='lat' dir='ltr'>reqibee</span> <span class='ocrx_word' id='word_1_183' title='bbox 2045 1458 2154 1518; x_wconf 83' lang='lat' dir='ltr'>terrae.</span> 
     </span>
     <span class='ocr_line' id='line_1_14' title="bbox 166 1542 1134 1627; baseline -0.001 -19"><span class='ocrx_word' id='word_1_184' title='bbox 166 1557 281 1608; x_wconf 88' lang='lat' dir='ltr'>cantur</span> <span class='ocrx_word' id='word_1_185' title='bbox 296 1554 429 1627; x_wconf 90' lang='lat' dir='ltr'>propter</span> <span class='ocrx_word' id='word_1_186' title='bbox 447 1545 657 1609; x_wconf 83' lang='lat' dir='ltr'>celeritatem.</span> <span class='ocrx_word' id='word_1_187' title='bbox 694 1542 832 1622; x_wconf 82' lang='lat' dir='ltr'>Sagittis</span> <span class='ocrx_word' id='word_1_188' title='bbox 850 1555 958 1606; x_wconf 88' lang='lat' dir='ltr'>autem</span> <span class='ocrx_word' id='word_1_189' title='bbox 980 1544 1134 1607; x_wconf 87' lang='lat' dir='ltr'>tribuitur</span> 
     </span>
     <span class='ocr_line' id='line_1_15' title="bbox 165 1624 2155 1718; baseline -0.003 -24"><span class='ocrx_word' id='word_1_190' title='bbox 165 1631 293 1694; x_wconf 89' lang='lat' dir='ltr'>volatus</span> <span class='ocrx_word' id='word_1_191' title='bbox 317 1630 448 1694; x_wconf 85' lang='lat' dir='ltr'>Psalmo</span> <span class='ocrx_word' id='word_1_192' title='bbox 467 1630 516 1704; x_wconf 86' lang='lat'>91,</span> <span class='ocrx_word' id='word_1_193' title='bbox 536 1631 565 1694; x_wconf 76' lang='lat' dir='ltr'>b.</span> <span class='ocrx_word' id='word_1_194' title='bbox 600 1630 671 1692; x_wconf 91' lang='lat' dir='ltr'>Iam</span> <span class='ocrx_word' id='word_1_195' title='bbox 691 1629 782 1692; x_wconf 86' lang='lat' dir='ltr'>addit</span> <span class='ocrx_word' id='word_1_196' title='bbox 799 1628 907 1693; x_wconf 90' lang='lat' dir='ltr'>Deum</span> <span class='ocrx_word' id='word_1_197' title='bbox 926 1639 959 1692; x_wconf 89' lang='lat' dir='ltr'>et</span> <span class='ocrx_word' id='word_1_198' title='bbox 977 1629 1134 1694; x_wconf 81' lang='lat' dir='ltr'>illustrem</span> <span class='ocrx_word' id='word_1_199' title='bbox 1272 1636 1301 1698; x_wconf 84' lang='lat'>8.</span> <span class='ocrx_word' id='word_1_200' title='bbox 1336 1632 1402 1718; x_wconf 82' lang='lat' dir='ltr'>(Tu</span> <span class='ocrx_word' id='word_1_201' title='bbox 1434 1630 1598 1707; x_wconf 75' lang='lat' dir='ltr'>terribilia,</span> <span class='ocrx_word' id='word_1_202' title='bbox 1638 1627 1694 1713; x_wconf 83' lang='lat' dir='ltr'>tu.)</span> <span class='ocrx_word' id='word_1_203' title='bbox 1750 1625 1913 1709; x_wconf 87' lang='lat' dir='ltr'>Repetitio</span> <span class='ocrx_word' id='word_1_204' title='bbox 1954 1624 2155 1706; x_wconf 88' lang='lat' dir='ltr'>pronominis</span> 
     </span>
     <span class='ocr_line' id='line_1_16' title="bbox 164 1710 2154 1800; baseline -0.004 -21"><span class='ocrx_word' id='word_1_205' title='bbox 164 1736 230 1779; x_wconf 84' lang='lat' dir='ltr'>esee</span> <span class='ocrx_word' id='word_1_206' title='bbox 252 1720 279 1779; x_wconf 88' lang='lat' dir='ltr'>et</span> <span class='ocrx_word' id='word_1_207' title='bbox 300 1715 467 1780; x_wconf 74' lang='lat' dir='ltr'>terribilem</span> <span class='ocrx_word' id='word_1_208' title='bbox 485 1737 566 1797; x_wconf 81' lang='lat' dir='ltr'>pree</span> <span class='ocrx_word' id='word_1_209' title='bbox 583 1715 738 1780; x_wconf 80' lang='lat' dir='ltr'>meatibus</span> <span class='ocrx_word' id='word_1_210' title='bbox 750 1716 899 1796; x_wconf 80' lang='lat' dir='ltr'>praedae,</span> <span class='ocrx_word' id='word_1_211' title='bbox 923 1735 984 1797; x_wconf 91' lang='lat' dir='ltr'>quo</span> <span class='ocrx_word' id='word_1_212' title='bbox 1002 1716 1134 1778; x_wconf 91' lang='lat' dir='ltr'>nomine</span> <span class='ocrx_word' id='word_1_213' title='bbox 1186 1719 1387 1784; x_wconf 85' lang='lat' dir='ltr'>exclusivam</span> <span class='ocrx_word' id='word_1_214' title='bbox 1409 1719 1601 1800; x_wconf 89' lang='lat' dir='ltr'>particulam</span> <span class='ocrx_word' id='word_1_215' title='bbox 1621 1715 1655 1778; x_wconf 92' lang='lat' dir='ltr'>in</span> <span class='ocrx_word' id='word_1_216' title='bbox 1673 1736 1708 1778; x_wconf 91' lang='lat' dir='ltr'>se</span> <span class='ocrx_word' id='word_1_217' title='bbox 1726 1715 1889 1778; x_wconf 90' lang='lat' dir='ltr'>continet:</span> <span class='ocrx_word' id='word_1_218' title='bbox 1913 1730 1949 1774; x_wconf 85' lang='lat' dir='ltr'>ao</span> <span class='ocrx_word' id='word_1_219' title='bbox 1964 1711 1992 1774; x_wconf 88' lang='lat' dir='ltr'>si</span> <span class='ocrx_word' id='word_1_220' title='bbox 2009 1710 2154 1785; x_wconf 81' lang='lat' dir='ltr'>dixisset,</span> 
     </span>
     <span class='ocr_line' id='line_1_17' title="bbox 166 1795 2156 1887; baseline -0.002 -23"><span class='ocrx_word' id='word_1_221' title='bbox 166 1802 311 1865; x_wconf 86' lang='lat' dir='ltr'>violenta</span> <span class='ocrx_word' id='word_1_222' title='bbox 344 1811 377 1865; x_wconf 88' lang='lat' dir='ltr'>et</span> <span class='ocrx_word' id='word_1_223' title='bbox 409 1802 611 1883; x_wconf 81' lang='lat' dir='ltr'>praedatorio</span> <span class='ocrx_word' id='word_1_224' title='bbox 646 1820 747 1882; x_wconf 89' lang='lat' dir='ltr'>regna</span> <span class='ocrx_word' id='word_1_225' title='bbox 779 1799 943 1883; x_wconf 89' lang='lat' dir='ltr'>designat,</span> <span class='ocrx_word' id='word_1_226' title='bbox 977 1801 1060 1864; x_wconf 85' lang='lat' dir='ltr'>sicut</span> <span class='ocrx_word' id='word_1_227' title='bbox 1092 1800 1133 1864; x_wconf 84' lang='lat' dir='ltr'>eb</span> <span class='ocrx_word' id='word_1_228' title='bbox 1186 1805 1342 1887; x_wconf 82' lang='lat' dir='ltr'>quidquid</span> <span class='ocrx_word' id='word_1_229' title='bbox 1373 1818 1422 1869; x_wconf 81' lang='lat' dir='ltr'>est</span> <span class='ocrx_word' id='word_1_230' title='bbox 1451 1805 1486 1868; x_wconf 91' lang='lat' dir='ltr'>in</span> <span class='ocrx_word' id='word_1_231' title='bbox 1517 1801 1637 1867; x_wconf 89' lang='lat' dir='ltr'>mundo</span> <span class='ocrx_word' id='word_1_232' title='bbox 1668 1800 1843 1882; x_wconf 85' lang='lat' dir='ltr'>potentine,</span> <span class='ocrx_word' id='word_1_233' title='bbox 1874 1795 1966 1860; x_wconf 77' lang='lat' dir='ltr'>litoile</span> <span class='ocrx_word' id='word_1_234' title='bbox 1996 1797 2101 1859; x_wconf 83' lang='lat' dir='ltr'>efflari</span> <span class='ocrx_word' id='word_1_235' title='bbox 2123 1807 2156 1859; x_wconf 90' lang='lat' dir='ltr'>et</span> 
     </span>
     <span class='ocr_line' id='line_1_18' title="bbox 164 1880 2153 1969; baseline -0.004 -19"><span class='ocrx_word' id='word_1_236' title='bbox 164 1888 260 1950; x_wconf 91' lang='lat' dir='ltr'>initio</span> <span class='ocrx_word' id='word_1_237' title='bbox 276 1887 406 1969; x_wconf 87' lang='lat' dir='ltr'>scimus,</span> <span class='ocrx_word' id='word_1_238' title='bbox 426 1909 488 1968; x_wconf 90' lang='lat' dir='ltr'>quo</span> <span class='ocrx_word' id='word_1_239' title='bbox 506 1888 642 1968; x_wconf 89' lang='lat' dir='ltr'>quisque</span> <span class='ocrx_word' id='word_1_240' title='bbox 662 1887 736 1968; x_wconf 89' lang='lat' dir='ltr'>plus</span> <span class='ocrx_word' id='word_1_241' title='bbox 752 1885 881 1949; x_wconf 86' lang='lat' dir='ltr'>valebat</span> <span class='ocrx_word' id='word_1_242' title='bbox 900 1886 1132 1961; x_wconf 88' lang='lat' dir='ltr'>latrocinando,</span> <span class='ocrx_word' id='word_1_243' title='bbox 1186 1892 1355 1957; x_wconf 89' lang='lat' dir='ltr'>concidere</span> <span class='ocrx_word' id='word_1_244' title='bbox 1385 1892 1417 1954; x_wconf 93' lang='lat' dir='ltr'>in</span> <span class='ocrx_word' id='word_1_245' title='bbox 1447 1890 1586 1953; x_wconf 92' lang='lat' dir='ltr'>nihilum</span> <span class='ocrx_word' id='word_1_246' title='bbox 1614 1886 1668 1950; x_wconf 94' lang='lat' dir='ltr'>ubi</span> <span class='ocrx_word' id='word_1_247' title='bbox 1695 1887 1782 1949; x_wconf 89' lang='lat' dir='ltr'>Deus</span> <span class='ocrx_word' id='word_1_248' title='bbox 1805 1886 1838 1947; x_wconf 93' lang='lat' dir='ltr'>in</span> <span class='ocrx_word' id='word_1_249' title='bbox 1861 1880 2005 1945; x_wconf 90' lang='lat' dir='ltr'>medium</span> <span class='ocrx_word' id='word_1_250' title='bbox 2029 1881 2153 1963; x_wconf 87' lang='lat' dir='ltr'>prodit:</span> 
     </span>
     <span class='ocr_line' id='line_1_19' title="bbox 164 1966 2151 2058; baseline -0.003 -22"><span class='ocrx_word' id='word_1_251' title='bbox 164 1974 246 2037; x_wconf 87' lang='lat' dir='ltr'>fines</span> <span class='ocrx_word' id='word_1_252' title='bbox 280 1994 355 2037; x_wconf 86' lang='lat' dir='ltr'>euos</span> <span class='ocrx_word' id='word_1_253' title='bbox 388 1973 492 2052; x_wconf 84' lang='lat' dir='ltr'>magis</span> <span class='ocrx_word' id='word_1_254' title='bbox 526 1971 708 2054; x_wconf 86' lang='lat' dir='ltr'>ampliasse.</span> <span class='ocrx_word' id='word_1_255' title='bbox 765 1971 900 2054; x_wconf 86' lang='lat' dir='ltr'>Magnos</span> <span class='ocrx_word' id='word_1_256' title='bbox 941 1993 1018 2054; x_wconf 89' lang='lat' dir='ltr'>ergo</span> <span class='ocrx_word' id='word_1_257' title='bbox 1059 1972 1133 2035; x_wconf 92' lang='lat' dir='ltr'>illos</span> <span class='ocrx_word' id='word_1_258' title='bbox 1186 1978 1294 2058; x_wconf 90' lang='lat' dir='ltr'>itaque</span> <span class='ocrx_word' id='word_1_259' title='bbox 1317 1978 1432 2041; x_wconf 91' lang='lat' dir='ltr'>merito</span> <span class='ocrx_word' id='word_1_260' title='bbox 1456 1978 1561 2058; x_wconf 89' lang='lat' dir='ltr'>ipsum</span> <span class='ocrx_word' id='word_1_261' title='bbox 1584 1972 1687 2036; x_wconf 91' lang='lat' dir='ltr'>solum</span> <span class='ocrx_word' id='word_1_262' title='bbox 1711 1993 1780 2034; x_wconf 89' lang='lat' dir='ltr'>esse</span> <span class='ocrx_word' id='word_1_263' title='bbox 1798 1967 2049 2045; x_wconf 86' lang='lat' dir='ltr'>formidabilem,</span> <span class='ocrx_word' id='word_1_264' title='bbox 2071 1966 2151 2048; x_wconf 95' lang='lat' dir='ltr'>quod</span> 
     </span>
     <span class='ocr_line' id='line_1_20' title="bbox 163 2051 2153 2141; baseline -0.003 -20"><span class='ocrx_word' id='word_1_265' title='bbox 163 2077 274 2140; x_wconf 87' lang='lat' dir='ltr'>reges,</span> <span class='ocrx_word' id='word_1_266' title='bbox 305 2059 361 2140; x_wconf 91' lang='lat' dir='ltr'>qui</span> <span class='ocrx_word' id='word_1_267' title='bbox 384 2058 445 2122; x_wconf 87' lang='lat' dir='ltr'>sibi</span> <span class='ocrx_word' id='word_1_268' title='bbox 468 2057 576 2140; x_wconf 84' lang='lat' dir='ltr'>ampla</span> <span class='ocrx_word' id='word_1_269' title='bbox 599 2056 742 2121; x_wconf 88' lang='lat' dir='ltr'>dominia</span> <span class='ocrx_word' id='word_1_270' title='bbox 770 2058 917 2140; x_wconf 87' lang='lat' dir='ltr'>pervim</span> <span class='ocrx_word' id='word_1_271' title='bbox 940 2068 972 2121; x_wconf 89' lang='lat' dir='ltr'>ot</span> <span class='ocrx_word' id='word_1_272' title='bbox 995 2058 1133 2122; x_wconf 90' lang='lat' dir='ltr'>iniustas</span> <span class='ocrx_word' id='word_1_273' title='bbox 1185 2063 1282 2127; x_wconf 88' lang='lat' dir='ltr'>etiam</span> <span class='ocrx_word' id='word_1_274' title='bbox 1306 2064 1479 2128; x_wconf 88' lang='lat' dir='ltr'>confirmat</span> <span class='ocrx_word' id='word_1_275' title='bbox 1501 2059 1699 2141; x_wconf 84' lang='lat' dir='ltr'>comparatio</span> <span class='ocrx_word' id='word_1_276' title='bbox 1723 2076 1799 2120; x_wconf 93' lang='lat' dir='ltr'>mox</span> <span class='ocrx_word' id='word_1_277' title='bbox 1822 2056 1942 2119; x_wconf 87' lang='lat' dir='ltr'>addita.</span> <span class='ocrx_word' id='word_1_278' title='bbox 1982 2051 2153 2135; x_wconf 83' lang='lat' dir='ltr'>Significat</span> 
     </span>
     <span class='ocr_line' id='line_1_21' title="bbox 163 2137 2152 2231; baseline -0.003 -24"><span class='ocrx_word' id='word_1_279' title='bbox 163 2144 277 2207; x_wconf 85' lang='lat' dir='ltr'>coedes</span> <span class='ocrx_word' id='word_1_280' title='bbox 301 2144 529 2224; x_wconf 82' lang='lat' dir='ltr'>acquisierant,</span> <span class='ocrx_word' id='word_1_281' title='bbox 553 2153 722 2225; x_wconf 89' lang='lat' dir='ltr'>comparat</span> <span class='ocrx_word' id='word_1_282' title='bbox 744 2143 820 2207; x_wconf 83' lang='lat' dir='ltr'>loris</span> <span class='ocrx_word' id='word_1_283' title='bbox 844 2142 955 2208; x_wconf 90' lang='lat' dir='ltr'>bestiis</span> <span class='ocrx_word' id='word_1_284' title='bbox 978 2164 1061 2223; x_wconf 89' lang='lat' dir='ltr'>quae</span> <span class='ocrx_word' id='word_1_285' title='bbox 1084 2145 1132 2206; x_wconf 87' lang='lat' dir='ltr'>vi·</span> <span class='ocrx_word' id='word_1_286' title='bbox 1185 2149 1283 2229; x_wconf 77' lang='lat' dir='ltr'>eninr,</span> <span class='ocrx_word' id='word_1_287' title='bbox 1313 2149 1461 2231; x_wconf 80' lang='lat' dir='ltr'>quemvis</span> <span class='ocrx_word' id='word_1_288' title='bbox 1489 2145 1642 2228; x_wconf 85' lang='lat' dir='ltr'>superbia</span> <span class='ocrx_word' id='word_1_289' title='bbox 1671 2154 1804 2224; x_wconf 90' lang='lat' dir='ltr'>crepent</span> <span class='ocrx_word' id='word_1_290' title='bbox 1826 2141 1926 2222; x_wconf 91' lang='lat' dir='ltr'>impii,</span> <span class='ocrx_word' id='word_1_291' title='bbox 1955 2137 2020 2202; x_wconf 87' lang='lat' dir='ltr'>Dei</span> <span class='ocrx_word' id='word_1_292' title='bbox 2045 2151 2152 2202; x_wconf 83' lang='lat' dir='ltr'>tamen</span> 
     </span>
     <span class='ocr_line' id='line_1_22' title="bbox 163 2223 2153 2316; baseline -0.009 -13"><span class='ocrx_word' id='word_1_293' title='bbox 163 2239 443 2311; x_wconf 55' lang='grc' dir='ltr'><strong>00000100ορ8.</strong></span> <span class='ocrx_word' id='word_1_294' title='bbox 474 2244 507 2292; x_wconf 86' lang='lat' dir='ltr'>ct</span> <span class='ocrx_word' id='word_1_295' title='bbox 529 2249 641 2293; x_wconf 70' lang='grc'><strong>00000]</strong></span> <span class='ocrx_word' id='word_1_296' title='bbox 672 2249 773 2310; x_wconf 63' lang='lat' dir='ltr'>regna</span> <span class='ocrx_word' id='word_1_297' title='bbox 804 2228 932 2292; x_wconf 71' lang='lat' dir='ltr'>SilVOSle</span> <span class='ocrx_word' id='word_1_298' title='bbox 956 2228 1131 2311; x_wconf 76' lang='lat' dir='ltr'>montibus,</span> <span class='ocrx_word' id='word_1_299' title='bbox 1185 2253 1391 2316; x_wconf 87' lang='lat' dir='ltr'>conspectum</span> <span class='ocrx_word' id='word_1_300' title='bbox 1417 2234 1550 2297; x_wconf 90' lang='lat' dir='ltr'>minime</span> <span class='ocrx_word' id='word_1_301' title='bbox 1573 2230 1620 2296; x_wconf 90' lang='lat' dir='ltr'>eis</span> <span class='ocrx_word' id='word_1_302' title='bbox 1643 2230 1710 2293; x_wconf 86' lang='lat' dir='ltr'>fore</span> <span class='ocrx_word' id='word_1_303' title='bbox 1733 2227 1942 2291; x_wconf 88' lang='lat' dir='ltr'>tolerabilem.</span> <span class='ocrx_word' id='word_1_304' title='bbox 1988 2223 2056 2288; x_wconf 83' lang='lat' dir='ltr'>Sed</span> <span class='ocrx_word' id='word_1_305' title='bbox 2080 2225 2153 2307; x_wconf 88' lang='lat' dir='ltr'>quia</span> 
     </span>
     <span class='ocr_line' id='line_1_23' title="bbox 163 2312 2152 2396; baseline -0.002 -20"><span class='ocrx_word' id='word_1_306' title='bbox 163 2335 243 2395; x_wconf 88' lang='lat' dir='ltr'>quos</span> <span class='ocrx_word' id='word_1_307' title='bbox 266 2314 388 2378; x_wconf 86' lang='lat' dir='ltr'>bestiae</span> <span class='ocrx_word' id='word_1_308' title='bbox 411 2315 450 2378; x_wconf 87' lang='lat' dir='ltr'>ad</span> <span class='ocrx_word' id='word_1_309' title='bbox 474 2313 611 2396; x_wconf 81' lang='lat' dir='ltr'>praedas</span> <span class='ocrx_word' id='word_1_310' title='bbox 634 2329 781 2378; x_wconf 86' lang='lat' dir='ltr'>assuetae</span> <span class='ocrx_word' id='word_1_311' title='bbox 804 2328 973 2395; x_wconf 88' lang='lat' dir='ltr'>occupant.</span> <span class='ocrx_word' id='word_1_312' title='bbox 1008 2312 1131 2394; x_wconf 79' lang='lat' dir='ltr'>Quam·</span> <span class='ocrx_word' id='word_1_313' title='bbox 1185 2321 1348 2385; x_wconf 88' lang='lat' dir='ltr'>interdum</span> <span class='ocrx_word' id='word_1_314' title='bbox 1379 2318 1572 2396; x_wconf 89' lang='lat' dir='ltr'>dissimulat,</span> <span class='ocrx_word' id='word_1_315' title='bbox 1606 2314 1802 2396; x_wconf 86' lang='lat' dir='ltr'>videturque</span> <span class='ocrx_word' id='word_1_316' title='bbox 1831 2313 1952 2376; x_wconf 89' lang='lat' dir='ltr'>otiosus</span> <span class='ocrx_word' id='word_1_317' title='bbox 1980 2323 2152 2392; x_wconf 90' lang='lat' dir='ltr'>spectator,</span> 
     </span>
     <span class='ocr_line' id='line_1_24' title="bbox 163 2395 2152 2488; baseline -0.002 -25"><span class='ocrx_word' id='word_1_318' title='bbox 163 2401 213 2463; x_wconf 86' lang='lat' dir='ltr'>vis</span> <span class='ocrx_word' id='word_1_319' title='bbox 235 2420 312 2483; x_wconf 89' lang='lat' dir='ltr'>ergo</span> <span class='ocrx_word' id='word_1_320' title='bbox 335 2401 445 2464; x_wconf 88' lang='lat' dir='ltr'>hostes</span> <span class='ocrx_word' id='word_1_321' title='bbox 468 2400 716 2483; x_wconf 88' lang='lat' dir='ltr'>Hierosolymae</span> <span class='ocrx_word' id='word_1_322' title='bbox 740 2399 898 2464; x_wconf 88' lang='lat' dir='ltr'>violenter</span> <span class='ocrx_word' id='word_1_323' title='bbox 920 2402 1061 2482; x_wconf 87' lang='lat' dir='ltr'>grassari</span> <span class='ocrx_word' id='word_1_324' title='bbox 1084 2422 1133 2464; x_wconf 90' lang='lat' dir='ltr'>so·</span> <span class='ocrx_word' id='word_1_325' title='bbox 1185 2406 1305 2471; x_wconf 79' lang='lat' dir='ltr'>diserte</span> <span class='ocrx_word' id='word_1_326' title='bbox 1334 2407 1488 2488; x_wconf 73' lang='lat' dir='ltr'>exprimit</span> <span class='ocrx_word' id='word_1_327' title='bbox 1518 2401 1684 2486; x_wconf 87' lang='lat' dir='ltr'>propheta,</span> <span class='ocrx_word' id='word_1_328' title='bbox 1714 2400 1848 2464; x_wconf 88' lang='lat' dir='ltr'>simulac</span> <span class='ocrx_word' id='word_1_329' title='bbox 1879 2395 1972 2461; x_wconf 91' lang='lat' dir='ltr'>irasci</span> <span class='ocrx_word' id='word_1_330' title='bbox 2001 2398 2152 2478; x_wconf 89' lang='lat' dir='ltr'>coeperit,</span> 
     </span>
     <span class='ocr_line' id='line_1_25' title="bbox 162 2482 2152 2574; baseline -0.003 -26"><span class='ocrx_word' id='word_1_331' title='bbox 162 2484 211 2548; x_wconf 93' lang='lat' dir='ltr'>liti</span> <span class='ocrx_word' id='word_1_332' title='bbox 240 2500 365 2564; x_wconf 89' lang='lat' dir='ltr'>essent,</span> <span class='ocrx_word' id='word_1_333' title='bbox 402 2487 508 2549; x_wconf 92' lang='lat' dir='ltr'>Deum</span> <span class='ocrx_word' id='word_1_334' title='bbox 538 2495 649 2550; x_wconf 89' lang='lat' dir='ltr'>tamen</span> <span class='ocrx_word' id='word_1_335' title='bbox 681 2505 778 2566; x_wconf 91' lang='lat' dir='ltr'>supra</span> <span class='ocrx_word' id='word_1_336' title='bbox 808 2505 921 2548; x_wconf 92' lang='lat' dir='ltr'>omnes</span> <span class='ocrx_word' id='word_1_337' title='bbox 950 2485 1045 2567; x_wconf 88' lang='lat' dir='ltr'>longe</span> <span class='ocrx_word' id='word_1_338' title='bbox 1073 2508 1130 2548; x_wconf 92' lang='lat' dir='ltr'>ex·</span> <span class='ocrx_word' id='word_1_339' title='bbox 1185 2492 1335 2558; x_wconf 88' lang='lat' dir='ltr'>omnibus</span> <span class='ocrx_word' id='word_1_340' title='bbox 1364 2493 1472 2574; x_wconf 89' lang='lat' dir='ltr'>impiis</span> <span class='ocrx_word' id='word_1_341' title='bbox 1503 2491 1631 2552; x_wconf 78' lang='lat' dir='ltr'>ruinam</span> <span class='ocrx_word' id='word_1_342' title='bbox 1654 2489 1786 2550; x_wconf 89' lang='lat' dir='ltr'>instare.</span> <span class='ocrx_word' id='word_1_343' title='bbox 1831 2483 1989 2564; x_wconf 77' lang='lat' dir='ltr'>Quamvis</span> <span class='ocrx_word' id='word_1_344' title='bbox 2012 2503 2093 2563; x_wconf 86' lang='lat' dir='ltr'>ergo</span> <span class='ocrx_word' id='word_1_345' title='bbox 2114 2482 2152 2544; x_wconf 93' lang='lat' dir='ltr'>ad</span> 
     </span>
     <span class='ocr_line' id='line_1_26' title="bbox 160 2568 2153 2659; baseline -0.002 -23"><span class='ocrx_word' id='word_1_346' title='bbox 160 2570 277 2636; x_wconf 88' lang='lat' dir='ltr'>cellere</span> <span class='ocrx_word' id='word_1_347' title='bbox 299 2571 458 2653; x_wconf 88' lang='lat' dir='ltr'>propheta</span> <span class='ocrx_word' id='word_1_348' title='bbox 479 2571 633 2643; x_wconf 82' lang='lat' dir='ltr'>affirmat,</span> <span class='ocrx_word' id='word_1_349' title='bbox 653 2593 694 2634; x_wconf 91' lang='lat' dir='ltr'>ne</span> <span class='ocrx_word' id='word_1_350' title='bbox 716 2570 896 2634; x_wconf 89' lang='lat' dir='ltr'>terroribus</span> <span class='ocrx_word' id='word_1_351' title='bbox 919 2572 1132 2634; x_wconf 88' lang='lat' dir='ltr'>succumbant</span> <span class='ocrx_word' id='word_1_352' title='bbox 1185 2590 1314 2659; x_wconf 71' lang='lat' dir='ltr'>tempus</span> <span class='ocrx_word' id='word_1_353' title='bbox 1342 2601 1405 2642; x_wconf 83' lang='lat' dir='ltr'>neo</span> <span class='ocrx_word' id='word_1_354' title='bbox 1431 2577 1524 2640; x_wconf 81' lang='lat' dir='ltr'>modo</span> <span class='ocrx_word' id='word_1_355' title='bbox 1546 2574 1736 2649; x_wconf 82' lang='lat' dir='ltr'>consistant,</span> <span class='ocrx_word' id='word_1_356' title='bbox 1766 2570 1821 2634; x_wconf 87' lang='lat' dir='ltr'>sed</span> <span class='ocrx_word' id='word_1_357' title='bbox 1844 2571 1941 2633; x_wconf 88' lang='lat' dir='ltr'>etiam</span> <span class='ocrx_word' id='word_1_358' title='bbox 1965 2568 2075 2632; x_wconf 87' lang='lat' dir='ltr'>surore</span> <span class='ocrx_word' id='word_1_359' title='bbox 2097 2590 2153 2633; x_wconf 88' lang='lat' dir='ltr'>suo</span> 
     </span>
     <span class='ocr_line' id='line_1_27' title="bbox 160 2653 2154 2738; baseline -0.001 -18"><span class='ocrx_word' id='word_1_360' title='bbox 160 2657 282 2721; x_wconf 88' lang='lat' dir='ltr'>fideles.</span> <span class='ocrx_word' id='word_1_361' title='bbox 1185 2665 1435 2728; x_wconf 74' lang='lat' dir='ltr'>transscenderet</span> <span class='ocrx_word' id='word_1_362' title='bbox 1465 2664 1584 2737; x_wconf 90' lang='lat' dir='ltr'>nubes,</span> <span class='ocrx_word' id='word_1_363' title='bbox 1614 2658 1867 2738; x_wconf 88' lang='lat' dir='ltr'>exspectandum</span> <span class='ocrx_word' id='word_1_364' title='bbox 1900 2674 1969 2717; x_wconf 87' lang='lat' dir='ltr'>esse</span> <span class='ocrx_word' id='word_1_365' title='bbox 2001 2653 2154 2718; x_wconf 86' lang='lat' dir='ltr'>admonet</span> 
     </span>
    </p>

    <p class='ocr_par' dir='ltr' id='par_1_3' title="bbox 161 2739 2152 2996">
     <span class='ocr_line' id='line_1_28' title="bbox 246 2739 2152 2831; baseline -0.001 -27"><span class='ocrx_word' id='word_1_366' title='bbox 246 2742 275 2804; x_wconf 89' lang='lat'>6.</span> <span class='ocrx_word' id='word_1_367' title='bbox 301 2740 453 2825; x_wconf 80' lang='lat' dir='ltr'>(Spoliotl</span> <span class='ocrx_word' id='word_1_368' title='bbox 475 2739 571 2825; x_wconf 81' lang='lat' dir='ltr'>eunt.)</span> <span class='ocrx_word' id='word_1_369' title='bbox 603 2739 678 2803; x_wconf 89' lang='lat' dir='ltr'>Alia</span> <span class='ocrx_word' id='word_1_370' title='bbox 701 2740 852 2821; x_wconf 89' lang='lat' dir='ltr'>loquendi</span> <span class='ocrx_word' id='word_1_371' title='bbox 875 2742 979 2802; x_wconf 86' lang='lat' dir='ltr'>forma</span> <span class='ocrx_word' id='word_1_372' title='bbox 1001 2740 1130 2803; x_wconf 86' lang='lat' dir='ltr'>extolli·</span> <span class='ocrx_word' id='word_1_373' title='bbox 1157 2751 1160 2761; x_wconf 91' lang='grc'><strong>’</strong></span> <span class='ocrx_word' id='word_1_374' title='bbox 1185 2748 1344 2831; x_wconf 79' lang='lat' dir='ltr'>prophete</span> <span class='ocrx_word' id='word_1_375' title='bbox 1372 2751 1440 2813; x_wconf 82' lang='lat' dir='ltr'>iree</span> <span class='ocrx_word' id='word_1_376' title='bbox 1470 2761 1606 2828; x_wconf 79' lang='lat' dir='ltr'>tempus,</span> <span class='ocrx_word' id='word_1_377' title='bbox 1659 2744 1816 2808; x_wconf 85' lang='lat' dir='ltr'>Notemus</span> <span class='ocrx_word' id='word_1_378' title='bbox 1846 2743 1959 2816; x_wconf 89' lang='lat' dir='ltr'>etiarn,</span> <span class='ocrx_word' id='word_1_379' title='bbox 1994 2754 2152 2804; x_wconf 88' lang='lat' dir='ltr'>terrorem</span> 
     </span>
     <span class='ocr_line' id='line_1_29' title="bbox 161 2825 2152 2912; baseline 0.002 -24"><span class='ocrx_word' id='word_1_380' title='bbox 161 2834 216 2890; x_wconf 88' lang='lat' dir='ltr'>tur</span> <span class='ocrx_word' id='word_1_381' title='bbox 238 2826 300 2889; x_wconf 94' lang='lat' dir='ltr'>Dei</span> <span class='ocrx_word' id='word_1_382' title='bbox 323 2826 429 2889; x_wconf 86' lang='lat' dir='ltr'>virtus</span> <span class='ocrx_word' id='word_1_383' title='bbox 452 2826 484 2888; x_wconf 92' lang='lat' dir='ltr'>in</span> <span class='ocrx_word' id='word_1_384' title='bbox 509 2825 657 2888; x_wconf 90' lang='lat' dir='ltr'>hostibus</span> <span class='ocrx_word' id='word_1_385' title='bbox 679 2826 861 2908; x_wconf 88' lang='lat' dir='ltr'>perdendis.</span> <span class='ocrx_word' id='word_1_386' title='bbox 902 2825 1048 2889; x_wconf 81' lang='lat' dir='ltr'>Verbum</span> <span class='ocrx_word' id='word_1_387' title='bbox 1068 2847 1130 2908; x_wconf 92' lang='lat' dir='ltr'>quo</span> <span class='ocrx_word' id='word_1_388' title='bbox 1185 2835 1271 2899; x_wconf 85' lang='lat' dir='ltr'>hene</span> <span class='ocrx_word' id='word_1_389' title='bbox 1299 2836 1345 2899; x_wconf 80' lang='lat' dir='ltr'>ite</span> <span class='ocrx_word' id='word_1_390' title='bbox 1375 2833 1560 2898; x_wconf 83' lang='lat' dir='ltr'>denuntiari</span> <span class='ocrx_word' id='word_1_391' title='bbox 1590 2830 1712 2912; x_wconf 89' lang='lat' dir='ltr'>impiis,</span> <span class='ocrx_word' id='word_1_392' title='bbox 1743 2844 1781 2892; x_wconf 91' lang='lat' dir='ltr'>ut</span> <span class='ocrx_word' id='word_1_393' title='bbox 1809 2833 1955 2893; x_wconf 87' lang='lat' dir='ltr'>suaviter</span> <span class='ocrx_word' id='word_1_394' title='bbox 1979 2827 2021 2889; x_wconf 84' lang='lat' dir='ltr'>ad</span> <span class='ocrx_word' id='word_1_395' title='bbox 2043 2825 2152 2891; x_wconf 89' lang='lat' dir='ltr'>Deum</span> 
     </span>
     <span class='ocr_line' id='line_1_30' title="bbox 163 2889 1448 2996; baseline 0.001 -21"><span class='ocrx_word' id='word_1_396' title='bbox 163 2912 274 2987; x_wconf 86' lang='lat' dir='ltr'>utitur,</span> <span class='ocrx_word' id='word_1_397' title='bbox 298 2911 471 2975; x_wconf 88' lang='lat' dir='ltr'>deductum</span> <span class='ocrx_word' id='word_1_398' title='bbox 496 2923 545 2976; x_wconf 87' lang='lat' dir='ltr'>est</span> <span class='ocrx_word' id='word_1_399' title='bbox 565 2931 584 2973; x_wconf 89' lang='lat' dir='ltr'>a</span> <span class='ocrx_word' id='word_1_400' title='bbox 605 2889 705 2996; x_wconf 56' lang='lat' dir='ltr'>bbg),</span> <span class='ocrx_word' id='word_1_401' title='bbox 735 2922 768 2976; x_wconf 90' lang='lat' dir='ltr'>et</span> <span class='ocrx_word' id='word_1_402' title='bbox 791 2926 819 2993; x_wconf 67' lang='grc' dir='ltr'>κ</span> <span class='ocrx_word' id='word_1_403' title='bbox 841 2911 973 2992; x_wconf 88' lang='lat' dir='ltr'>ponitur</span> <span class='ocrx_word' id='word_1_404' title='bbox 1003 2912 1070 2977; x_wconf 92' lang='lat' dir='ltr'>loco</span> <span class='ocrx_word' id='word_1_405' title='bbox 1092 2927 1129 2994; x_wconf 75' lang='grc' dir='ltr'>Π.</span> <span class='ocrx_word' id='word_1_406' title='bbox 1184 2920 1304 2986; x_wconf 75' lang='lat' dir='ltr'>ellieiet</span> <span class='ocrx_word' id='word_1_407' title='bbox 1326 2921 1448 2986; x_wconf 75' lang='lat' dir='ltr'>fideles,</span> 
     </span>
    </p>

    <p class='ocr_par' dir='ltr' id='par_1_4' title="bbox 103 2995 2156 4979">
     <span class='ocr_line' id='line_1_31' title="bbox 161 2995 2152 3092; baseline -0.006 -32"><span class='ocrx_word' id='word_1_408' title='bbox 161 2995 247 3061; x_wconf 70' lang='lat' dir='ltr'>Nam</span> <span class='ocrx_word' id='word_1_409' title='bbox 280 2997 364 3078; x_wconf 81' lang='lat' dir='ltr'>quod</span> <span class='ocrx_word' id='word_1_410' title='bbox 399 2998 453 3060; x_wconf 76' lang='lat' dir='ltr'>alll</span> <span class='ocrx_word' id='word_1_411' title='bbox 487 2996 669 3061; x_wconf 77' lang='lat' dir='ltr'>InfalutthS</span> <span class='ocrx_word' id='word_1_412' title='bbox 705 3006 850 3073; x_wconf 72' lang='lat' dir='ltr'>vertunt,</span> <span class='ocrx_word' id='word_1_413' title='bbox 887 3007 1035 3062; x_wconf 74' lang='lat' dir='ltr'>coactum</span> <span class='ocrx_word' id='word_1_414' title='bbox 1071 3016 1129 3063; x_wconf 81' lang='lat' dir='ltr'>est.</span> <span class='ocrx_word' id='word_1_415' title='bbox 1269 3007 1298 3071; x_wconf 89' lang='grc'><strong>9</strong></span> <span class='ocrx_word' id='word_1_416' title='bbox 1322 3006 1369 3092; x_wconf 83' lang='grc' dir='ltr'>(Ε</span> <span class='ocrx_word' id='word_1_417' title='bbox 1388 3004 1502 3090; x_wconf 45' lang='lat' dir='ltr'>coelis)</span> <span class='ocrx_word' id='word_1_418' title='bbox 1542 3003 1712 3069; x_wconf 78' lang='lat' dir='ltr'>Coelorum</span> <span class='ocrx_word' id='word_1_419' title='bbox 1737 3001 1867 3065; x_wconf 75' lang='lat' dir='ltr'>nomine</span> <span class='ocrx_word' id='word_1_420' title='bbox 1889 2999 2075 3082; x_wconf 68' lang='lat' dir='ltr'>emphatiee</span> <span class='ocrx_word' id='word_1_421' title='bbox 2097 3020 2152 3062; x_wconf 69' lang='lat' dir='ltr'>ex.</span> 
     </span>
     <span class='ocr_line' id='line_1_32' title="bbox 161 3080 2152 3176; baseline -0.006 -31"><span class='ocrx_word' id='word_1_422' title='bbox 161 3080 358 3164; x_wconf 74' lang='lat' dir='ltr'>Quanquam</span> <span class='ocrx_word' id='word_1_423' title='bbox 383 3082 485 3146; x_wconf 84' lang='lat' dir='ltr'>fateor</span> <span class='ocrx_word' id='word_1_424' title='bbox 508 3083 700 3146; x_wconf 89' lang='lat' dir='ltr'>tantundem</span> <span class='ocrx_word' id='word_1_425' title='bbox 732 3082 841 3146; x_wconf 90' lang='lat' dir='ltr'>valere</span> <span class='ocrx_word' id='word_1_426' title='bbox 870 3105 906 3148; x_wconf 90' lang='lat' dir='ltr'>ac</span> <span class='ocrx_word' id='word_1_427' title='bbox 937 3084 964 3147; x_wconf 93' lang='lat' dir='ltr'>si</span> <span class='ocrx_word' id='word_1_428' title='bbox 994 3082 1130 3148; x_wconf 81' lang='lat' dir='ltr'>dixisset</span> <span class='ocrx_word' id='word_1_429' title='bbox 1183 3095 1294 3176; x_wconf 68' lang='lat' dir='ltr'>prime</span> <span class='ocrx_word' id='word_1_430' title='bbox 1323 3094 1484 3159; x_wconf 65' lang='lat' dir='ltr'>illustrius</span> <span class='ocrx_word' id='word_1_431' title='bbox 1507 3091 1606 3156; x_wconf 64' lang='lat' dir='ltr'>feisse</span> <span class='ocrx_word' id='word_1_432' title='bbox 1628 3088 1693 3151; x_wconf 82' lang='lat' dir='ltr'>Dei</span> <span class='ocrx_word' id='word_1_433' title='bbox 1715 3087 1882 3161; x_wconf 69' lang='lat' dir='ltr'>iudicium,</span> <span class='ocrx_word' id='word_1_434' title='bbox 1913 3105 2011 3167; x_wconf 73' lang='lat' dir='ltr'>quem</span> <span class='ocrx_word' id='word_1_435' title='bbox 2034 3098 2072 3148; x_wconf 78' lang='lat' dir='ltr'>ue</span> <span class='ocrx_word' id='word_1_436' title='bbox 2097 3106 2152 3168; x_wconf 76' lang='lat' dir='ltr'>pe.</span> 
     </span>
     <span class='ocr_line' id='line_1_33' title="bbox 160 3167 2151 3250; baseline -0.006 -7"><span class='ocrx_word' id='word_1_437' title='bbox 160 3169 294 3233; x_wconf 73' lang='lat' dir='ltr'>0011⁸lli0</span> <span class='ocrx_word' id='word_1_438' title='bbox 317 3168 563 3232; x_wconf 69' lang='lat' dir='ltr'>0lf0rllludl¹10</span> <span class='ocrx_word' id='word_1_439' title='bbox 595 3168 693 3232; x_wconf 65' lang='lat' dir='ltr'>fuisse</span> <span class='ocrx_word' id='word_1_440' title='bbox 724 3169 877 3250; x_wconf 72' lang='grc'><strong>00888808·</strong></span> <span class='ocrx_word' id='word_1_441' title='bbox 922 3167 988 3233; x_wconf 64' lang='lat' dir='ltr'>Sed</span> <span class='ocrx_word' id='word_1_442' title='bbox 1018 3181 1131 3233; x_wconf 78' lang='grc'><strong>00000·</strong></span> <span class='ocrx_word' id='word_1_443' title='bbox 1184 3183 1282 3245; x_wconf 89' lang='lat' dir='ltr'>tuerit</span> <span class='ocrx_word' id='word_1_444' title='bbox 1306 3181 1356 3244; x_wconf 87' lang='lat' dir='ltr'>vel</span> <span class='ocrx_word' id='word_1_445' title='bbox 1380 3183 1530 3245; x_wconf 86' lang='lat' dir='ltr'>fortunae</span> <span class='ocrx_word' id='word_1_446' title='bbox 1550 3177 1600 3239; x_wconf 86' lang='lat' dir='ltr'>vel</span> <span class='ocrx_word' id='word_1_447' title='bbox 1622 3174 1789 3239; x_wconf 90' lang='lat' dir='ltr'>hominum</span> <span class='ocrx_word' id='word_1_448' title='bbox 1807 3172 1984 3235; x_wconf 84' lang='lat' dir='ltr'>industriae</span> <span class='ocrx_word' id='word_1_449' title='bbox 2000 3170 2151 3235; x_wconf 83' lang='lat' dir='ltr'>adscribi.</span> 
     </span>
     <span class='ocr_line' id='line_1_34' title="bbox 162 3253 2151 3348; baseline -0.008 -13"><span class='ocrx_word' id='word_1_450' title='bbox 162 3253 240 3317; x_wconf 74' lang='grc'><strong>8880</strong></span> <span class='ocrx_word' id='word_1_451' title='bbox 263 3264 312 3318; x_wconf 78' lang='grc'>888</span> <span class='ocrx_word' id='word_1_452' title='bbox 336 3255 425 3317; x_wconf 71' lang='grc'><strong>08888</strong></span> <span class='ocrx_word' id='word_1_453' title='bbox 448 3255 640 3337; x_wconf 71' lang='grc'><strong>8000888888·</strong></span> <span class='ocrx_word' id='word_1_454' title='bbox 674 3254 797 3318; x_wconf 69' lang='grc'><strong>8808808</strong></span> <span class='ocrx_word' id='word_1_455' title='bbox 821 3263 943 3336; x_wconf 67' lang='lat' dir='ltr'>Sl)eotat</span> <span class='ocrx_word' id='word_1_456' title='bbox 968 3255 1053 3336; x_wconf 91' lang='lat' dir='ltr'>quod</span> <span class='ocrx_word' id='word_1_457' title='bbox 1077 3257 1131 3319; x_wconf 77' lang='grc'>88·</span> <span class='ocrx_word' id='word_1_458' title='bbox 1183 3267 1368 3348; x_wconf 83' lang='lat' dir='ltr'>Aliquando</span> <span class='ocrx_word' id='word_1_459' title='bbox 1408 3267 1494 3329; x_wconf 90' lang='lat' dir='ltr'>enim</span> <span class='ocrx_word' id='word_1_460' title='bbox 1536 3261 1655 3327; x_wconf 81' lang='lat' dir='ltr'>iudicia</span> <span class='ocrx_word' id='word_1_461' title='bbox 1689 3280 1748 3324; x_wconf 87' lang='lat' dir='ltr'>sua</span> <span class='ocrx_word' id='word_1_462' title='bbox 1785 3260 1918 3322; x_wconf 88' lang='lat' dir='ltr'>obscure</span> <span class='ocrx_word' id='word_1_463' title='bbox 1951 3260 2151 3338; x_wconf 82' lang='lat' dir='ltr'>exsequitur,</span> 
     </span>
     <span class='ocr_line' id='line_1_35' title="bbox 161 3337 2151 3432; baseline 0.002 -30"><span class='ocrx_word' id='word_1_464' title='bbox 161 3337 250 3402; x_wconf 87' lang='lat' dir='ltr'>ditur</span> <span class='ocrx_word' id='word_1_465' title='bbox 272 3339 411 3404; x_wconf 90' lang='lat' dir='ltr'>secundo</span> <span class='ocrx_word' id='word_1_466' title='bbox 436 3339 595 3416; x_wconf 90' lang='lat' dir='ltr'>membro,</span> <span class='ocrx_word' id='word_1_467' title='bbox 625 3341 712 3404; x_wconf 89' lang='lat' dir='ltr'>viros</span> <span class='ocrx_word' id='word_1_468' title='bbox 733 3340 871 3404; x_wconf 82' lang='lat' dir='ltr'>robustos</span> <span class='ocrx_word' id='word_1_469' title='bbox 893 3360 954 3404; x_wconf 82' lang='lat' dir='ltr'>nort</span> <span class='ocrx_word' id='word_1_470' title='bbox 975 3342 1131 3407; x_wconf 79' lang='lat' dir='ltr'>invenisse</span> <span class='ocrx_word' id='word_1_471' title='bbox 1182 3375 1219 3418; x_wconf 85' lang='lat' dir='ltr'>ee</span> <span class='ocrx_word' id='word_1_472' title='bbox 1247 3354 1275 3417; x_wconf 78' lang='lat' dir='ltr'>ei</span> <span class='ocrx_word' id='word_1_473' title='bbox 1305 3374 1322 3416; x_wconf 90' lang='lat' dir='ltr'>e</span> <span class='ocrx_word' id='word_1_474' title='bbox 1353 3366 1440 3417; x_wconf 76' lang='lat' dir='ltr'>terre</span> <span class='ocrx_word' id='word_1_475' title='bbox 1463 3359 1676 3432; x_wconf 77' lang='lat' dir='ltr'>emergerent,</span> <span class='ocrx_word' id='word_1_476' title='bbox 1708 3342 1979 3427; x_wconf 92' lang='lat' dir='ltr'>quemadmodum</span> <span class='ocrx_word' id='word_1_477' title='bbox 2003 3344 2031 3407; x_wconf 92' lang='lat' dir='ltr'>si</span> <span class='ocrx_word' id='word_1_478' title='bbox 2058 3343 2151 3424; x_wconf 89' lang='lat' dir='ltr'>pium</span> 
     </span>
     <span class='ocr_line' id='line_1_36' title="bbox 160 3424 2152 3516; baseline -0.005 -17"><span class='ocrx_word' id='word_1_479' title='bbox 160 3444 274 3488; x_wconf 74' lang='grc'><strong>000000</strong></span> <span class='ocrx_word' id='word_1_480' title='bbox 295 3443 389 3499; x_wconf 75' lang='grc'><strong>0008.</strong></span> <span class='ocrx_word' id='word_1_481' title='bbox 421 3425 480 3489; x_wconf 65' lang='grc'><strong>8100</strong></span> <span class='ocrx_word' id='word_1_482' title='bbox 503 3436 571 3504; x_wconf 72' lang='grc'><strong>888,</strong></span> <span class='ocrx_word' id='word_1_483' title='bbox 602 3425 704 3488; x_wconf 66' lang='grc'><strong>08880</strong></span> <span class='ocrx_word' id='word_1_484' title='bbox 727 3425 832 3508; x_wconf 70' lang='grc' dir='ltr'><strong>088ἕ88</strong></span> <span class='ocrx_word' id='word_1_485' title='bbox 854 3424 894 3489; x_wconf 78' lang='grc'>88</span> <span class='ocrx_word' id='word_1_486' title='bbox 917 3426 1129 3507; x_wconf 64' lang='lat' dir='ltr'>pugnandum</span> <span class='ocrx_word' id='word_1_487' title='bbox 1182 3451 1215 3505; x_wconf 90' lang='lat' dir='ltr'>et</span> <span class='ocrx_word' id='word_1_488' title='bbox 1237 3439 1404 3503; x_wconf 85' lang='lat' dir='ltr'>cordatum</span> <span class='ocrx_word' id='word_1_489' title='bbox 1432 3437 1566 3502; x_wconf 89' lang='lat' dir='ltr'>suscitet</span> <span class='ocrx_word' id='word_1_490' title='bbox 1593 3432 1785 3516; x_wconf 88' lang='lat' dir='ltr'>principem,</span> <span class='ocrx_word' id='word_1_491' title='bbox 1815 3439 1929 3494; x_wconf 89' lang='lat' dir='ltr'>sancta</span> <span class='ocrx_word' id='word_1_492' title='bbox 1951 3440 1983 3492; x_wconf 92' lang='lat' dir='ltr'>et</span> <span class='ocrx_word' id='word_1_493' title='bbox 2005 3429 2152 3511; x_wconf 86' lang='lat' dir='ltr'>legitima</span> 
     </span>
     <span class='ocr_line' id='line_1_37' title="bbox 160 3509 2151 3609; baseline -0.006 -21"><span class='ocrx_word' id='word_1_494' title='bbox 160 3510 261 3573; x_wconf 71' lang='grc'><strong>888888</strong></span> <span class='ocrx_word' id='word_1_495' title='bbox 278 3511 420 3589; x_wconf 64' lang='grc'><strong>8800808,</strong></span> <span class='ocrx_word' id='word_1_496' title='bbox 438 3529 534 3591; x_wconf 62' lang='lat' dir='ltr'>(luam</span> <span class='ocrx_word' id='word_1_497' title='bbox 555 3512 581 3574; x_wconf 75' lang='grc'>88</span> <span class='ocrx_word' id='word_1_498' title='bbox 600 3509 736 3573; x_wconf 71' lang='grc'><strong>8888888</strong></span> <span class='ocrx_word' id='word_1_499' title='bbox 755 3522 787 3572; x_wconf 78' lang='grc'>88</span> <span class='ocrx_word' id='word_1_500' title='bbox 805 3521 975 3575; x_wconf 72' lang='grc'><strong>8880888808</strong></span> <span class='ocrx_word' id='word_1_501' title='bbox 992 3512 1131 3576; x_wconf 69' lang='grc'><strong>88888800</strong></span> <span class='ocrx_word' id='word_1_502' title='bbox 1182 3547 1265 3609; x_wconf 85' lang='lat' dir='ltr'>qnae</span> <span class='ocrx_word' id='word_1_503' title='bbox 1289 3525 1412 3607; x_wconf 85' lang='lat' dir='ltr'>vigebit</span> <span class='ocrx_word' id='word_1_504' title='bbox 1426 3522 1628 3606; x_wconf 84' lang='lat' dir='ltr'>gubernatio,</span> <span class='ocrx_word' id='word_1_505' title='bbox 1651 3516 1805 3582; x_wconf 92' lang='lat' dir='ltr'>iudicium</span> <span class='ocrx_word' id='word_1_506' title='bbox 1824 3514 1887 3579; x_wconf 92' lang='lat' dir='ltr'>Dei</span> <span class='ocrx_word' id='word_1_507' title='bbox 1906 3515 1981 3579; x_wconf 88' lang='lat' dir='ltr'>erit:</span> <span class='ocrx_word' id='word_1_508' title='bbox 2004 3514 2061 3578; x_wconf 92' lang='lat' dir='ltr'>sed</span> <span class='ocrx_word' id='word_1_509' title='bbox 2087 3535 2151 3577; x_wconf 93' lang='lat' dir='ltr'>non</span> 
     </span>
     <span class='ocr_line' id='line_1_38' title="bbox 161 3593 2152 3692; baseline -0.007 -16"><span class='ocrx_word' id='word_1_510' title='bbox 161 3615 273 3659; x_wconf 76' lang='grc'><strong>808800</strong></span> <span class='ocrx_word' id='word_1_511' title='bbox 296 3616 423 3659; x_wconf 76' lang='grc'><strong>088088·</strong></span> <span class='ocrx_word' id='word_1_512' title='bbox 458 3593 597 3660; x_wconf 60' lang='lat' dir='ltr'><strong>summa</strong></span> <span class='ocrx_word' id='word_1_513' title='bbox 620 3611 678 3667; x_wconf 67' lang='grc'>888</span> <span class='ocrx_word' id='word_1_514' title='bbox 703 3595 788 3659; x_wconf 72' lang='grc'><strong>88888</strong></span> <span class='ocrx_word' id='word_1_515' title='bbox 810 3597 926 3677; x_wconf 71' lang='grc'><strong>088888</strong></span> <span class='ocrx_word' id='word_1_516' title='bbox 945 3596 1128 3679; x_wconf 61' lang='grc'><strong>81088800·</strong></span> <span class='ocrx_word' id='word_1_517' title='bbox 1182 3611 1345 3675; x_wconf 88' lang='lat' dir='ltr'>videbitur</span> <span class='ocrx_word' id='word_1_518' title='bbox 1364 3611 1459 3692; x_wconf 90' lang='lat' dir='ltr'>pleno</span> <span class='ocrx_word' id='word_1_519' title='bbox 1479 3610 1605 3691; x_wconf 84' lang='lat' dir='ltr'>fulgore</span> <span class='ocrx_word' id='word_1_520' title='bbox 1624 3627 1641 3668; x_wconf 92' lang='lat' dir='ltr'>e</span> <span class='ocrx_word' id='word_1_521' title='bbox 1660 3603 1862 3669; x_wconf 90' lang='lat' dir='ltr'>coelisoriri.</span> <span class='ocrx_word' id='word_1_522' title='bbox 1894 3601 1980 3680; x_wconf 76' lang='lat' dir='ltr'>Quia</span> <span class='ocrx_word' id='word_1_523' title='bbox 2001 3621 2080 3684; x_wconf 88' lang='lat' dir='ltr'>ergo</span> <span class='ocrx_word' id='word_1_524' title='bbox 2103 3601 2152 3662; x_wconf 93' lang='lat' dir='ltr'>in·</span> 
     </span>
     <span class='ocr_line' id='line_1_39' title="bbox 161 3680 2152 3777; baseline -0.007 -16"><span class='ocrx_word' id='word_1_525' title='bbox 161 3697 215 3745; x_wconf 73' lang='grc'>888</span> <span class='ocrx_word' id='word_1_526' title='bbox 244 3682 342 3745; x_wconf 70' lang='grc'><strong>888888</strong></span> <span class='ocrx_word' id='word_1_527' title='bbox 373 3694 559 3762; x_wconf 68' lang='grc'><strong>8808808888·</strong></span> <span class='ocrx_word' id='word_1_528' title='bbox 611 3681 736 3745; x_wconf 70' lang='grc'><strong>8808888</strong></span> <span class='ocrx_word' id='word_1_529' title='bbox 766 3682 907 3762; x_wconf 71' lang='grc'><strong>88888088</strong></span> <span class='ocrx_word' id='word_1_530' title='bbox 936 3680 1021 3762; x_wconf 81' lang='grc'><strong>(1808</strong></span> <span class='ocrx_word' id='word_1_531' title='bbox 1052 3682 1130 3747; x_wconf 69' lang='grc'><strong>88080</strong></span> <span class='ocrx_word' id='word_1_532' title='bbox 1182 3697 1314 3761; x_wconf 90' lang='lat' dir='ltr'>solitum</span> <span class='ocrx_word' id='word_1_533' title='bbox 1343 3698 1403 3760; x_wconf 85' lang='lat' dir='ltr'>luit</span> <span class='ocrx_word' id='word_1_534' title='bbox 1431 3696 1492 3761; x_wconf 93' lang='lat' dir='ltr'>hoc</span> <span class='ocrx_word' id='word_1_535' title='bbox 1516 3715 1620 3777; x_wconf 87' lang='lat' dir='ltr'>genus</span> <span class='ocrx_word' id='word_1_536' title='bbox 1643 3690 1766 3765; x_wconf 89' lang='lat' dir='ltr'>auxilii,</span> <span class='ocrx_word' id='word_1_537' title='bbox 1798 3687 1952 3770; x_wconf 88' lang='lat' dir='ltr'>peculiari</span> <span class='ocrx_word' id='word_1_538' title='bbox 1974 3684 2080 3767; x_wconf 85' lang='lat' dir='ltr'>elogio</span> <span class='ocrx_word' id='word_1_539' title='bbox 2103 3686 2152 3747; x_wconf 93' lang='lat' dir='ltr'>in·</span> 
     </span>
     <span class='ocr_line' id='line_1_40' title="bbox 160 3766 2153 3865; baseline -0.005 -22"><span class='ocrx_word' id='word_1_540' title='bbox 160 3767 310 3831; x_wconf 68' lang='grc'><strong>0808008888</strong></span> <span class='ocrx_word' id='word_1_541' title='bbox 332 3787 473 3831; x_wconf 57' lang='lat' dir='ltr'><strong><em>smmum</em></strong></span> <span class='ocrx_word' id='word_1_542' title='bbox 495 3787 596 3844; x_wconf 68' lang='grc'><strong>88800,</strong></span> <span class='ocrx_word' id='word_1_543' title='bbox 618 3766 679 3831; x_wconf 76' lang='grc'>800</span> <span class='ocrx_word' id='word_1_544' title='bbox 702 3781 759 3841; x_wconf 67' lang='grc'><strong>888.</strong></span> <span class='ocrx_word' id='word_1_545' title='bbox 783 3787 885 3849; x_wconf 72' lang='lat' dir='ltr'><strong>quum</strong></span> <span class='ocrx_word' id='word_1_546' title='bbox 908 3769 997 3849; x_wconf 72' lang='grc'><strong>08888</strong></span> <span class='ocrx_word' id='word_1_547' title='bbox 1020 3780 1130 3832; x_wconf 76' lang='grc'><strong>888808</strong></span> <span class='ocrx_word' id='word_1_548' title='bbox 1182 3785 1331 3865; x_wconf 87' lang='lat' dir='ltr'>signitur.</span> <span class='ocrx_word' id='word_1_549' title='bbox 1385 3783 1460 3846; x_wconf 89' lang='lat' dir='ltr'>Huc</span> <span class='ocrx_word' id='word_1_550' title='bbox 1489 3781 1587 3845; x_wconf 90' lang='lat' dir='ltr'>etiam</span> <span class='ocrx_word' id='word_1_551' title='bbox 1619 3780 1759 3860; x_wconf 88' lang='lat' dir='ltr'>pertinet</span> <span class='ocrx_word' id='word_1_552' title='bbox 1788 3774 1946 3838; x_wconf 78' lang='lat' dir='ltr'>Auditus:</span> <span class='ocrx_word' id='word_1_553' title='bbox 1975 3773 2051 3853; x_wconf 88' lang='lat' dir='ltr'>quia</span> <span class='ocrx_word' id='word_1_554' title='bbox 2080 3771 2153 3854; x_wconf 92' lang='lat' dir='ltr'>plus</span> 
     </span>
     <span class='ocr_line' id='line_1_41' title="bbox 160 3853 2152 3946; baseline 0.002 -30"><span class='ocrx_word' id='word_1_555' title='bbox 160 3853 284 3916; x_wconf 87' lang='lat' dir='ltr'>alacres</span> <span class='ocrx_word' id='word_1_556' title='bbox 306 3864 339 3916; x_wconf 89' lang='lat' dir='ltr'>et</span> <span class='ocrx_word' id='word_1_557' title='bbox 360 3854 504 3926; x_wconf 90' lang='lat' dir='ltr'>strenui,</span> <span class='ocrx_word' id='word_1_558' title='bbox 534 3854 665 3935; x_wconf 84' lang='lat' dir='ltr'>ignavia</span> <span class='ocrx_word' id='word_1_559' title='bbox 695 3867 727 3916; x_wconf 94' lang='lat' dir='ltr'>et</span> <span class='ocrx_word' id='word_1_560' title='bbox 757 3862 886 3935; x_wconf 83' lang='lat' dir='ltr'>torpore</span> <span class='ocrx_word' id='word_1_561' title='bbox 917 3854 1015 3917; x_wconf 87' lang='lat' dir='ltr'>fuisse</span> <span class='ocrx_word' id='word_1_562' title='bbox 1038 3854 1129 3934; x_wconf 87' lang='lat' dir='ltr'>quasi</span> <span class='ocrx_word' id='word_1_563' title='bbox 1182 3883 1231 3933; x_wconf 88' lang='lat' dir='ltr'>est</span> <span class='ocrx_word' id='word_1_564' title='bbox 1264 3868 1351 3932; x_wconf 67' lang='lat' dir='ltr'>erere</span> <span class='ocrx_word' id='word_1_565' title='bbox 1392 3888 1545 3932; x_wconf 65' lang='lat' dir='ltr'>resonare</span> <span class='ocrx_word' id='word_1_566' title='bbox 1579 3879 1734 3946; x_wconf 72' lang='lat' dir='ltr'>oeeqeem</span> <span class='ocrx_word' id='word_1_567' title='bbox 1766 3857 1896 3942; x_wconf 84' lang='lat' dir='ltr'>aliquod</span> <span class='ocrx_word' id='word_1_568' title='bbox 1929 3860 2053 3921; x_wconf 89' lang='lat' dir='ltr'>tonitru</span> <span class='ocrx_word' id='word_1_569' title='bbox 2089 3855 2152 3919; x_wconf 90' lang='lat' dir='ltr'>Dei</span> 
     </span>
     <span class='ocr_line' id='line_1_42' title="bbox 160 3936 2151 4034; baseline 0.003 -33"><span class='ocrx_word' id='word_1_570' title='bbox 160 3939 291 4018; x_wconf 86' lang='lat' dir='ltr'>sopitos.</span> <span class='ocrx_word' id='word_1_571' title='bbox 336 3936 500 4019; x_wconf 87' lang='lat' dir='ltr'>Spoliatos</span> <span class='ocrx_word' id='word_1_572' title='bbox 523 3960 600 4020; x_wconf 90' lang='lat' dir='ltr'>ergo</span> <span class='ocrx_word' id='word_1_573' title='bbox 624 3938 703 4001; x_wconf 87' lang='lat' dir='ltr'>dicit</span> <span class='ocrx_word' id='word_1_574' title='bbox 731 3936 832 4002; x_wconf 85' lang='lat' dir='ltr'>fuisse</span> <span class='ocrx_word' id='word_1_575' title='bbox 859 3937 969 4002; x_wconf 88' lang='lat' dir='ltr'>hostes</span> <span class='ocrx_word' id='word_1_576' title='bbox 1000 3938 1130 4003; x_wconf 87' lang='lat' dir='ltr'>heroica</span> <span class='ocrx_word' id='word_1_577' title='bbox 1182 3953 1315 4030; x_wconf 64' lang='lat' dir='ltr'>iudicia,</span> <span class='ocrx_word' id='word_1_578' title='bbox 1348 3967 1381 4017; x_wconf 78' lang='lat' dir='ltr'>ee</span> <span class='ocrx_word' id='word_1_579' title='bbox 1410 3975 1469 4018; x_wconf 62' lang='lat' dir='ltr'>see</span> <span class='ocrx_word' id='word_1_580' title='bbox 1500 3955 1628 4034; x_wconf 79' lang='lat' dir='ltr'>fregere</span> <span class='ocrx_word' id='word_1_581' title='bbox 1658 3948 1804 4013; x_wconf 86' lang='lat' dir='ltr'>emnium</span> <span class='ocrx_word' id='word_1_582' title='bbox 1835 3965 1931 4009; x_wconf 87' lang='lat' dir='ltr'>aures</span> <span class='ocrx_word' id='word_1_583' title='bbox 1964 3941 2151 4024; x_wconf 88' lang='lat' dir='ltr'>percellere,</span> 
     </span>
     <span class='ocr_line' id='line_1_43' title="bbox 159 4022 2150 4120; baseline -0.008 -16"><span class='ocrx_word' id='word_1_584' title='bbox 159 4023 216 4086; x_wconf 73' lang='grc'>888</span> <span class='ocrx_word' id='word_1_585' title='bbox 240 4024 361 4086; x_wconf 70' lang='grc'><strong>8808888</strong></span> <span class='ocrx_word' id='word_1_586' title='bbox 384 4044 480 4105; x_wconf 77' lang='grc'><strong>88880</strong></span> <span class='ocrx_word' id='word_1_587' title='bbox 511 4023 670 4101; x_wconf 70' lang='grc'><strong>88800888.</strong></span> <span class='ocrx_word' id='word_1_588' title='bbox 699 4033 731 4087; x_wconf 78' lang='grc'>88</span> <span class='ocrx_word' id='word_1_589' title='bbox 759 4044 843 4104; x_wconf 88' lang='lat' dir='ltr'>quae</span> <span class='ocrx_word' id='word_1_590' title='bbox 873 4036 1001 4086; x_wconf 75' lang='grc'><strong>8808008</strong></span> <span class='ocrx_word' id='word_1_591' title='bbox 1032 4022 1130 4088; x_wconf 80' lang='grc'><strong>80808</strong></span> <span class='ocrx_word' id='word_1_592' title='bbox 1182 4061 1279 4120; x_wconf 85' lang='lat' dir='ltr'>quam</span> <span class='ocrx_word' id='word_1_593' title='bbox 1307 4039 1334 4103; x_wconf 92' lang='lat' dir='ltr'>si</span> <span class='ocrx_word' id='word_1_594' title='bbox 1357 4040 1459 4103; x_wconf 92' lang='lat' dir='ltr'>oculis</span> <span class='ocrx_word' id='word_1_595' title='bbox 1482 4046 1702 4101; x_wconf 85' lang='lat' dir='ltr'>cernerentur.</span> <span class='ocrx_word' id='word_1_596' title='bbox 1748 4033 1815 4096; x_wconf 91' lang='lat' dir='ltr'>Nec</span> <span class='ocrx_word' id='word_1_597' title='bbox 1838 4051 1915 4094; x_wconf 87' lang='lat' dir='ltr'>vero</span> <span class='ocrx_word' id='word_1_598' title='bbox 1938 4027 2049 4091; x_wconf 92' lang='lat' dir='ltr'>dubito</span> <span class='ocrx_word' id='word_1_599' title='bbox 2072 4028 2150 4110; x_wconf 90' lang='lat' dir='ltr'>quin</span> 
     </span>
     <span class='ocr_line' id='line_1_44' title="bbox 160 4107 2152 4198; baseline -0.005 -15"><span class='ocrx_word' id='word_1_600' title='bbox 160 4107 1128 4191; x_wconf 60' lang='grc'><strong>00880800.0000010001008.0008800008008000008.</strong></span> <span class='ocrx_word' id='word_1_601' title='bbox 1182 4126 1221 4188; x_wconf 87' lang='lat' dir='ltr'>ad</span> <span class='ocrx_word' id='word_1_602' title='bbox 1263 4126 1508 4190; x_wconf 89' lang='lat' dir='ltr'>concussionem</span> <span class='ocrx_word' id='word_1_603' title='bbox 1550 4122 1638 4185; x_wconf 86' lang='lat' dir='ltr'>illam</span> <span class='ocrx_word' id='word_1_604' title='bbox 1673 4119 1820 4183; x_wconf 90' lang='lat' dir='ltr'>alluserit</span> <span class='ocrx_word' id='word_1_605' title='bbox 1851 4115 2027 4198; x_wconf 88' lang='lat' dir='ltr'>propheta,</span> <span class='ocrx_word' id='word_1_606' title='bbox 2068 4133 2152 4194; x_wconf 88' lang='lat' dir='ltr'>quae</span> 
     </span>
     <span class='ocr_line' id='line_1_45' title="bbox 161 4192 2151 4282; baseline -0.006 -9"><span class='ocrx_word' id='word_1_607' title='bbox 161 4213 266 4273; x_wconf 75' lang='grc'><strong>08088</strong></span> <span class='ocrx_word' id='word_1_608' title='bbox 288 4192 433 4276; x_wconf 73' lang='grc'><strong>8880800</strong></span> <span class='ocrx_word' id='word_1_609' title='bbox 456 4207 565 4275; x_wconf 75' lang='grc'><strong>080888</strong></span> <span class='ocrx_word' id='word_1_610' title='bbox 587 4196 727 4258; x_wconf 70' lang='grc'><strong>08888000</strong></span> <span class='ocrx_word' id='word_1_611' title='bbox 752 4215 848 4258; x_wconf 78' lang='grc'><strong>88800</strong></span> <span class='ocrx_word' id='word_1_612' title='bbox 868 4195 1013 4259; x_wconf 71' lang='grc'><strong>88080808·</strong></span> <span class='ocrx_word' id='word_1_613' title='bbox 1048 4195 1128 4275; x_wconf 70' lang='lat' dir='ltr'>Qui·</span> <span class='ocrx_word' id='word_1_614' title='bbox 1183 4212 1330 4275; x_wconf 90' lang='lat' dir='ltr'>homines</span> <span class='ocrx_word' id='word_1_615' title='bbox 1361 4224 1450 4274; x_wconf 91' lang='lat' dir='ltr'>metu</span> <span class='ocrx_word' id='word_1_616' title='bbox 1478 4209 1630 4272; x_wconf 82' lang='lat' dir='ltr'>attonitos</span> <span class='ocrx_word' id='word_1_617' title='bbox 1655 4205 1769 4271; x_wconf 86' lang='lat' dir='ltr'>reddit.</span> <span class='ocrx_word' id='word_1_618' title='bbox 1814 4202 1898 4267; x_wconf 87' lang='lat' dir='ltr'>Nam</span> <span class='ocrx_word' id='word_1_619' title='bbox 1922 4201 2004 4282; x_wconf 91' lang='lat' dir='ltr'>quod</span> <span class='ocrx_word' id='word_1_620' title='bbox 2030 4213 2151 4262; x_wconf 86' lang='lat' dir='ltr'>terram</span> 
     </span>
     <span class='ocr_line' id='line_1_46' title="bbox 161 4277 2153 4379; baseline -0.007 -19"><span class='ocrx_word' id='word_1_621' title='bbox 161 4277 221 4343; x_wconf 83' lang='grc'>888</span> <span class='ocrx_word' id='word_1_622' title='bbox 242 4279 352 4343; x_wconf 71' lang='grc'><strong>888888</strong></span> <span class='ocrx_word' id='word_1_623' title='bbox 375 4278 527 4342; x_wconf 70' lang='grc'><strong>88888888</strong></span> <span class='ocrx_word' id='word_1_624' title='bbox 549 4284 582 4342; x_wconf 71' lang='lat' dir='ltr'>ln</span> <span class='ocrx_word' id='word_1_625' title='bbox 606 4301 705 4343; x_wconf 77' lang='grc'><strong>08808</strong></span> <span class='ocrx_word' id='word_1_626' title='bbox 725 4280 788 4343; x_wconf 66' lang='lat' dir='ltr'>Del</span> <span class='ocrx_word' id='word_1_627' title='bbox 810 4301 880 4343; x_wconf 89' lang='grc'><strong>8888</strong></span> <span class='ocrx_word' id='word_1_628' title='bbox 903 4280 1058 4362; x_wconf 92' lang='lat' dir='ltr'>quidquid</span> <span class='ocrx_word' id='word_1_629' title='bbox 1082 4282 1128 4345; x_wconf 69' lang='grc'>88·</span> <span class='ocrx_word' id='word_1_630' title='bbox 1181 4298 1343 4379; x_wconf 89' lang='lat' dir='ltr'>quievisse</span> <span class='ocrx_word' id='word_1_631' title='bbox 1362 4295 1448 4372; x_wconf 91' lang='lat' dir='ltr'>dicit,</span> <span class='ocrx_word' id='word_1_632' title='bbox 1471 4295 1510 4357; x_wconf 87' lang='lat' dir='ltr'>ad</span> <span class='ocrx_word' id='word_1_633' title='bbox 1530 4295 1646 4375; x_wconf 92' lang='lat' dir='ltr'>impios</span> <span class='ocrx_word' id='word_1_634' title='bbox 1666 4290 1794 4374; x_wconf 88' lang='lat' dir='ltr'>proprie</span> <span class='ocrx_word' id='word_1_635' title='bbox 1810 4290 1958 4359; x_wconf 84' lang='lat' dir='ltr'>refertur,</span> <span class='ocrx_word' id='word_1_636' title='bbox 1978 4285 2035 4367; x_wconf 92' lang='lat' dir='ltr'>qui</span> <span class='ocrx_word' id='word_1_637' title='bbox 2050 4304 2153 4365; x_wconf 84' lang='lat' dir='ltr'>expa-</span> 
     </span>
     <span class='ocr_line' id='line_1_47' title="bbox 161 4364 2153 4464; baseline 0.003 -34"><span class='ocrx_word' id='word_1_638' title='bbox 161 4364 292 4430; x_wconf 88' lang='lat' dir='ltr'>oultatis</span> <span class='ocrx_word' id='word_1_639' title='bbox 319 4374 492 4445; x_wconf 87' lang='lat' dir='ltr'>suppetere</span> <span class='ocrx_word' id='word_1_640' title='bbox 524 4366 653 4428; x_wconf 89' lang='lat' dir='ltr'>videtur</span> <span class='ocrx_word' id='word_1_641' title='bbox 683 4366 884 4439; x_wconf 90' lang='lat' dir='ltr'>hominibus,</span> <span class='ocrx_word' id='word_1_642' title='bbox 922 4380 959 4427; x_wconf 91' lang='lat' dir='ltr'>ut</span> <span class='ocrx_word' id='word_1_643' title='bbox 991 4367 1129 4448; x_wconf 85' lang='lat' dir='ltr'>singulis</span> <span class='ocrx_word' id='word_1_644' title='bbox 1181 4383 1299 4447; x_wconf 73' lang='lat' dir='ltr'>vefeeti</span> <span class='ocrx_word' id='word_1_645' title='bbox 1312 4381 1453 4464; x_wconf 79' lang='lat' dir='ltr'>pelmem</span> <span class='ocrx_word' id='word_1_646' title='bbox 1467 4378 1538 4443; x_wconf 85' lang='lat' dir='ltr'>Dee</span> <span class='ocrx_word' id='word_1_647' title='bbox 1550 4379 1741 4452; x_wconf 69' lang='lat' dir='ltr'>eeneedenq</span> <span class='ocrx_word' id='word_1_648' title='bbox 1756 4396 1861 4457; x_wconf 88' lang='lat' dir='ltr'>neque</span> <span class='ocrx_word' id='word_1_649' title='bbox 1873 4371 1995 4437; x_wconf 88' lang='lat' dir='ltr'>audent</span> <span class='ocrx_word' id='word_1_650' title='bbox 2007 4370 2153 4450; x_wconf 80' lang='lat' dir='ltr'>amplius</span> 
     </span>
     <span class='ocr_line' id='line_1_48' title="bbox 161 4449 2154 4545; baseline -0.008 -13"><span class='ocrx_word' id='word_1_651' title='bbox 161 4450 336 4513; x_wconf 70' lang='grc'><strong>8088088888</strong></span> <span class='ocrx_word' id='word_1_652' title='bbox 366 4470 463 4533; x_wconf 64' lang='lat' dir='ltr'>&lt;luam</span> <span class='ocrx_word' id='word_1_653' title='bbox 495 4449 582 4513; x_wconf 86' lang='lat' dir='ltr'>dedit</span> <span class='ocrx_word' id='word_1_654' title='bbox 620 4451 825 4532; x_wconf 73' lang='grc'><strong>8088808888</strong></span> <span class='ocrx_word' id='word_1_655' title='bbox 862 4452 985 4532; x_wconf 89' lang='lat' dir='ltr'>eripere</span> <span class='ocrx_word' id='word_1_656' title='bbox 1023 4464 1129 4533; x_wconf 65' lang='grc'><strong>(18888,</strong></span> <span class='ocrx_word' id='word_1_657' title='bbox 1181 4489 1240 4531; x_wconf 94' lang='lat' dir='ltr'>suo</span> <span class='ocrx_word' id='word_1_658' title='bbox 1259 4490 1347 4531; x_wconf 89' lang='lat' dir='ltr'>more</span> <span class='ocrx_word' id='word_1_659' title='bbox 1365 4466 1565 4530; x_wconf 89' lang='lat' dir='ltr'>tumultuari.</span> <span class='ocrx_word' id='word_1_660' title='bbox 1600 4464 1686 4545; x_wconf 82' lang='lat' dir='ltr'>Quia</span> <span class='ocrx_word' id='word_1_661' title='bbox 1706 4459 2154 4544; x_wconf 83' lang='lat' dir='ltr'>ergosolometuooguntur</span> 
     </span>
     <span class='ocr_line' id='line_1_49' title="bbox 162 4535 2151 4629; baseline -0.003 -18"><span class='ocrx_word' id='word_1_662' title='bbox 162 4535 261 4599; x_wconf 71' lang='grc'><strong>00080</strong></span> <span class='ocrx_word' id='word_1_663' title='bbox 284 4535 489 4612; x_wconf 63' lang='grc'><strong>8880080800,</strong></span> <span class='ocrx_word' id='word_1_664' title='bbox 518 4556 634 4598; x_wconf 70' lang='grc'><strong>000008</strong></span> <span class='ocrx_word' id='word_1_665' title='bbox 658 4535 792 4599; x_wconf 70' lang='grc'><strong>8888800</strong></span> <span class='ocrx_word' id='word_1_666' title='bbox 815 4536 976 4615; x_wconf 65' lang='lat' dir='ltr'>imbelles,</span> <span class='ocrx_word' id='word_1_667' title='bbox 1007 4547 1128 4600; x_wconf 74' lang='grc'><strong>008800·</strong></span> <span class='ocrx_word' id='word_1_668' title='bbox 1181 4555 1215 4617; x_wconf 91' lang='lat' dir='ltr'>in</span> <span class='ocrx_word' id='word_1_669' title='bbox 1238 4554 1393 4629; x_wconf 90' lang='lat' dir='ltr'>ordinem,</span> <span class='ocrx_word' id='word_1_670' title='bbox 1423 4554 1538 4616; x_wconf 91' lang='lat' dir='ltr'>merito</span> <span class='ocrx_word' id='word_1_671' title='bbox 1560 4550 1683 4614; x_wconf 89' lang='lat' dir='ltr'>silentii</span> <span class='ocrx_word' id='word_1_672' title='bbox 1705 4567 1835 4612; x_wconf 88' lang='lat' dir='ltr'>causam</span> <span class='ocrx_word' id='word_1_673' title='bbox 1871 4545 2018 4608; x_wconf 88' lang='lat' dir='ltr'>timorem</span> <span class='ocrx_word' id='word_1_674' title='bbox 2042 4541 2151 4623; x_wconf 91' lang='lat' dir='ltr'>ponit:</span> 
     </span>
     <span class='ocr_line' id='line_1_50' title="bbox 163 4620 2153 4722; baseline -0.004 -38"><span class='ocrx_word' id='word_1_675' title='bbox 163 4642 225 4702; x_wconf 89' lang='lat' dir='ltr'>que</span> <span class='ocrx_word' id='word_1_676' title='bbox 254 4620 352 4684; x_wconf 88' lang='lat' dir='ltr'>robur</span> <span class='ocrx_word' id='word_1_677' title='bbox 380 4631 558 4685; x_wconf 88' lang='lat' dir='ltr'>conterere.</span> <span class='ocrx_word' id='word_1_678' title='bbox 611 4620 660 4684; x_wconf 87' lang='lat' dir='ltr'>Ao</span> <span class='ocrx_word' id='word_1_679' title='bbox 689 4620 838 4685; x_wconf 92' lang='lat' dir='ltr'>consulto</span> <span class='ocrx_word' id='word_1_680' title='bbox 867 4622 1035 4685; x_wconf 85' lang='lat' dir='ltr'>extollitur</span> <span class='ocrx_word' id='word_1_681' title='bbox 1064 4637 1128 4685; x_wconf 87' lang='lat' dir='ltr'>tarn</span> <span class='ocrx_word' id='word_1_682' title='bbox 1182 4661 1248 4702; x_wconf 73' lang='lat' dir='ltr'>non</span> <span class='ocrx_word' id='word_1_683' title='bbox 1279 4640 1355 4722; x_wconf 62' lang='lat' dir='ltr'>quia</span> <span class='ocrx_word' id='word_1_684' title='bbox 1384 4649 1500 4718; x_wconf 60' lang='lat' dir='ltr'>sponte</span> <span class='ocrx_word' id='word_1_685' title='bbox 1522 4658 1556 4702; x_wconf 64' lang='lat'>30</span> <span class='ocrx_word' id='word_1_686' title='bbox 1579 4637 1776 4709; x_wconf 48' lang='lat' dir='ltr'>emineant,</span> <span class='ocrx_word' id='word_1_687' title='bbox 1808 4631 1863 4697; x_wconf 64' lang='lat' dir='ltr'>sed</span> <span class='ocrx_word' id='word_1_688' title='bbox 1887 4630 1964 4713; x_wconf 67' lang='lat' dir='ltr'>quia</span> <span class='ocrx_word' id='word_1_689' title='bbox 1985 4627 2078 4693; x_wconf 61' lang='lat' dir='ltr'>Deus</span> <span class='ocrx_word' id='word_1_690' title='bbox 2101 4630 2153 4691; x_wconf 74' lang='lat' dir='ltr'>in.</span> 
     </span>
     <span class='ocr_line' id='line_1_51' title="bbox 164 4706 2154 4805; baseline 0.003 -35"><span class='ocrx_word' id='word_1_691' title='bbox 164 4707 354 4771; x_wconf 79' lang='lat' dir='ltr'>animositas</span> <span class='ocrx_word' id='word_1_692' title='bbox 368 4727 465 4787; x_wconf 91' lang='lat' dir='ltr'>quam</span> <span class='ocrx_word' id='word_1_693' title='bbox 485 4706 629 4788; x_wconf 90' lang='lat' dir='ltr'>potentia</span> <span class='ocrx_word' id='word_1_694' title='bbox 649 4706 801 4783; x_wconf 89' lang='lat' dir='ltr'>hostium,</span> <span class='ocrx_word' id='word_1_695' title='bbox 820 4717 857 4769; x_wconf 89' lang='lat' dir='ltr'>ut</span> <span class='ocrx_word' id='word_1_696' title='bbox 876 4707 1002 4772; x_wconf 87' lang='lat' dir='ltr'>discant</span> <span class='ocrx_word' id='word_1_697' title='bbox 1018 4708 1130 4773; x_wconf 82' lang='lat' dir='ltr'>fideles</span> <span class='ocrx_word' id='word_1_698' title='bbox 1182 4727 1268 4788; x_wconf 59' lang='lat' dir='ltr'>vires</span> <span class='ocrx_word' id='word_1_699' title='bbox 1290 4723 1493 4805; x_wconf 72' lang='lat' dir='ltr'>eeneeringje,</span> <span class='ocrx_word' id='word_1_700' title='bbox 1540 4720 1677 4786; x_wconf 78' lang='lat' dir='ltr'>Summe</span> <span class='ocrx_word' id='word_1_701' title='bbox 1699 4730 1758 4801; x_wconf 75' lang='lat' dir='ltr'>eet,</span> <span class='ocrx_word' id='word_1_702' title='bbox 1789 4719 1844 4782; x_wconf 87' lang='lat' dir='ltr'>nbi</span> <span class='ocrx_word' id='word_1_703' title='bbox 1868 4716 2000 4797; x_wconf 80' lang='lat' dir='ltr'>detonat</span> <span class='ocrx_word' id='word_1_704' title='bbox 2023 4736 2041 4778; x_wconf 89' lang='lat' dir='ltr'>c</span> <span class='ocrx_word' id='word_1_705' title='bbox 2063 4715 2154 4779; x_wconf 89' lang='lat' dir='ltr'>coelo</span> 
     </span>
     <span class='ocr_line' id='line_1_52' title="bbox 164 4792 2156 4889; baseline -0.005 -17"><span class='ocrx_word' id='word_1_706' title='bbox 164 4812 204 4855; x_wconf 74' lang='lat'>⁰¹</span> <span class='ocrx_word' id='word_1_707' title='bbox 227 4793 376 4873; x_wconf 72' lang='grc'><strong>08808888</strong></span> <span class='ocrx_word' id='word_1_708' title='bbox 405 4792 554 4856; x_wconf 69' lang='grc'><strong>88808888</strong></span> <span class='ocrx_word' id='word_1_709' title='bbox 577 4793 639 4854; x_wconf 66' lang='grc'>988</span> <span class='ocrx_word' id='word_1_710' title='bbox 670 4793 833 4856; x_wconf 73' lang='grc'><strong>88888888·</strong></span> <span class='ocrx_word' id='word_1_711' title='bbox 879 4794 1025 4856; x_wconf 65' lang='lat' dir='ltr'>Eandem</span> <span class='ocrx_word' id='word_1_712' title='bbox 1056 4815 1128 4858; x_wconf 87' lang='grc'><strong>880·</strong></span> <span class='ocrx_word' id='word_1_713' title='bbox 1183 4810 1282 4884; x_wconf 85' lang='lat' dir='ltr'>Deus,</span> <span class='ocrx_word' id='word_1_714' title='bbox 1312 4830 1438 4872; x_wconf 87' lang='lat' dir='ltr'>cessare</span> <span class='ocrx_word' id='word_1_715' title='bbox 1461 4808 1619 4872; x_wconf 88' lang='lat' dir='ltr'>tumultus</span> <span class='ocrx_word' id='word_1_716' title='bbox 1642 4827 1723 4889; x_wconf 89' lang='lat' dir='ltr'>quos</span> <span class='ocrx_word' id='word_1_717' title='bbox 1744 4803 1840 4869; x_wconf 89' lang='lat' dir='ltr'>rebus</span> <span class='ocrx_word' id='word_1_718' title='bbox 1863 4802 2006 4868; x_wconf 83' lang='lat' dir='ltr'>confusis</span> <span class='ocrx_word' id='word_1_719' title='bbox 2029 4802 2156 4865; x_wconf 87' lang='lat' dir='ltr'>excitat</span> 
     </span>
     <span class='ocr_line' id='line_1_53' title="bbox 103 4878 2154 4979; baseline -0 -28"><span class='ocrx_word' id='word_1_720' title='bbox 103 4937 113 4951; x_wconf 84' lang='lat'>.</span> <span class='ocrx_word' id='word_1_721' title='bbox 164 4878 639 4953; x_wconf 65' lang='grc'><strong>00008001000808000600000,</strong></span> <span class='ocrx_word' id='word_1_722' title='bbox 663 4878 1131 4959; x_wconf 63' lang='lat' dir='ltr'>d100¹182801³ll⁰³f1⁴l⁸⁸⁶⁶ur·</span> <span class='ocrx_word' id='word_1_723' title='bbox 1182 4897 1355 4979; x_wconf 90' lang='lat' dir='ltr'>impiorum</span> <span class='ocrx_word' id='word_1_724' title='bbox 1386 4896 1558 4976; x_wconf 87' lang='lat' dir='ltr'>protervia.</span> <span class='ocrx_word' id='word_1_725' title='bbox 1612 4893 1718 4957; x_wconf 84' lang='lat' dir='ltr'>Simul</span> <span class='ocrx_word' id='word_1_726' title='bbox 1749 4907 1858 4954; x_wconf 86' lang='lat' dir='ltr'>tamen</span> <span class='ocrx_word' id='word_1_727' title='bbox 1887 4887 2041 4952; x_wconf 87' lang='lat' dir='ltr'>admonet</span> <span class='ocrx_word' id='word_1_728' title='bbox 2073 4887 2154 4969; x_wconf 93' lang='lat' dir='ltr'>quid</span> 
     </span>
    </p>
   </div>
   <div class='ocr_carea' id='block_1_3' title="bbox 164 4962 2154 5130">
    <p class='ocr_par' dir='ltr' id='par_1_5' title="bbox 164 4962 2154 5130">
     <span class='ocr_line' id='line_1_54' title="bbox 164 4962 2154 5063; baseline -0.002 -22"><span class='ocrx_word' id='word_1_729' title='bbox 164 4983 236 5061; x_wconf 68' lang='grc'><strong>8880</strong></span> <span class='ocrx_word' id='word_1_730' title='bbox 265 4967 299 5061; x_wconf 42' lang='lat' dir='ltr'>el·</span> <span class='ocrx_word' id='word_1_731' title='bbox 319 4982 431 5061; x_wconf 64' lang='grc'><strong>888800</strong></span> <span class='ocrx_word' id='word_1_732' title='bbox 458 4962 496 5061; x_wconf 71' lang='grc'>88</span> <span class='ocrx_word' id='word_1_733' title='bbox 526 4963 735 5062; x_wconf 59' lang='grc'><strong>000889088008</strong></span> <span class='ocrx_word' id='word_1_734' title='bbox 754 4962 842 5061; x_wconf 33' lang='lat' dir='ltr'>&#39;Del&#39;</span> <span class='ocrx_word' id='word_1_735' title='bbox 875 4984 912 5027; x_wconf 87' lang='grc'>80</span> <span class='ocrx_word' id='word_1_736' title='bbox 941 4965 968 5026; x_wconf 71' lang='grc'>88</span> <span class='ocrx_word' id='word_1_737' title='bbox 999 4965 1129 5062; x_wconf 59' lang='grc'><strong>8808008,</strong></span> <span class='ocrx_word' id='word_1_738' title='bbox 1183 4982 1353 5063; x_wconf 82' lang='lat' dir='ltr'>proficiunt</span> <span class='ocrx_word' id='word_1_739' title='bbox 1380 5001 1441 5044; x_wconf 87' lang='lat' dir='ltr'>sua</span> <span class='ocrx_word' id='word_1_740' title='bbox 1464 4979 1641 5061; x_wconf 87' lang='lat' dir='ltr'>pervicacia</span> <span class='ocrx_word' id='word_1_741' title='bbox 1667 4979 1832 5042; x_wconf 88' lang='lat' dir='ltr'>homines:</span> <span class='ocrx_word' id='word_1_742' title='bbox 1863 4977 1939 5057; x_wconf 90' lang='lat' dir='ltr'>quia</span> <span class='ocrx_word' id='word_1_743' title='bbox 1959 4974 2154 5038; x_wconf 87' lang='lat' dir='ltr'>fulminibus</span> 
     </span>
     <span class='ocr_line' id='line_1_55' title="bbox 166 5046 1364 5130; baseline 0.006 -19"><span class='ocrx_word' id='word_1_744' title='bbox 166 5046 324 5130; x_wconf 85' lang='lat' dir='ltr'>qurdqurd</span> <span class='ocrx_word' id='word_1_745' title='bbox 347 5048 503 5129; x_wconf 76' lang='lat' dir='ltr'>agilitatis</span> <span class='ocrx_word' id='word_1_746' title='bbox 526 5061 595 5112; x_wconf 88' lang='lat' dir='ltr'>erat</span> <span class='ocrx_word' id='word_1_747' title='bbox 617 5071 651 5112; x_wconf 90' lang='grc' dir='ltr'>ιιι</span> <span class='ocrx_word' id='word_1_748' title='bbox 676 5049 839 5123; x_wconf 80' lang='lat' dir='ltr'>hostibus,</span> <span class='ocrx_word' id='word_1_749' title='bbox 870 5050 938 5112; x_wconf 93' lang='lat' dir='ltr'>solo</span> <span class='ocrx_word' id='word_1_750' title='bbox 963 5048 1026 5112; x_wconf 85' lang='lat' dir='ltr'>Der</span> <span class='ocrx_word' id='word_1_751' title='bbox 1049 5064 1129 5115; x_wconf 91' lang='lat' dir='ltr'>nutu</span> <span class='ocrx_word' id='word_1_752' title='bbox 1185 5112 1364 5118; x_wconf 63' lang='lat'>—-</span> 
     </span>
    </p>
   </div>
   <div class='ocr_carea' id='block_1_4' title="bbox 165 5133 2155 5304">
    <p class='ocr_par' dir='ltr' id='par_1_6' title="bbox 165 5133 2155 5304">
     <span class='ocr_line' id='line_1_56' title="bbox 166 5133 2155 5236; baseline 0.001 -22"><span class='ocrx_word' id='word_1_753' title='bbox 166 5134 264 5230; x_wconf 60' lang='grc'><strong>888888</strong></span> <span class='ocrx_word' id='word_1_754' title='bbox 287 5133 456 5232; x_wconf 61' lang='lat' dir='ltr'>delectum:</span> <span class='ocrx_word' id='word_1_755' title='bbox 501 5134 589 5233; x_wconf 74' lang='lat' dir='ltr'>Ergo</span> <span class='ocrx_word' id='word_1_756' title='bbox 612 5147 648 5198; x_wconf 67' lang='grc'>88</span> <span class='ocrx_word' id='word_1_757' title='bbox 678 5155 738 5233; x_wconf 68' lang='grc'>808</span> <span class='ocrx_word' id='word_1_758' title='bbox 766 5135 876 5232; x_wconf 59' lang='grc'><strong>088888</strong></span> <span class='ocrx_word' id='word_1_759' title='bbox 902 5134 1047 5199; x_wconf 67' lang='grc'><strong>88888888</strong></span> <span class='ocrx_word' id='word_1_760' title='bbox 1077 5135 1130 5199; x_wconf 69' lang='lat' dir='ltr'>de·</span> <span class='ocrx_word' id='word_1_761' title='bbox 1270 5168 1296 5235; x_wconf 77' lang='lat'>*)</span> <span class='ocrx_word' id='word_1_762' title='bbox 1314 5173 1463 5236; x_wconf 84' lang='lat' dir='ltr'>apportent</span> <span class='ocrx_word' id='word_1_763' title='bbox 1480 5167 1547 5220; x_wconf 83' lang='lat' dir='ltr'>done</span> <span class='ocrx_word' id='word_1_764' title='bbox 1565 5185 1599 5219; x_wconf 86' lang='lat' dir='ltr'>au</span> <span class='ocrx_word' id='word_1_765' title='bbox 1617 5165 1748 5231; x_wconf 82' lang='lat' dir='ltr'>Terrible,</span> <span class='ocrx_word' id='word_1_766' title='bbox 1767 5181 1916 5234; x_wconf 80' lang='lat' dir='ltr'>mmarqe:</span> <span class='ocrx_word' id='word_1_767' title='bbox 1935 5179 1969 5217; x_wconf 88' lang='lat' dir='ltr'>on</span> <span class='ocrx_word' id='word_1_768' title='bbox 1988 5162 2004 5214; x_wconf 81' lang='lat' dir='ltr'>ri</span> <span class='ocrx_word' id='word_1_769' title='bbox 2021 5179 2101 5216; x_wconf 85' lang='lat' dir='ltr'>cause</span> <span class='ocrx_word' id='word_1_770' title='bbox 2119 5163 2155 5216; x_wconf 87' lang='lat' dir='ltr'>de</span> 
     </span>
     <span class='ocr_line' id='line_1_57' title="bbox 165 5217 1340 5304; baseline 0.005 -21"><span class='ocrx_word' id='word_1_771' title='bbox 165 5229 320 5298; x_wconf 82' lang='lat' dir='ltr'>stituant,</span> <span class='ocrx_word' id='word_1_772' title='bbox 350 5220 491 5284; x_wconf 86' lang='lat' dir='ltr'>sulficrat</span> <span class='ocrx_word' id='word_1_773' title='bbox 514 5220 607 5284; x_wconf 88' lang='lat' dir='ltr'>nobrs</span> <span class='ocrx_word' id='word_1_774' title='bbox 631 5241 745 5284; x_wconf 80' lang='lat' dir='ltr'>unicus</span> <span class='ocrx_word' id='word_1_775' title='bbox 768 5217 831 5282; x_wconf 85' lang='lat' dir='ltr'>Der</span> <span class='ocrx_word' id='word_1_776' title='bbox 863 5221 970 5297; x_wconf 85' lang='lat' dir='ltr'>lavor,</span> <span class='ocrx_word' id='word_1_777' title='bbox 1001 5220 1130 5303; x_wconf 91' lang='lat' dir='ltr'>quando</span> <span class='ocrx_word' id='word_1_778' title='bbox 1182 5237 1340 5304; x_wconf 74' lang='lat' dir='ltr'>letroyenr.</span> 
     </span>
    </p>
   </div>
   <div class='ocr_carea' id='block_1_5' title="bbox 0 0 2334 5856">
    <p class='ocr_par' dir='ltr' id='par_1_7' title="bbox 0 0 2334 5856">
     <span class='ocr_line' id='line_1_58' title="bbox 0 0 2334 5856; baseline 0 0"><span class='ocrx_word' id='word_1_779' title='bbox 0 0 2334 5856; x_wconf 95' lang='lat' dir='ltr'> </span> 
     </span>
    </p>
   </div>
  </div>
 </body>
</html>
