4658 5856
178 319 239 384 741
951 315 1167 384 PSALIIUS
1190 312 1389 383 LXXVIII.
2104 322 2168 390 742

175 516 332 572 tesseram
355 505 502 586 dederat,
537 505 594 571 illa
616 506 740 586 ablata,
773 528 808 573 ee
830 527 957 589 qnoque
979 505 1144 571 discedere
1195 526 1298 588 usquc
1321 506 1362 570 ad
1384 507 1521 589 triginta
1544 507 1660 585 millia,
1685 510 1713 573 1.
1737 507 1826 574 Sam.
1848 511 1878 584 4,
1904 511 1944 576 10
1968 531 2030 574 non
2055 522 2164 575 autem

175 602 315 657 testatus
343 603 402 658 est.
448 591 536 672 Quia
565 607 672 659 autem
703 595 738 658 in
766 592 861 659 Siloh
895 593 1051 657 diuturna
1080 592 1143 656 suit
1195 591 1353 656 incendio.
1391 591 1456 657 Sed
1481 593 1539 659 hoc
1562 593 1656 659 modo
1679 595 1729 659 vis
1753 598 1923 678 repentina
1945 594 1985 660 ad
2005 608 2162 661 terrorem

175 679 271 744 static
294 699 396 753 arcae,
418 676 547 761 illicque
569 693 662 762 capta
681 677 989 754 luitePhilistinis,
1010 679 1038 742 1.
1053 675 1141 743 Sam.
1194 678 1406 759 exprimitur:
1441 698 1478 743 ac
1507 680 1535 743 si
1565 679 1700 763 diceret,
1729 681 1793 745 cito
1823 681 1922 746 fuisse
1951 694 2096 756 voratos,
2127 693 2164 748 ut

174 764 210 843 4,
241 765 279 828 ll
312 776 447 830 vocatur
481 764 637 830 habitatio
670 766 772 849 ipsius
799 765 871 829 Dei.
928 763 995 828 Sed
1029 762 1142 828 modus
1166 782 1168 827 1
1192 763 1325 827 flamma
1346 763 1453 828 solent
1471 764 1675 847 quisquiliae.
1711 763 2162 850 Stragemhancaliafigura

174 850 344 914 habitandi
372 851 467 931 paulo
491 861 563 932 post
584 851 752 936 eleganter
779 851 989 934 exprimitur:
1026 870 1142 931 nempe
1165 842 1168 917 l
1192 849 1379 926 confirmat,
1408 849 1491 932 quod
1516 850 1659 915 virorum
1683 853 1819 934 penuria
1837 853 1982 936 virgines
2004 854 2162 936 innuptae

173 935 250 1018 quia
281 934 478 1001 domicilium
516 936 613 1001 luerit
649 940 736 1001 inter
769 937 928 1002 homines.
982 934 1141 1015 Quamvis
1164 920 1168 995 l
1193 935 1384 999 manserint.
1419 936 1507 1000 Dicit
1531 937 1618 1000 enim
1641 957 1701 1001 iton
1721 938 1822 1019 [uisse
1843 939 2000 1011 laudatos,
2024 940 2107 1021 quod
2127 939 2161 1003 in

174 1022 261 1086 enim
286 1020 532 1103 impleatDeus
557 1022 681 1087 eoelum
706 1035 896 1100 strenam,
926 1023 1000 1103 qnia
1030 1032 1139 1085 tamen
1193 1021 1317 1102 nuptiis
1340 1019 1552 1102 epithalamia
1581 1044 1696 1086 canere
1726 1023 1879 1088 solerent.
1925 1023 2160 1109 indignitatem

173 1106 213 1170 ad
245 1107 437 1171 immensam
473 1107 676 1173 altitudinem
712 1129 776 1173 non
810 1109 1042 1190 pertingimus,
1081 1128 1140 1170 sua
1191 1118 1307 1188 auget,
1330 1105 1414 1189 quod
1436 1108 1609 1173 sacerdotes
1629 1108 1717 1191 ipsi,
1740 1130 1819 1191 quos
1840 1108 1933 1175 Dens
1957 1111 2162 1191 peculiariter

172 1194 295 1257 virtute
317 1210 349 1257 et
371 1193 476 1277 gratia
500 1192 541 1256 ad
564 1215 622 1258 nos
645 1194 857 1271 descendens,
880 1193 986 1276 quoad
1008 1191 1140 1275 expedit
1163 1184 1166 1223 ³
1191 1191 1224 1253 in
1247 1213 1342 1255 sunm
1366 1192 1582 1276 patrocinium
1607 1206 1781 1276 receperat,
1802 1196 1984 1276 promiscuo
1999 1216 2073 1260 cnm
2089 1196 2161 1260 aliis

171 1291 204 1341 et
223 1276 373 1343 modulus
391 1292 502 1343 noster
520 1279 604 1343 serre
623 1291 737 1362 potest,
759 1281 973 1362 propinquum
993 1301 1027 1344 sc
1046 1278 1138 1342 nobis
1162 1240 1166 1363 l
1191 1277 1355 1358 perierint.
1401 1276 1497 1358 Quod
1526 1279 1640 1344 viduos
1667 1280 1787 1344 luxisse
1815 1286 1922 1363 ceput,
1953 1282 1998 1344 ita
2027 1281 2158 1365 accipio,

171 1364 257 1428 facit.
303 1365 364 1428 Est
386 1376 493 1428 autem
517 1364 612 1430 valde
634 1367 816 1448 emphatica
844 1365 998 1447 loquacia,
1031 1365 1136 1429 Deum
1161 1368 1166 1523 f
1190 1361 1241 1425 vel
1257 1373 1332 1427 anto
1347 1373 1475 1446 tempus
1494 1385 1638 1429 moerore
1655 1364 1755 1430 fuisse
1774 1367 1965 1430 exstinctas:
1989 1366 2041 1430 vel
2060 1387 2159 1450 quum

170 1450 333 1514 continuis
361 1450 473 1532 populi
503 1450 679 1515 sceleribus
701 1453 746 1514 ita
769 1452 870 1517 fuisse
892 1452 1068 1524 offensum,
1101 1465 1138 1513 ut
1190 1446 1347 1513 abductae
1380 1458 1489 1514 essent
1522 1448 1562 1513 ab
1594 1449 1759 1527 hostibus,
1793 1450 1973 1534 prohibitas
2006 1451 2106 1517 fuisse
2140 1473 2160 1518 a

171 1533 276 1599 locum
299 1556 394 1617 quem
419 1556 520 1599 unum
544 1536 577 1600 in
601 1537 696 1602 terris
726 1537 904 1621 delegerat,
935 1550 1065 1600 coactus
1095 1537 1137 1600 sit
1161 1530 1163 1589 l
1190 1532 1289 1598 luctu.
1333 1534 1397 1598 His
1420 1547 1527 1599 autem
1553 1535 1659 1600 verbis
1682 1538 1715 1599 in
1739 1557 1868 1600 summa
1897 1536 2011 1602 docere
2041 1536 2157 1614 voluit,

170 1619 328 1685 doserere.
373 1621 529 1686 Proximo
552 1643 649 1687 versu
673 1621 758 1688 idem
789 1623 1008 1705 prosequitur:
1042 1621 1138 1686 robur
1160 1598 1163 1707 l
1188 1618 1270 1682 nihil
1293 1619 1457 1685 residuum
1488 1622 1587 1685 fuisse
1617 1622 1656 1686 ad
1683 1635 1863 1686 extremam
1893 1623 2051 1687 malorum
2081 1645 2158 1689 con·

169 1704 232 1770 Dei
254 1727 315 1787 quo
337 1707 473 1789 protecti
497 1729 533 1773 ac
556 1707 681 1773 defensi
703 1709 837 1774 fuerant
858 1707 1037 1787 Israelitae,
1064 1713 1136 1772 tunc
1159 1716 1162 1753 l
1187 1704 1319 1787 goriam.

166 1790 267 1871 fuisse
288 1794 461 1872 captivum:
484 1814 547 1856 non
567 1794 650 1876 quod
670 1794 803 1878 alligata
822 1794 928 1858 virtus
947 1794 1017 1858 eius
1036 1794 1135 1856 fuerit
1272 1790 1324 1856 65.
1354 1788 1410 1877 (Et
1441 1792 1670 1875 cepeyefnctns
1701 1792 1768 1879 est.)
1830 1792 1972 1873 Quidam
2015 1795 2076 1859 hoc
2117 1792 2157 1860 do

168 1878 262 1960 signo
285 1889 436 1954 externo,
467 1878 523 1942 sed
546 1891 706 1962 quatenus
728 1891 824 1945 antea
846 1901 881 1944 se
904 1878 1052 1944 hostibus
1076 1900 1133 1961 op·
1187 1874 1345 1941 Israelitis
1368 1877 1490 1940 dictum
1514 1898 1583 1942 esse
1605 1879 1739 1942 volunt:
1772 1877 1827 1943 alii
1851 1879 1890 1943 de
1913 1901 2023 1944 eorum
2056 1881 2156 1945 hosti-

167 1977 334 2046 posuerat,
364 1968 501 2046 gratiam
533 1986 597 2046 qna
620 1975 745 2030 tutatus
767 1980 838 2029 erat
859 1966 1025 2047 populum,
1056 1985 1133 2047 quo·
1186 1960 1257 2025 bus.
1313 1960 1350 2028 Si
1383 1961 1524 2027 arrideat
1557 1967 1646 2046 prior
1678 1984 1810 2045 sensus,
1840 1987 1904 2030 non
1939 1967 2058 2030 mirum
2092 1967 2156 2030 erit

168 2047 341 2113 dammodo
371 2051 531 2130 captivam
555 2071 624 2114 esse
648 2052 759 2115 voluit.
806 2051 917 2134 Neque
940 2061 1049 2114 tamen
1075 2050 1133 2115 hoc
1185 2044 1353 2112 Israelitas
1376 2049 1482 2112 vocari
1498 2048 1562 2114 Dei
1579 2049 1785 2130 aduersarios,
1806 2050 1901 2115 sicuti
1916 2051 2000 2133 apud
2018 2051 2154 2117 lesaiam

166 2134 308 2198 refertur
336 2138 376 2197 ad
407 2134 613 2213 Philistinos,
648 2137 740 2219 quasi
769 2137 839 2202 Deo
869 2137 963 2220 potiti
992 2138 1131 2201 fuerint:
1186 2153 1255 2214 cup.
1281 2135 1308 2211 1,
1334 2155 1415 2198 vers.
1438 2133 1493 2198 24:
1529 2135 1637 2211 Heus,
1671 2156 1731 2220 ego
1754 2157 1806 2200 me
1829 2136 1868 2200 de
1897 2136 2043 2202 hostibus
2073 2138 2155 2203 meis

166 2218 222 2283 sed
245 2218 402 2305 intelligit
423 2220 614 2304 simpliciter
637 2222 794 2305 propheta
811 2224 964 2306 spoliatos
986 2233 1019 2286 et
1035 2221 1134 2286 nuda·
1186 2217 1333 2283 ulciscar.
1393 2217 1518 2285 Sensus
1557 2231 1665 2284 autem
1703 2221 1782 2301 orit,
1819 2242 1937 2306 magno
1970 2223 2154 2289 constitisse

166 2314 216 2369 tos
239 2304 338 2369 fuisse
359 2306 525 2371 Israelitas
543 2306 605 2371 Dei
626 2309 798 2390 praesidio,
821 2320 916 2391 atque
938 2308 985 2371 ita
1003 2309 1133 2373 venisse
1186 2301 1354 2383 Israelitis,
1375 2305 1457 2386 quod
1475 2328 1517 2368 ex
1529 2305 1591 2369 Dei
1611 2307 1767 2387 patientia
1782 2306 1855 2389 plus
1875 2309 2024 2373 licentiae
2042 2330 2153 2392 sump-

166 2391 200 2454 in
229 2390 370 2455 hostium
400 2400 608 2474 potestatem:
644 2416 707 2458 non
737 2415 829 2459 secus
860 2415 896 2458 ac
929 2393 1009 2457 duce
1039 2406 1133 2476 capto
1186 2402 1313 2454 serant:
1343 2391 1420 2472 quia
1442 2402 1575 2471 repente
1598 2393 1854 2476 expergefactus,
1883 2395 2006 2457 maiore
2028 2394 2152 2475 impetu

164 2477 358 2560 profligatur
379 2479 550 2544 exereitus,
580 2479 725 2544 Vocatur
747 2480 844 2543 otiam
868 2499 943 2545 area
956 2479 1134 2560 pulcritudo
1187 2476 1219 2538 in
1242 2496 1296 2540 eos
1318 2477 1424 2540 irruit.
1461 2475 1525 2542 Sed
1548 2477 1625 2559 quia
1647 2477 1820 2559 prophetas
1842 2478 1989 2543 videmus
2005 2501 2045 2543 ex
2062 2480 2154 2544 Mose

166 2562 246 2626 Dei:
278 2564 355 2644 quia
383 2584 482 2644 quum
514 2584 571 2645 per
600 2585 635 2631 se
656 2575 743 2630 esset
771 2564 958 2647 invisibilis,
993 2564 1131 2629 formam
1186 2558 1318 2624 haurire
1341 2582 1432 2626 suom
1464 2561 1661 2639 doctrinam,
1693 2563 1790 2628 verba
1818 2566 1915 2628 etiam
1944 2565 2083 2629 formare
2112 2564 2163 2629 ad·

165 2646 255 2712 illam
277 2647 439 2724 induerat,
463 2648 516 2713 vel
538 2649 704 2732 speculum
727 2650 806 2714 illud
829 2660 989 2716 statuerat
1011 2651 1044 2713 in
1068 2672 1131 2734 quo
1185 2645 1266 2710 illud
1297 2647 1479 2729 exemplar,
1517 2669 1582 2711 nou
1611 2650 1720 2712 miuus
1749 2648 1924 2732 probabilis
1953 2658 2003 2715 est
2039 2671 2151 2714 eorum

163 2742 274 2816 posset
302 2734 453 2816 conspici.
498 2733 694 2818 Quanquam
724 2748 832 2801 antem
861 2735 945 2801 dura
967 2747 1017 2800 est
1039 2757 1076 2801 ao
1097 2736 1131 2801 in
1186 2733 1295 2814 opinio
1329 2734 1384 2815 qni
1417 2732 1457 2796 de
1480 2733 1666 2797 Philistinis
1698 2736 1878 2816 accipiunt:
1912 2735 1988 2818 quia
2021 2735 2152 2800 videtur

165 2820 304 2901 speciem
326 2819 467 2884 absurda
484 2820 671 2902 hyperbole,
689 2822 789 2886 robur
804 2821 868 2887 Dei
885 2821 983 2887 fuisse
1001 2832 1131 2904 captum
1185 2817 1273 2882 hunc
1295 2817 1442 2882 ordinem
1465 2840 1506 2882 ex
1530 2819 1630 2884 Mosis
1653 2818 1787 2886 Cantico
1809 2819 1908 2885 Dent.
1932 2819 1989 2897 32,
2013 2821 2053 2885 27
2081 2843 2153 2885 mu·

164 2905 407 2981 aPhilistinis,
437 2907 584 2971 consulto
613 2919 720 2972 tamen
751 2907 856 2991 posita
885 2918 934 2972 est
960 2907 1000 2970 ad
1027 2908 1131 2974 scelus
1185 2912 1295 2968 tuctus
1317 2905 1476 2988 propheta
1498 2914 1617 2980 noster,
1641 2904 1801 2970 ubiDeus
1824 2906 1958 2971 nonita
1980 2927 2154 2990 sepoenas

163 2990 277 3075 populi
306 2990 563 3075 aggravandum.
608 2992 693 3057 Nam
722 3014 822 3075 quum
851 2993 974 3059 brachii
1002 2994 1052 3057 sui
1075 3015 1131 3076 po·
1184 2990 1316 3072 exigere
1339 2986 1379 3053 de
1401 2989 1519 3071 populo
1542 3010 1600 3054 suo
1623 2993 1820 3071 pronuntiat,
1844 2993 1920 3073 quin
1940 3012 2052 3056 rursus
2067 3013 2154 3057 com·

164 3077 300 3142 tentiam
328 3076 368 3141 ad
391 3077 545 3160 populum
574 3078 753 3143 iuvandum
785 3079 957 3162 magnifiee
985 3080 1131 3160 proferre
1184 3084 1295 3155 pesnat
1323 3074 1433 3139 hostes
1464 3095 1547 3139 suos.
1600 3075 1683 3139 Nam
1714 3078 1788 3158 quia
1818 3076 1946 3158 vulgari
1983 3078 2153 3158 proverbio

163 3163 279 3230 solitus
307 3174 401 3239 esset,
431 3163 635 3246 gravissimis
664 3163 840 3230 sceleribus
868 3165 1028 3228 offensum
1059 3176 1132 3230 esse
1184 3161 1304 3242 fertur,
1335 3161 1474 3225 incertos
1496 3180 1566 3225 esse
1588 3159 1748 3225 bellorum
1770 3162 1892 3226 exitus:
1926 3163 1953 3226 si
1981 3162 2072 3228 nulla
2102 3184 2154 3228 se·

163 3249 315 3331 oportuit,
339 3269 438 3331 quum
457 3269 571 3331 passus
589 3261 674 3314 esset
694 3249 877 3333 symbolum
900 3248 981 3313 illud
1001 3250 1132 3315 virtutis
1184 3255 1286 3328 quuta
1308 3246 1423 3309 fuisset
1444 3246 1600 3329 mutatio,
1631 3256 1757 3328 poteret
1780 3246 1859 3312 haec
1880 3269 1985 3330 poene
2006 3269 2077 3313 esse
2099 3249 2152 3313 ob·

164 3355 241 3400 suae
271 3333 431 3398 violenter
461 3355 479 3398 a
509 3333 653 3416 profanis
686 3336 837 3419 gentibus
867 3336 981 3418 abripi.
1034 3333 1131 3414 Quod
1184 3331 1318 3396 scurior.
1355 3330 1419 3396 Ubi
1441 3343 1549 3396 autem
1572 3332 1703 3398 afflictis
1719 3331 1878 3398 Israelitis
1900 3335 2040 3399 victores
2061 3333 2153 3398 Dens

164 3433 272 3485 autem
306 3421 347 3483 de
380 3418 474 3484 Siloh
508 3419 561 3484 hic
594 3421 742 3497 refertur,
777 3420 933 3486 Ieremias
960 3421 989 3497 l,
1020 3421 1061 3485 12
1090 3421 1131 3485 ad
1184 3417 1254 3482 sine
1277 3417 1443 3481 hominum
1467 3437 1585 3496 manu,
1607 3429 1736 3500 praeter
1758 3439 1849 3501 spem
1871 3418 1995 3497 mundi,
2018 3428 2052 3484 et
2073 3439 2152 3485 con-

164 3527 278 3570 omnes
302 3516 448 3589 spectare
470 3505 562 3573 docet
584 3507 637 3589 qui
664 3526 746 3571 vano
768 3508 970 3590 praesentiae
990 3506 1054 3570 Dei
1075 3507 1131 3571 ob·
1184 3513 1311 3567 suetum
1335 3524 1430 3567 usum
1454 3502 1651 3587 aggreditur,
1672 3503 1748 3570 hino
1771 3505 1887 3570 melius
1902 3516 2045 3587 apparet,
2070 3526 2152 3569 non·

163 3603 257 3657 tentu
286 3591 446 3656 fallaciter
475 3593 683 3676 superbiunt:
719 3592 770 3657 Ite
795 3593 827 3656 in
854 3590 923 3657 Silo
953 3593 1068 3674 inquit,
1098 3603 1130 3657 et
1184 3589 1247 3652 nisi
1277 3588 1436 3653 divinitus
1465 3599 1643 3670 prostratos
1671 3590 1771 3655 fuisse
1799 3589 1977 3656 Israelites.
2021 3589 2154 3655 Interea

163 3677 272 3743 videte
293 3689 435 3759 quantae
456 3676 656 3758 ignominiae
678 3679 883 3742 damnaverit
906 3678 996 3743 Deus
1024 3679 1129 3742 locum
1184 3673 1337 3738 admonet
1351 3673 1448 3739 simul
1460 3675 1823 3758 prophetaneceseitete
1837 3676 2153 3758 compulsumfuisse

162 3764 267 3843 illum,
290 3763 344 3828 ubi
364 3763 441 3826 olim
465 3762 667 3845 resplenduit
689 3766 758 3828 eius
781 3766 942 3828 maiestas.
987 3763 1131 3846 Ideoque
1186 3760 1291 3824 Deum
1314 3758 1353 3823 nd
1377 3758 1569 3824 sumendam
1592 3758 1755 3826 duriorem
1779 3762 2031 3844 poenamzquia
2046 3761 2151 3827 Phili·

162 3849 227 3914 nisi
250 3851 384 3924 sincere,
407 3868 471 3931 qna
494 3847 585 3913 decet
607 3850 788 3914 reverentia
811 3850 914 3913 Deum
939 3851 1129 3933 excipimus,
1183 3845 1284 3909 etinos
1307 3844 1423 3908 deindo
1445 3846 1625 3928 castigans,
1653 3845 1765 3911 foedus
1788 3868 1903 3929 suum,
1932 3848 2024 3911 cuius
2046 3846 2151 3912 videri

162 3935 240 3999 dum
264 3934 469 3998 familiariter
490 3934 529 3997 ad
554 3956 612 3999 nos
634 3934 767 4009 accedit,
799 3935 977 3998 timendum
1009 3947 1057 4000 est
1090 3957 1130 3999 ne
1183 3930 1302 3995 oblitus
1324 3942 1461 4013 poterat,
1485 3931 1649 4012 praeclare
1667 3934 1813 3998 assernit.
1846 3931 2043 4015 Quanquam
2062 3932 2149 3996 enim

165 4020 251 4084 idem
281 4020 374 4083 nobis
402 4019 485 4101 quod
510 4017 636 4084 Siloitis
665 4021 841 4104 contingat.
886 4019 960 4100 Quo
987 4021 1132 4103 putidior
1184 4015 1419 4098 quodammodo
1448 4038 1482 4081 se
1505 4015 1688 4082 Philistinis
1718 4018 1759 4082 ad
1790 4029 1918 4101 tempus
1947 4017 2151 4095 adiunxerat,

164 4118 215 4171 est
237 4127 340 4189 papae
363 4114 395 4169 et
417 4126 547 4168 suornm
571 4105 736 4178 iactantia,
758 4107 813 4187 qui
832 4126 998 4170 romanam
1022 4107 1129 4172 sedem
1184 4103 1287 4167 noluit
1310 4114 1419 4167 tamen
1442 4122 1576 4184 prorsus
1604 4122 1747 4167 amorem
1776 4104 1915 4168 abiicere
1945 4124 2024 4185 erga
2046 4102 2151 4169 Abra·

164 4191 227 4256 hoc
249 4191 317 4255 solo
342 4191 437 4254 titulo
460 4190 620 4254 extollunt
643 4193 718 4273 qnia
739 4192 864 4256 Romae
886 4192 964 4255 olim
987 4193 1132 4256 floruerit
1184 4188 1245 4251 hae
1275 4186 1374 4266 lilios,
1414 4209 1454 4251 ne
1483 4187 1577 4251 irrita
1606 4197 1691 4252 esset
1719 4190 1789 4253 eius
1819 4189 1909 4254 fides.
1961 4187 2151 4255 Similitudo

165 4276 308 4343 ecclesia.
353 4275 456 4356 Quasi
482 4296 557 4339 vero
579 4275 742 4350 Christus,
767 4279 821 4358 qui
847 4299 959 4340 verum
982 4289 1032 4342 est
1065 4277 1130 4342 dei·
1184 4272 1265 4336 ebrii
1290 4273 1447 4352 hominis,
1469 4274 1619 4356 quamvis
1641 4274 1794 4356 asperior,
1817 4295 1882 4338 non
1905 4275 1963 4340 abs
1985 4295 2021 4339 re
2044 4289 2151 4338 tamen

165 4365 241 4428 tatis
262 4362 430 4444 templum,
453 4381 519 4425 non
541 4361 640 4425 fuerit
660 4377 757 4426 natus
776 4366 808 4424 in
829 4363 1032 4437 Bethlehem,
1056 4363 1130 4429 edn-
1185 4361 1288 4440 posita
1310 4367 1374 4434 est,
1403 4359 1478 4441 quia
1500 4359 1759 4425 accommodatur
1781 4359 1822 4425 ad
1844 4360 1952 4443 populi
1975 4372 2151 4441 stuporem.

165 4461 257 4514 cetus
278 4448 314 4511 in
337 4448 518 4511 Nazareth:
547 4448 639 4528 quasi
661 4448 692 4511 in
717 4448 925 4529 Oapernanm
948 4460 981 4510 et
1003 4448 1131 4513 Ierusa-
1184 4444 1269 4508 Nam
1291 4446 1318 4508 si
1342 4466 1422 4526 pura
1444 4445 1556 4509 fuisset
1578 4465 1615 4511 ec
1638 4445 1801 4511 defaecata
1825 4456 1943 4522 mente,
1967 4467 2032 4510 non
2055 4446 2100 4509 ita
2116 4467 2151 4511 se

164 4534 229 4600 lem
257 4554 322 4597 uon
353 4533 564 4615 habitaverit,
599 4545 631 4597 et
660 4535 870 4598 concionatus
899 4534 959 4597 eit:
994 4555 1131 4615 quarum
1186 4528 1449 4595 transformasset
1488 4529 1595 4606 Deus,
1636 4551 1741 4613 neque
1780 4532 1974 4614 sumpsisset
2013 4531 2150 4595 alienam

164 4621 295 4686 urbium
320 4620 453 4683 vastitas
477 4616 631 4683 horribile
653 4630 703 4682 est
723 4619 791 4682 irae
813 4618 878 4683 Dei
901 4621 1074 4684 theatrum.
1184 4636 1367 4698 personam.
1412 4617 1497 4680 Eum
1527 4637 1605 4700 ergo
1634 4617 1740 4700 coegit
1768 4617 1878 4699 populi
1908 4615 2060 4690 ebrietas,
2091 4617 2150 4682 hcc

252 4704 304 4770 62.
327 4704 476 4789 (ineest
503 4705 537 4768 iu
562 4702 730 4790 gladium.)
776 4703 867 4768 Alias
897 4705 997 4769 clodis
1024 4714 1132 4787 partes
1185 4713 1233 4765 est
1263 4700 1424 4780 socordia,
1457 4712 1495 4765 ut
1520 4722 1556 4765 se
1580 4702 1704 4765 homini
1736 4700 1823 4766 ebrio
1853 4702 2029 4767 conferret:
2064 4700 2151 4784 quod

166 4812 249 4875 quae
271 4805 401 4871 accepta
424 4790 484 4854 fuit
505 4789 566 4853 snb
588 4789 753 4854 sacerdote
775 4789 867 4866 Heli,
891 4800 1131 4857 commemorat.
1185 4787 1263 4869 ipsis
1286 4786 1380 4851 valde
1403 4784 1587 4869 pudendum
1612 4788 1680 4851 fuit.
1715 4786 1810 4867 Qnod
1829 4787 1870 4851 nd
1888 4786 1995 4851 Deum
2015 4800 2150 4870 spectat,

166 4881 272 4943 Arcas
295 4875 437 4940 discessu
460 4873 605 4939 ostendit
626 4875 718 4939 Deus
740 4876 932 4941 subductam
954 4896 1024 4940 esse
1040 4897 1130 4940 suam
1184 4871 1268 4935 nihil
1291 4873 1362 4936 eins
1383 4872 1504 4954 gloriae
1533 4872 1666 4954 derogat
1695 4873 1884 4938 similitudo.
1931 4871 2071 4937 Videtur
2098 4893 2150 4937 so·

166 4964 304 5047 gratiam
334 4959 503 5043 apopulo
548 4960 586 5023 Id
615 4961 712 5023 etiam
742 4961 857 5024 effectu
890 4959 1131 5044 comprobatum
1185 4958 1273 5040 pitus
1302 4978 1387 5030 esso,
1419 4959 1480 5022 nisi
1510 4971 1635 5021 mature
1666 4956 1845 5021 remedium
1873 4957 2026 5022 adhibeat
2056 4959 2150 5023 malis

166 5063 232 5125 est,
266 5049 342 5130 quia
372 5045 530 5130 quidquid
556 5047 645 5109 floris
673 5046 751 5119 fuit,
784 5044 967 5128 absumpsit
988 5049 1036 5110 ira
1059 5046 1132 5124 Dei,
1185 5043 1314 5107 nostris.
1358 5042 1452 5108 Unde
1474 5055 1582 5107 autem
1606 5064 1717 5126 sopor,
1746 5064 1848 5125 quum
1878 5042 2070 5107 fortitudine
2100 5045 2149 5126 gi-

167 5155 261 5217 quam
285 5134 346 5198 sub
368 5133 452 5215 tynis
483 5133 611 5196 nomine
640 5132 799 5214 propheta
828 5132 1048 5215 metaphorice
1077 5133 1132 5199 de·
1184 5139 1300 5212 gentes
1328 5150 1441 5193 omnes
1468 5127 1621 5211 superet?
1663 5129 1779 5210 quibus
1807 5129 1900 5193 facile
1930 5138 1979 5193 est
2007 5128 2150 5210 perferre

166 5220 283 5304 signat.
329 5216 453 5284 Hostili
477 5217 562 5281 enim
586 5217 693 5300 gladio
719 5217 887 5300 perierunt
914 5218 1007 5282 electi
1030 5217 1132 5285 Israel
1184 5217 1298 5300 longas
1321 5214 1459 5298 vigilias,
1483 5226 1516 5279 et
1538 5213 1593 5296 qui
1615 5214 1741 5280 modico
1763 5234 1877 5279 somno
1899 5215 2045 5277 contenti
2064 5225 2150 5281 sunt

1893 5313 1944 5367 tt·
