4658 5856
243 330 306 395 183
1051 333 1267 403 Psanites
1292 333 1425 399 XVIII.
2173 334 2236 398 184

246 524 404 607 prosperi}
432 524 519 587 enim
555 542 722 588 successus
753 543 807 587 eos
837 523 884 586 ita
913 523 1056 588 efferunt
1085 533 1122 590 ut
1149 548 1214 591 non
1264 523 1411 588 continet
1433 523 1574 604 speciem
1596 522 1804 599 corrections,
1828 521 1904 603 quie
1926 522 2016 585 enim
2033 523 2236 604 experientia

242 608 338 673 modo
367 624 482 674 contra
513 608 672 688 homines,
703 606 760 671 sed
790 619 903 673 contra
931 609 1041 674 Deum
1062 612 1215 677 ferociter
1265 609 1470 673 demonstrat
1497 628 1595 690 saepe
1624 607 1749 672 duriter
1781 608 1882 689 affligi
1904 618 2092 672 mansuetos
2114 623 2147 672 et
2167 610 2236 673 sin·

242 696 417 760 exsultent.
463 694 530 759 Sed
553 714 653 776 quum
676 693 724 757 illi
748 692 819 758 Deo
841 694 951 777 palam
972 694 1123 774 illudant,
1157 698 1214 763 ubi
1264 714 1357 760 aeros
1390 694 1516 760 involvi
1548 694 1744 758 tristissimis
1778 692 1944 771 molestiis,
1978 714 2019 757 ne
2052 695 2125 775 quis
2154 695 2235 759 salso

241 802 296 846 eos
314 802 373 845 cua
391 782 563 845 tolerantie
585 779 625 844 ad
644 781 877 862 poenitentiam
897 782 1023 857 invitat,
1046 782 1214 864 improbae
1264 780 1328 844 dici
1359 790 1452 863 putet
1479 779 1587 844 Deum
1615 780 1794 845 clementer
1823 798 1918 858 agere
1948 799 2022 842 cum
2045 783 2235 855 mansuetis,

239 887 353 930 eorum
383 866 596 933 confident-iae
627 865 707 929 nibil
730 866 829 930 affine
852 866 950 931 habet
971 867 1052 932 haec
1074 867 1214 934 Davidis
1263 865 1416 930 admonet
1437 863 1546 929 David
1569 868 1665 929 finem
1689 885 1762 930 esse
1783 863 2056 946 exspectandum:
2086 866 2166 947 quia
2189 884 2234 930 et·

241 952 402 1035 gloriatio.
454 953 567 1033 Neque
597 952 684 1015 enim
715 972 758 1016 ex
787 951 850 1017 Dei
873 953 1080 1037 indulgentia
1101 955 1210 1019 lucum
1263 951 1290 1015 si
1313 972 1378 1016 non
1398 954 1548 1034 protinus
1565 963 1714 1017 accurrat
1731 949 1823 1014 Deus
1842 950 1882 1013 ad
1901 970 1995 1031 opem
2016 949 2109 1016 bonis
2127 952 2233 1017 seren·

240 1037 371 1102 induxit
393 1039 461 1102 suis
479 1036 665 1115 sceleribus,
688 1039 744 1101 sed
763 1047 813 1101 tot
832 1039 964 1116 auxilia,
987 1041 1105 1122 quibus
1123 1049 1212 1106 certo
1263 1037 1347 1114 dam,
1371 1038 1425 1103 ubi
1450 1047 1560 1101 tamen
1582 1057 1696 1102 eorum
1719 1035 1909 1118 patientiam
1931 1035 2121 1117 aliquandiu
2143 1057 2236 1102 exer·

239 1137 396 1206 expertus
424 1140 496 1188 erat
524 1123 586 1187 sibi
616 1123 793 1204 propitium
816 1144 887 1189 esse
907 1124 1026 1204 Deum,
1054 1146 1113 1208 pro
1135 1126 1211 1190 illu·
1262 1126 1339 1199 cuit,
1363 1132 1542 1205 prostratos
1564 1123 1669 1206 erigit,
1700 1136 1734 1186 et
1755 1121 1934 1202 desperatis
1957 1123 2097 1186 salutem
2121 1124 2235 1188 affert:

240 1210 364 1273 stribus
387 1209 510 1273 favoris
527 1209 597 1272 eius
617 1208 821 1274 documentis
838 1209 911 1273 inre
928 1213 1078 1292 sumpsit.
1101 1211 1211 1293 Atque
1261 1208 1348 1273 unde
1380 1209 1528 1291 sequitur
1551 1230 1618 1272 non
1640 1209 1703 1272 nisi
1725 1208 1766 1273 ab
1788 1208 1879 1271 exitu
1900 1204 2140 1272 aestimandum
2163 1231 2236 1275 esse

239 1294 301 1360 hoc
319 1294 493 1359 discrimen
513 1294 690 1358 tenendum
710 1304 768 1373 est,
791 1295 876 1376 quod
896 1296 989 1379 impii
1008 1297 1105 1361 rebus
1123 1316 1212 1379 pros·
1261 1294 1421 1376 quomoda
1438 1293 1566 1378 placide
1583 1306 1615 1359 et
1635 1294 1822 1358 humaniter
1840 1302 1918 1376 aget
1937 1293 2027 1358 Deus
2045 1315 2123 1359 oum
2140 1317 2235 1360 man-

239 1382 326 1461 peris
363 1380 456 1463 ebrii,
492 1379 700 1461 impudenter
734 1380 858 1444 iactant
891 1402 926 1445 se
959 1382 1032 1448 Dec
1066 1382 1209 1465 placere:
1261 1381 1372 1455 suetis,
1402 1389 1436 1445 et
1466 1401 1581 1463 purum
1609 1401 1645 1444 se
1675 1389 1768 1462 gerat
1796 1399 1871 1443 cum
1901 1380 2001 1461 puris.
2045 1378 2120 1443 Nisi
2142 1382 2234 1446 enim

238 1465 545 1546 quumtamenDeo
569 1465 764 1546 posthabito,
786 1467 937 1532 fortunas
960 1469 1067 1549 potius
1089 1470 1211 1533 sacrifi·
1261 1487 1435 1548 suspensos
1471 1467 1714 1548 exspectatione
1750 1477 1876 1528 teneret
1904 1464 2026 1542 fideles,
2062 1469 2233 1548 proprium

237 1564 327 1616 cent:
352 1550 465 1615 fideles
488 1560 598 1614 autem
620 1573 661 1615 ex
684 1551 839 1616 interiore
861 1555 1078 1619 conscientiae
1101 1576 1209 1631 sensu,
1261 1553 1332 1617 eius
1361 1573 1426 1616 non
1458 1565 1543 1617 essia
1577 1552 1715 1617 afflictos
1742 1570 1884 1615 servare.
1934 1552 2044 1632 Atque
2074 1551 2135 1617 boc
2165 1574 2235 1617 non

237 1637 301 1700 Dei
324 1637 465 1719 gratiam
489 1634 676 1718 praedicant
695 1636 728 1700 in
749 1636 845 1702 rebus
863 1639 1039 1722 prosperis.
1078 1638 1131 1704 Ita
1149 1640 1211 1705 hoe
1261 1640 1399 1721 vulgare
1432 1639 1465 1702 in
1499 1636 1595 1701 rebus
1628 1637 1775 1701 adversis
1808 1636 1960 1700 solatium
1989 1646 2049 1714 est,
2082 1640 2234 1704 consulto

237 1722 306 1787 loco
330 1723 439 1786 David
462 1732 596 1804 propter
617 1743 734 1788 causae
756 1744 833 1787 suae
856 1728 1054 1807 aequitatem
1074 1745 1109 1790 se
1128 1726 1210 1792 divi·
1262 1722 1385 1788 differri
1414 1724 1497 1806 quod
1521 1723 1640 1806 alioqui
1663 1736 1813 1805 peratum
1836 1733 1886 1786 est
1909 1720 1971 1784 Dei
1994 1722 2166 1802 auxilium,
2196 1739 2234 1789 ut

236 1809 325 1872 nitus
359 1810 460 1873 luisse
492 1808 638 1871 adiutum
675 1808 844 1892 gloriatur.
899 1811 1013 1875 Primo
1046 1811 1134 1875 enim
1169 1811 1210 1876 ad
1260 1809 1372 1874 afflicti
1412 1830 1592 1876 servemur.
1637 1809 1706 1873 Nec
1734 1828 1813 1872 vero
1841 1808 1939 1871 nimis
1973 1809 2109 1879 acerbae
2138 1811 2234 1875 nobis

234 1907 427 1958 contextum
450 1892 725 1959 accommodanda
747 1906 796 1959 est-
817 1894 898 1960 heec
921 1899 1094 1973 sententia,
1123 1897 1208 1979 quod
1260 1915 1330 1959 esse
1351 1894 1471 1960 debent
1493 1916 1574 1978 ques
1596 1893 1792 1976 perferimus
1813 1893 1960 1971 iniurias,
1983 1913 2067 1976 quae
2085 1895 2232 1962 salutife-

235 1979 326 2044 Deus
355 1979 520 2043 hominem
551 1980 721 2044 innoxium
752 1981 848 2046 toties
876 1983 1082 2064 apreesenti
1104 1993 1210 2046 morte
1260 2001 1333 2044 rum
1373 1980 1438 2046 Dei
1472 1982 1616 2045 levorem
1650 1979 1745 2044 nobis
1776 1978 1960 2044 conciliant.
2014 1978 2055 2042 In
2088 1983 2234 2047 secundo

234 2067 386 2149 eripiens,
421 2065 599 2148 benignum
633 2088 668 2130 se
701 2086 780 2150 erge
813 2066 982 2151 benignos,
1023 2079 1056 2131 et
1089 2090 1206 2151 purum
1259 2065 1405 2132 membro
1438 2067 1571 2131 diversa
1603 2075 1655 2131 est
1688 2066 1780 2130 lectio
1813 2065 1947 2130 cantici:
1982 2064 2037 2129 nbi
2073 2066 2233 2133 habetur:

233 2172 312 2232 erga
335 2171 433 2233 puros
457 2172 492 2214 re
514 2152 586 2233 ipsa
608 2151 804 2233 probaverit.
848 2153 977 2218 Deinde
1000 2173 1207 2219 communem
1259 2151 1341 2217 oculi
1365 2153 1413 2216 tui
1436 2164 1550 2218 contra
1571 2151 1727 2234 superbos
1749 2151 1789 2215 ad
1808 2148 2035 2215 deiiciendum.
2065 2149 2133 2218 Sed
2153 2153 2234 2220 baec

234 2236 418 2301 doctrinam
449 2236 566 2301 elicere
594 2239 760 2316 convenit,
797 2237 909 2303 Deum
939 2260 1109 2322 nunquam
1138 2240 1207 2305 fru·
1260 2238 1400 2302 varietas
1426 2239 1461 2302 in
1490 2259 1589 2303 sensu
1619 2237 1702 2301 nihil
1733 2247 1856 2301 mutat:
1884 2236 1947 2300 uisi
1974 2236 2060 2318 quod
2087 2238 2155 2304 illic
2177 2262 2232 2305 su·

233 2322 332 2386 strari
364 2343 476 2387 servos
508 2343 592 2401 suos,
630 2324 709 2405 quin
747 2324 885 2406 benigne
919 2346 974 2390 eos
1007 2333 1134 2407 tractet,
1178 2327 1205 2391 si
1257 2322 1368 2405 perbis
1408 2324 1543 2407 spiritus
1583 2333 1717 2388 sanctus
1754 2324 1859 2404 magis
1898 2335 2010 2403 aperte
2045 2322 2233 2404 denunciet,

233 2409 330 2471 modo
352 2409 421 2472 eius
443 2408 603 2472 auxilium
626 2430 698 2473 cum
722 2410 975 2475 mansuetudine
997 2421 1030 2474 et
1047 2412 1206 2492 patientia
1258 2427 1358 2489 quum
1377 2407 1418 2473 ed
1435 2411 1524 2492 ipsos
1543 2408 1736 2474 evertendos
1754 2406 1912 2490 advigilet
1931 2409 2031 2486 Deus,
2050 2429 2117 2474 non
2136 2431 2232 2493 posse

232 2504 432 2575 exspectent.
476 2493 533 2559 Sic
562 2494 691 2558 dicebat
718 2494 826 2572 Iacob,
858 2496 944 2561 Gen.
967 2497 1019 2575 30,
1042 2497 1094 2561 33.
1133 2496 1204 2561 Re·
1258 2496 1387 2558 ruinam
1410 2496 1563 2579 effugere.
1608 2494 1788 2577 Utriusque
1811 2513 1889 2558 vero
1911 2491 1974 2557 loci
1997 2494 2079 2558 baec
2101 2518 2232 2563 snmma

231 2579 319 2642 verti
347 2580 444 2645 faciet
472 2578 513 2642 ed
547 2601 599 2643 me
628 2580 720 2644 Deus
748 2581 908 2646 iustitiam
942 2603 1058 2647 meam.
1110 2582 1205 2646 Finis
1257 2590 1317 2657 est,
1347 2601 1410 2662 quo
1440 2582 1545 2665 magis
1567 2581 1673 2645 securi
1696 2580 1787 2662 impii
1809 2579 1870 2643 sihi
1893 2579 2076 2662 indulgent,
2107 2584 2231 2666 megis-

232 2675 292 2743 est,
315 2677 353 2729 ut
375 2666 458 2729 bona
477 2686 534 2746 spe
551 2664 664 2730 fideles
682 2687 717 2730 se
735 2667 775 2729 ad
794 2666 963 2732 colendam
984 2669 1204 2751 integritatem
1257 2685 1319 2746 que
1350 2678 1502 2747 proterve
1530 2667 1666 2731 miseros
1694 2667 1756 2731 sub
1809 2664 1922 2729 edibus
1944 2666 2013 2730 snis
2035 2666 2230 2749 despiciunt,

233 2752 389 2826 animent,
428 2750 504 2830 quie
535 2748 576 2812 ad
609 2772 875 2834 unumquemque
909 2751 1027 2817 redibit
1060 2753 1204 2818 iustitiae
1256 2770 1295 2814 eo
1326 2753 1492 2835 propiores
1522 2772 1592 2817 esse
1621 2751 1731 2815 exitio.
1776 2687 1912 2830 guntiae
1939 2772 2017 2835 ergo
2040 2754 2135 2818 noble
2156 2776 2230 2821 cru·

232 2856 312 2899 snae
334 2836 469 2899 fructus.
512 2834 681 2901 Posterius
704 2837 896 2914 membrum,
918 2838 973 2903 ubi
995 2839 1114 2904 dieitur
1132 2860 1204 2923 per·
1257 2835 1373 2902 daliter
1395 2838 1566 2915 insultent,
1590 2837 1730 2903 sciamus
1752 2837 1814 2902 boo
1837 2847 1965 2901 tantum
1988 2836 2128 2918 obst-are,
2151 2862 2230 2924 quo·

232 2940 327 2984 verse
350 2940 447 3003 agere
470 2919 561 2985 Deus
582 2942 657 2985 eum
680 2924 851 3003 perversis,
884 2923 961 2990 licet
983 2926 1129 3007 asperius
1151 2926 1203 3002 sit,
1256 2922 1365 2987 minus
1404 2924 1603 3004 preelectum
1643 2942 1757 2988 eorum
1797 2924 2034 2988 contumaciam
2075 2925 2231 2990 retundat

234 3005 316 3068 nibil
341 3019 449 3069 tamen
473 3005 605 3070 absurdi
627 3009 788 3072 continet:
811 3011 876 3074 imo
899 3030 964 3075 nan
987 3010 1059 3075 sins
1080 3011 1204 3093 optima
1255 3005 1356 3086 Deus,
1387 3009 1467 3090 quia
1496 3009 1641 3075 nondum
1672 3007 1713 3072 ed
1746 3007 1915 3073 cumulum
1946 3030 2047 3092 usque
2077 3013 2231 3093 pervenit

232 3093 359 3156 ratione
387 3090 474 3155 hunc
497 3091 649 3173 loquendi
673 3093 805 3158 modum
828 3096 964 3177 spiritus
987 3107 1134 3179 usurpat,
1167 3106 1204 3160 ut
1255 3113 1366 3158 eorum
1389 3095 1551 3177 superbia.

232 3175 421 3263 hypocritas
443 3191 477 3241 et
498 3197 625 3244 crassos
648 3179 712 3244 Dei
733 3190 973 3264 contemptores
996 3204 1015 3247 a
1037 3202 1096 3247 sua
1118 3203 1218 3248 som·.

232 3265 377 3328 nolentia
417 3265 667 3346 expergefaciat.
732 3264 893 3332 Videmus
927 3270 1024 3344 enim,
1069 3268 1125 3333 ubi
1161 3268 1201 3332 de
1340 3265 1392 3330 29.
1419 3266 1502 3346 Quia
1523 3272 1557 3331 ta
1579 3265 1776 3331 illuminabis
1797 3266 1956 3331 lacernam
1976 3285 2077 3329 meam
2095 3267 2229 3335 Ieloaa:

230 3351 353 3419 severis
380 3359 413 3413 et
436 3352 612 3414 tremendis
634 3350 696 3414 Dei
719 3351 847 3415 iudiciis
869 3355 1079 3419 concionatur
1100 3355 1199 3437 scrip·
1254 3348 1344 3414 Deae
1371 3371 1460 3416 meae
1490 3353 1681 3418 illuminabit
1709 3353 1848 3417 andros
1868 3372 1965 3416 meaa.
2009 3351 2061 3415 30.
2089 3353 2175 3434 aaa
2195 3358 2230 3420 ia

231 3446 315 3512 tura,
339 3435 393 3498 ubi
411 3432 504 3497 Deus
524 3436 592 3515 ipse
610 3436 799 3500 horribilem
819 3437 996 3503 vindictam
1016 3439 1200 3517 denunciet,
1253 3434 1320 3519 lali)
1334 3457 1541 3518 pertrampam
1558 3459 1688 3504 musam
1706 3443 1836 3517 turmae,
1858 3443 1886 3502 et
1903 3439 1938 3501 ia
1956 3435 2024 3501 Dea
2040 3459 2106 3503 meo
2122 3446 2229 3507 baas-

230 3542 327 3605 quam
363 3539 476 3584 secure
512 3520 592 3584 haee
628 3522 737 3584 omnia
766 3522 978 3587 transsiliunt.
1027 3525 1093 3589 Hic
1123 3545 1201 3608 ergo
1252 3521 1361 3586 ailiam
1382 3543 1517 3588 maram.
1562 3525 1613 3590 31.
1635 3524 1699 3589 Dei
1721 3525 1842 3606 intepra
1862 3525 1917 3588 eia
1935 3527 1997 3588 est:
2017 3542 2118 3588 seram
2140 3527 2229 3593 lelo-

230 3608 346 3675 brutus
369 3617 401 3669 et
423 3607 517 3685 quasi
540 3604 741 3689 prodigiosus
763 3617 880 3689 stupor
900 3608 1011 3673 Deum
1034 3621 1122 3757 cepit
1143 3632 1200 3674 ex·
1252 3628 1309 3671 vac
1341 3614 1487 3688 uocaus,
1529 3611 1653 3692 clypeus
1684 3615 1729 3673 eal
1761 3607 1904 3674 mnibus
1935 3607 2162 3688 confidentibus
2193 3615 2230 3679 ia

1093 3717 1102 3757 ι

229 3696 348 3761 cudere
382 3709 484 3755 novas
517 3689 670 3772 loquendi
704 3691 835 3768 formas,
869 3701 902 3758 et
935 3696 1027 3776 quasi
1060 3715 1079 3757 a
1105 3715 1201 3759 snam
1252 3692 1329 3772 ipso.
1381 3694 1433 3759 32.
1468 3696 1621 3775 Quoiam
1649 3696 1722 3775 qais
1751 3694 1840 3758 Deae
1860 3700 1987 3776 praeter
2019 3695 2163 3763 Iebeaa?
2201 3707 2229 3763 et

228 3798 400 3864 porsonam
430 3772 573 3840 induere.
620 3774 676 3844 Sic
698 3780 797 3843 etiam
820 3779 960 3844 Levitiai
981 3780 1033 3856 26,
1063 3780 1122 3844 21:
1164 3779 1202 3846 Si
1253 3779 1326 3857 qais
1352 3779 1445 3859 fortis
1468 3787 1596 3859 praem
1624 3779 1730 3844 Deam
1759 3780 1925 3844 metram?
1978 3778 2029 3845 33.
2060 3781 2152 3849 Deae
2172 3788 2229 3866 qai

230 3885 358 3934 mecum
381 3860 589 3927 ambulabitis
611 3884 765 3944 perverse
788 3865 840 3930 vel
864 3874 995 3945 temere,
1025 3887 1086 3949 ego
1108 3866 1203 3930 vicis·
1250 3865 1428 3943 praecinxit
1464 3886 1512 3928 rrae
1549 3867 1670 3944 virtute,
1711 3871 1738 3929 et
1762 3865 1929 3951 posattrr)
1961 3867 2118 3949 integram
2138 3872 2228 3936 aiam

231 3956 292 4016 sim
334 3960 447 4014 contra
486 3968 544 4012 vos
576 3969 730 4030 perverse
765 3950 817 4015 vel
849 3952 983 4016 fortuito
1017 3951 1201 4017 ambulabo.
1252 3967 1362 4015 meam.

230 4043 279 4103 Ac
301 4041 328 4102 si
359 4034 488 4105 diceret,
518 4035 734 4115 pervicaciam
763 4057 874 4100 eorum
898 4040 932 4100 in
954 4058 1053 4103 causa
1074 4037 1144 4102 fore
1167 4047 1202 4103 ut

228 4124 345 4188 solitae
374 4120 607 4184 moderationis
643 4119 764 4186 oblitus
790 4143 1054 4204 quaquaversum
1083 4125 1117 4188 in
1147 4145 1202 4189 eos
1338 4120 1390 4186 29.
1413 4119 1513 4205 (aaa
1534 4127 1569 4186 la
1591 4120 1810 4207 illuminabis.)
1849 4122 1953 4187 Paulo
1972 4127 2160 4206 expressior
2177 4142 2228 4195 est

230 4209 345 4274 irruat.
398 4207 470 4272 Hoc
505 4207 592 4268 enim
629 4207 805 4288 proficiunt
834 4206 965 4272 tandem
995 4230 1054 4274 sna
1083 4208 1201 4274 duritie
1252 4204 1405 4288 loquendi
1428 4206 1534 4270 forma
1555 4207 1589 4271 in
1612 4209 1747 4287 cantico,
1777 4210 1832 4273 nbi
1856 4209 1947 4273 Deus
1969 4231 2032 4273 non
2055 4210 2226 4280 lucernam

229 4293 404 4377 praefracti
437 4294 595 4369 homiues,
632 4301 669 4356 ut
706 4291 798 4357 Deus
831 4290 872 4356 ed
902 4314 957 4358 eos
986 4294 1201 4360 conterendos
1252 4291 1372 4357 dicitur
1394 4292 1578 4367 accendere,
1613 4293 1668 4359 sed
1691 4295 1760 4374 ipse
1784 4305 1919 4359 vocatur
1942 4295 2085 4377 lucerne,
2108 4321 2226 4367 sensus

229 4402 300 4447 sese
321 4381 427 4459 magis
449 4377 594 4452 obdurat,
618 4397 655 4441 ac
677 4388 791 4442 contra
810 4398 925 4443 saxeos
942 4380 1067 4444 ferreus
1084 4379 1200 4444 reddo·
1253 4385 1362 4443 tamen
1385 4376 1498 4441 codem
1522 4377 1615 4455 redit,
1648 4400 1765 4460 nempe
1793 4381 1914 4444 Iactum
1936 4402 2007 4446 esse
2029 4380 2096 4446 Dei
2117 4388 2227 4468 gratia

229 4481 295 4532 tur.
339 4464 434 4531 Adde
456 4463 541 4546 quod
565 4463 698 4543 spiritus
720 4484 904 4528 sermonem
927 4464 966 4528 ad
986 4465 1103 4549 impios
1121 4465 1200 4530 diri·
1253 4473 1289 4526 ut
1312 4463 1420 4528 David
1443 4463 1587 4527 tenebris
1609 4466 1780 4529 immersus
1802 4465 1837 4528 in
1860 4466 1965 4530 lucem
1989 4467 2120 4535 reditet.
2159 4473 2225 4536 Ne·

229 4575 320 4638 gens,
350 4575 390 4617 ex
421 4571 530 4616 eoram
560 4569 658 4613 seusu
681 4549 916 4630 utplurimum
941 4550 1094 4632 loquitur.
1140 4553 1200 4615 At·
1252 4569 1314 4631 que
1333 4551 1420 4613 enim
1439 4548 1629 4631 simpliciter
1644 4551 1769 4633 gratiae
1788 4552 1817 4613 ei
1836 4564 1979 4634 aguntur
1997 4554 2083 4635 quod
2096 4554 2225 4623 Davidi

228 4640 285 4724 qui
316 4638 371 4702 ubi
402 4637 486 4702 serio
519 4637 607 4699 Deus
637 4634 672 4696 in
700 4634 787 4716 ipsos
809 4634 972 4714 fulminet,
1006 4638 1110 4701 caeeis
1132 4637 1200 4701 suis
1252 4635 1462 4715 praeluxerit,
1497 4634 1553 4699 scil
1589 4636 1673 4716 qnod
1710 4636 1926 4700 illustraverit
1954 4638 2026 4702 eius
2058 4643 2224 4709 tenebras.

228 4725 409 4790 terroribus
443 4744 518 4788 cum
553 4721 798 4802 transfigurant,
838 4725 914 4802 quia
946 4721 1028 4784 nibil
1062 4723 1095 4785 in
1129 4724 1199 4804 ipso
1252 4720 1369 4802 Itaque
1392 4722 1513 4784 fatetur
1536 4719 1644 4784 David
1669 4721 1702 4784 in
1726 4743 1781 4785 eus
1802 4725 2224 4808 angustiassereductum,

228 4812 417 4894 concipiunt
450 4808 511 4873 nisi
546 4826 692 4882 suevum,
727 4818 831 4883 atrox,
866 4817 899 4870 et
932 4806 1083 4872 immane.
1128 4806 1198 4871 Iam
1252 4816 1288 4868 ut
1321 4806 1436 4870 similis
1468 4819 1553 4869 esset
1588 4806 1715 4888 perdito
1747 4828 1785 4871 ac
1818 4807 2010 4891 desperato:
2045 4831 2100 4876 res
2135 4818 2224 4879 enirn

228 4897 378 4961 videmus
410 4918 467 4961 cur
499 4892 610 4957 David
647 4912 712 4954 nou
746 4891 938 4972 simpliciter
972 4891 1042 4956 Deo
1076 4893 1199 4957 tribuet
1251 4892 1401 4956 confusas
1439 4889 1580 4967 tenebris
1629 4903 1803 4974 comparat.
1855 4895 1969 4958 Potest
1997 4896 2132 4976 quidem
2163 4901 2224 4966 hoo

227 4983 343 5047 iudicis
386 5003 503 5046 nomen
546 4989 579 5043 et
611 4978 763 5056 officium,
804 4976 860 5040 scd
895 4977 1039 5041 violento
1074 4978 1198 5060 impetu
1250 4997 1308 5057 por
1330 4997 1498 5059 anagogen
1522 4975 1562 5038 ad
1585 4977 1787 5059 spiritualem
1809 4978 2222 5051 mentisillumInati0ncm

227 5080 347 5131 armet:
386 5069 481 5131 sicuti
512 5064 681 5148 proverbio
712 5061 840 5141 dicitur,
870 5063 955 5127 mala
986 5062 1070 5128 nodo
1099 5084 1198 5146 queo·

226 5152 366 5217 rendum
388 5152 604 5250 ⁰⁸⁸⁰,mllum
627 5168 777 5213 mmmm·
830 5236 836 5247 ‚
1034 5236 1040 5249 ,
1171 5233 1177 5247 ,
1320 5180 1348 5243 'l
1365 5198 1398 5234 cu
1416 5190 1471 5251 toy,
1489 5197 1524 5234 ca
1541 5198 1648 5249 rumpe:
1672 5199 1706 5235 ou
1726 5201 1774 5251 par
1791 5193 1819 5237 ta
1836 5194 1921 5238 uertu.

312 5238 364 5302 28.
392 5238 491 5323 (Quia
523 5244 557 5302 la
584 5238 734 5317 populata
766 5233 942 5318 afflictam.)
999 5235 1061 5300 Ilia
1095 5255 1197 5298 verere
1302 5250 1378 5317 *·)a
1396 5251 1453 5309 niis.
1472 5268 1507 5304 ra
1524 5266 1630 5320 marce:
1648 5267 1683 5305 ou
1701 5253 1757 5306 tait.
