<?xml version="1.0" encoding="UTF-8"?>
<!DOCTYPE html PUBLIC "-//W3C//DTD XHTML 1.0 Transitional//EN"
    "http://www.w3.org/TR/xhtml1/DTD/xhtml1-transitional.dtd">
<html xmlns="http://www.w3.org/1999/xhtml" xml:lang="en" lang="en">
 <head>
  <title>
</title>
<meta http-equiv="Content-Type" content="text/html;charset=utf-8" />
  <meta name='ocr-system' content='tesseract 3.04.00' />
  <meta name='ocr-capabilities' content='ocr_page ocr_carea ocr_par ocr_line ocrx_word'/>
</head>
<body>
  <div class='ocr_page' id='page_1' title='image "./corpusreformato05melagoog_0212.png"; bbox 0 0 4672 5864; ppageno 0'>
   <div class='ocr_carea' id='block_1_1' title="bbox 259 336 2256 427">
    <p class='ocr_par' dir='ltr' id='par_1_1' title="bbox 259 336 2256 427">
     <span class='ocr_line' id='line_1_1' title="bbox 259 336 2256 427; baseline -0.001 -2"><span class='ocrx_word' id='word_1_1' title='bbox 259 358 324 425; x_wconf 82' lang='lat'><strong>439</strong></span> <span class='ocrx_word' id='word_1_2' title='bbox 472 384 477 394; x_wconf 92' lang='lat'><strong>·</strong></span> <span class='ocrx_word' id='word_1_3' title='bbox 1075 355 1291 427; x_wconf 56' lang='lat' dir='ltr'><strong>caniturus</strong></span> <span class='ocrx_word' id='word_1_4' title='bbox 1314 336 1442 424; x_wconf 78' lang='lat' dir='ltr'><strong>xurv.</strong></span> <span class='ocrx_word' id='word_1_5' title='bbox 2190 357 2256 423; x_wconf 83' lang='lat'><strong>440</strong></span> 
     </span>
    </p>
   </div>
   <div class='ocr_carea' id='block_1_2' title="bbox 261 524 2254 632">
    <p class='ocr_par' dir='ltr' id='par_1_2' title="bbox 261 524 2254 632">
     <span class='ocr_line' id='line_1_2' title="bbox 261 524 2254 632; baseline -0.003 -18"><span class='ocrx_word' id='word_1_6' title='bbox 261 560 328 614; x_wconf 90' lang='lat' dir='ltr'><strong>tam</strong></span> <span class='ocrx_word' id='word_1_7' title='bbox 351 524 531 613; x_wconf 84' lang='lat' dir='ltr'><strong>liberaliter</strong></span> <span class='ocrx_word' id='word_1_8' title='bbox 561 568 638 614; x_wconf 90' lang='lat' dir='ltr'><strong>cum</strong></span> <span class='ocrx_word' id='word_1_9' title='bbox 667 548 747 632; x_wconf 92' lang='lat' dir='ltr'><strong>ipsis</strong></span> <span class='ocrx_word' id='word_1_10' title='bbox 777 547 881 632; x_wconf 89' lang='lat' dir='ltr'><strong>egerit</strong></span> <span class='ocrx_word' id='word_1_11' title='bbox 898 548 1006 614; x_wconf 91' lang='lat' dir='ltr'><strong>Deus:</strong></span> <span class='ocrx_word' id='word_1_12' title='bbox 1041 548 1096 615; x_wconf 87' lang='lat' dir='ltr'><strong>sed</strong></span> <span class='ocrx_word' id='word_1_13' title='bbox 1123 558 1227 612; x_wconf 92' lang='lat' dir='ltr'><strong>totum</strong></span> <span class='ocrx_word' id='word_1_14' title='bbox 1281 546 1466 629; x_wconf 88' lang='lat' dir='ltr'><strong>iungerent,</strong></span> <span class='ocrx_word' id='word_1_15' title='bbox 1496 545 1625 612; x_wconf 84' lang='lat' dir='ltr'><strong>diversa</strong></span> <span class='ocrx_word' id='word_1_16' title='bbox 1653 547 1736 611; x_wconf 91' lang='lat' dir='ltr'><strong>ratio</strong></span> <span class='ocrx_word' id='word_1_17' title='bbox 1766 567 1896 613; x_wconf 91' lang='lat' dir='ltr'><strong>cursum</strong></span> <span class='ocrx_word' id='word_1_18' title='bbox 1927 546 2052 631; x_wconf 89' lang='lat' dir='ltr'><strong>gratiae</strong></span> <span class='ocrx_word' id='word_1_19' title='bbox 2081 543 2146 610; x_wconf 91' lang='lat' dir='ltr'><strong>Dei</strong></span> <span class='ocrx_word' id='word_1_20' title='bbox 2173 565 2254 629; x_wconf 78' lang='lat' dir='ltr'><strong>quo</strong></span> 
     </span>
    </p>
   </div>
   <div class='ocr_carea' id='block_1_3' title="bbox 243 630 2258 5347">
    <p class='ocr_par' dir='ltr' id='par_1_3' title="bbox 243 630 2258 5347">
     <span class='ocr_line' id='line_1_3' title="bbox 262 630 2255 718; baseline -0.001 -20"><span class='ocrx_word' id='word_1_21' title='bbox 262 632 417 700; x_wconf 89' lang='lat' dir='ltr'><strong>adscribit</strong></span> <span class='ocrx_word' id='word_1_22' title='bbox 447 632 510 698; x_wconf 86' lang='lat' dir='ltr'><strong>Dei</strong></span> <span class='ocrx_word' id='word_1_23' title='bbox 541 633 752 717; x_wconf 87' lang='lat' dir='ltr'><strong>beneplacito,</strong></span> <span class='ocrx_word' id='word_1_24' title='bbox 782 633 866 718; x_wconf 91' lang='lat' dir='ltr'><strong>quod</strong></span> <span class='ocrx_word' id='word_1_25' title='bbox 900 642 1067 717; x_wconf 93' lang='lat' dir='ltr'><strong>sumptum</strong></span> <span class='ocrx_word' id='word_1_26' title='bbox 1100 633 1230 699; x_wconf 87' lang='lat' dir='ltr'><strong>videtur</strong></span> <span class='ocrx_word' id='word_1_27' title='bbox 1283 630 1455 696; x_wconf 89' lang='lat' dir='ltr'><strong>dammodo</strong></span> <span class='ocrx_word' id='word_1_28' title='bbox 1473 632 1732 717; x_wconf 79' lang='lat' dir='ltr'><strong>interrumperet.</strong></span> <span class='ocrx_word' id='word_1_29' title='bbox 1779 632 1876 699; x_wconf 91' lang='lat' dir='ltr'><strong>Nunc</strong></span> <span class='ocrx_word' id='word_1_30' title='bbox 1895 631 1948 698; x_wconf 90' lang='lat' dir='ltr'><strong>ubi</strong></span> <span class='ocrx_word' id='word_1_31' title='bbox 1969 632 2082 697; x_wconf 92' lang='lat' dir='ltr'><strong>datum</strong></span> <span class='ocrx_word' id='word_1_32' title='bbox 2101 630 2164 696; x_wconf 90' lang='lat' dir='ltr'><strong>sibi</strong></span> <span class='ocrx_word' id='word_1_33' title='bbox 2182 650 2255 697; x_wconf 89' lang='lat' dir='ltr'><strong>esse</strong></span> 
     </span>
     <span class='ocr_line' id='line_1_4' title="bbox 262 716 2254 803; baseline -0.001 -20"><span class='ocrx_word' id='word_1_34' title='bbox 262 740 302 784; x_wconf 83' lang='lat' dir='ltr'><strong>ex</strong></span> <span class='ocrx_word' id='word_1_35' title='bbox 319 718 423 785; x_wconf 88' lang='lat' dir='ltr'><strong>Masis</strong></span> <span class='ocrx_word' id='word_1_36' title='bbox 441 719 692 786; x_wconf 77' lang='lat' dir='ltr'><strong>contestatione:</strong></span> <span class='ocrx_word' id='word_1_37' title='bbox 711 718 787 783; x_wconf 90' lang='lat' dir='ltr'><strong>Non</strong></span> <span class='ocrx_word' id='word_1_38' title='bbox 804 720 880 802; x_wconf 92' lang='lat' dir='ltr'><strong>quia</strong></span> <span class='ocrx_word' id='word_1_39' title='bbox 897 719 1008 803; x_wconf 88' lang='lat' dir='ltr'><strong>plures</strong></span> <span class='ocrx_word' id='word_1_40' title='bbox 1025 719 1140 786; x_wconf 90' lang='lat' dir='ltr'><strong>essetis</strong></span> <span class='ocrx_word' id='word_1_41' title='bbox 1158 719 1230 783; x_wconf 90' lang='lat' dir='ltr'><strong>aliie</strong></span> <span class='ocrx_word' id='word_1_42' title='bbox 1281 717 1428 782; x_wconf 88' lang='lat' dir='ltr'><strong>fatentur</strong></span> <span class='ocrx_word' id='word_1_43' title='bbox 1449 716 1604 801; x_wconf 88' lang='lat' dir='ltr'><strong>quidquid</strong></span> <span class='ocrx_word' id='word_1_44' title='bbox 1627 718 1661 783; x_wconf 93' lang='lat' dir='ltr'><strong>in</strong></span> <span class='ocrx_word' id='word_1_45' title='bbox 1679 729 1790 803; x_wconf 88' lang='lat' dir='ltr'><strong>patres</strong></span> <span class='ocrx_word' id='word_1_46' title='bbox 1808 717 1900 784; x_wconf 85' lang='lat' dir='ltr'><strong>Deus</strong></span> <span class='ocrx_word' id='word_1_47' title='bbox 1917 718 2117 783; x_wconf 76' lang='lat' dir='ltr'><strong>contulerat:</strong></span> <span class='ocrx_word' id='word_1_48' title='bbox 2141 736 2254 782; x_wconf 88' lang='lat' dir='ltr'><strong>secure</strong></span> 
     </span>
     <span class='ocr_line' id='line_1_5' title="bbox 262 802 2254 891; baseline -0.002 -21"><span class='ocrx_word' id='word_1_49' title='bbox 262 806 413 890; x_wconf 89' lang='lat' dir='ltr'><strong>gentibus</strong></span> <span class='ocrx_word' id='word_1_50' title='bbox 442 804 495 870; x_wconf 82' lang='lat' dir='ltr'><strong>vel</strong></span> <span class='ocrx_word' id='word_1_51' title='bbox 526 806 789 888; x_wconf 74' lang='lat' dir='ltr'><strong>praestantiores,</strong></span> <span class='ocrx_word' id='word_1_52' title='bbox 823 805 914 891; x_wconf 82' lang='lat' dir='ltr'><strong>eligit</strong></span> <span class='ocrx_word' id='word_1_53' title='bbox 946 826 1004 871; x_wconf 88' lang='lat' dir='ltr'><strong>voa</strong></span> <span class='ocrx_word' id='word_1_54' title='bbox 1037 805 1140 888; x_wconf 91' lang='lat' dir='ltr'><strong>Deus,</strong></span> <span class='ocrx_word' id='word_1_55' title='bbox 1173 804 1229 871; x_wconf 92' lang='lat' dir='ltr'><strong>sed</strong></span> <span class='ocrx_word' id='word_1_56' title='bbox 1281 813 1393 886; x_wconf 88' lang='lat' dir='ltr'><strong>petere</strong></span> <span class='ocrx_word' id='word_1_57' title='bbox 1413 802 1489 869; x_wconf 90' lang='lat' dir='ltr'><strong>licet</strong></span> <span class='ocrx_word' id='word_1_58' title='bbox 1511 815 1550 868; x_wconf 93' lang='lat' dir='ltr'><strong>ut</strong></span> <span class='ocrx_word' id='word_1_59' title='bbox 1571 805 1741 870; x_wconf 90' lang='lat' dir='ltr'><strong>continuet</strong></span> <span class='ocrx_word' id='word_1_60' title='bbox 1758 825 1839 889; x_wconf 93' lang='lat' dir='ltr'><strong>opus</strong></span> <span class='ocrx_word' id='word_1_61' title='bbox 1857 824 1962 870; x_wconf 90' lang='lat' dir='ltr'><strong>suum.</strong></span> <span class='ocrx_word' id='word_1_62' title='bbox 2006 803 2110 869; x_wconf 92' lang='lat' dir='ltr'><strong>Porro</strong></span> <span class='ocrx_word' id='word_1_63' title='bbox 2138 811 2254 866; x_wconf 88' lang='lat' dir='ltr'><strong>tenon-</strong></span> 
     </span>
     <span class='ocr_line' id='line_1_6' title="bbox 263 886 2253 975; baseline -0.003 -20"><span class='ocrx_word' id='word_1_64' title='bbox 263 891 340 975; x_wconf 90' lang='lat' dir='ltr'><strong>quia</strong></span> <span class='ocrx_word' id='word_1_65' title='bbox 362 890 476 956; x_wconf 91' lang='lat' dir='ltr'><strong>dilexit</strong></span> <span class='ocrx_word' id='word_1_66' title='bbox 492 899 602 974; x_wconf 89' lang='lat' dir='ltr'><strong>patres</strong></span> <span class='ocrx_word' id='word_1_67' title='bbox 618 900 754 972; x_wconf 81' lang='lat' dir='ltr'><strong>vestros,</strong></span> <span class='ocrx_word' id='word_1_68' title='bbox 777 891 875 958; x_wconf 89' lang='lat' dir='ltr'><strong>Deut.</strong></span> <span class='ocrx_word' id='word_1_69' title='bbox 894 891 925 970; x_wconf 89' lang='grc'><strong>4,</strong></span> <span class='ocrx_word' id='word_1_70' title='bbox 943 890 994 956; x_wconf 80' lang='lat' dir='ltr'><strong>st.</strong></span> <span class='ocrx_word' id='word_1_71' title='bbox 1028 891 1102 956; x_wconf 79' lang='lat' dir='ltr'><strong>Etsi</strong></span> <span class='ocrx_word' id='word_1_72' title='bbox 1120 897 1229 955; x_wconf 90' lang='lat' dir='ltr'><strong>autom</strong></span> <span class='ocrx_word' id='word_1_73' title='bbox 1282 888 1360 954; x_wconf 93' lang='lat' dir='ltr'><strong>dum</strong></span> <span class='ocrx_word' id='word_1_74' title='bbox 1383 896 1434 954; x_wconf 88' lang='lat' dir='ltr'><strong>eet</strong></span> <span class='ocrx_word' id='word_1_75' title='bbox 1456 890 1539 972; x_wconf 88' lang='lat' dir='ltr'><strong>quod</strong></span> <span class='ocrx_word' id='word_1_76' title='bbox 1562 910 1661 972; x_wconf 89' lang='lat' dir='ltr'><strong>supra</strong></span> <span class='ocrx_word' id='word_1_77' title='bbox 1683 889 1849 972; x_wconf 87' lang='lat' dir='ltr'><strong>admonui,</strong></span> <span class='ocrx_word' id='word_1_78' title='bbox 1880 890 1942 956; x_wconf 88' lang='lat' dir='ltr'><strong>hac</strong></span> <span class='ocrx_word' id='word_1_79' title='bbox 1975 889 2102 953; x_wconf 87' lang='lat' dir='ltr'><strong>ratione</strong></span> <span class='ocrx_word' id='word_1_80' title='bbox 2123 886 2195 953; x_wconf 91' lang='lat' dir='ltr'><strong>Deo</strong></span> <span class='ocrx_word' id='word_1_81' title='bbox 2217 889 2253 952; x_wconf 93' lang='lat' dir='ltr'><strong>in</strong></span> 
     </span>
     <span class='ocr_line' id='line_1_7' title="bbox 262 972 2254 1061; baseline -0.003 -20"><span class='ocrx_word' id='word_1_82' title='bbox 262 975 412 1061; x_wconf 88' lang='lat' dir='ltr'><strong>specialis</strong></span> <span class='ocrx_word' id='word_1_83' title='bbox 446 975 499 1042; x_wconf 92' lang='lat' dir='ltr'><strong>hic</strong></span> <span class='ocrx_word' id='word_1_84' title='bbox 531 975 571 1040; x_wconf 90' lang='lat' dir='ltr'><strong>fit</strong></span> <span class='ocrx_word' id='word_1_85' title='bbox 603 976 725 1042; x_wconf 91' lang='lat' dir='ltr'><strong>mentio</strong></span> <span class='ocrx_word' id='word_1_86' title='bbox 758 984 865 1042; x_wconf 89' lang='lat' dir='ltr'><strong>terrae</strong></span> <span class='ocrx_word' id='word_1_87' title='bbox 898 977 1044 1057; x_wconf 78' lang='lat' dir='ltr'><strong>Cenaeo,</strong></span> <span class='ocrx_word' id='word_1_88' title='bbox 1076 975 1230 1061; x_wconf 89' lang='lat' dir='ltr'><strong>generale</strong></span> <span class='ocrx_word' id='word_1_89' title='bbox 1283 972 1421 1040; x_wconf 90' lang='lat' dir='ltr'><strong>solidum</strong></span> <span class='ocrx_word' id='word_1_90' title='bbox 1451 974 1634 1041; x_wconf 79' lang='lat' dir='ltr'><strong>adscribere</strong></span> <span class='ocrx_word' id='word_1_91' title='bbox 1663 995 1739 1041; x_wconf 88' lang='lat' dir='ltr'><strong>suas</strong></span> <span class='ocrx_word' id='word_1_92' title='bbox 1772 975 1934 1049; x_wconf 85' lang='lat' dir='ltr'><strong>victorias,</strong></span> <span class='ocrx_word' id='word_1_93' title='bbox 1968 975 2044 1059; x_wconf 90' lang='lat' dir='ltr'><strong>quia</strong></span> <span class='ocrx_word' id='word_1_94' title='bbox 2072 972 2156 1038; x_wconf 93' lang='lat' dir='ltr'><strong>nihil</strong></span> <span class='ocrx_word' id='word_1_95' title='bbox 2189 973 2254 1037; x_wconf 90' lang='lat' dir='ltr'><strong>tale</strong></span> 
     </span>
     <span class='ocr_line' id='line_1_8' title="bbox 263 1059 2254 1147; baseline -0.002 -22"><span class='ocrx_word' id='word_1_96' title='bbox 263 1073 374 1126; x_wconf 90' lang='lat' dir='ltr'><strong>tamon</strong></span> <span class='ocrx_word' id='word_1_97' title='bbox 405 1062 546 1146; x_wconf 90' lang='lat' dir='ltr'><strong>sumpsit</strong></span> <span class='ocrx_word' id='word_1_98' title='bbox 575 1062 772 1147; x_wconf 89' lang='lat' dir='ltr'><strong>principium</strong></span> <span class='ocrx_word' id='word_1_99' title='bbox 801 1064 973 1147; x_wconf 88' lang='lat' dir='ltr'><strong>propheta,</strong></span> <span class='ocrx_word' id='word_1_100' title='bbox 995 1083 1054 1128; x_wconf 92' lang='lat' dir='ltr'><strong>cur</strong></span> <span class='ocrx_word' id='word_1_101' title='bbox 1073 1060 1231 1146; x_wconf 90' lang='lat' dir='ltr'><strong>populum</strong></span> <span class='ocrx_word' id='word_1_102' title='bbox 1282 1060 1391 1145; x_wconf 90' lang='lat' dir='ltr'><strong>gladio</strong></span> <span class='ocrx_word' id='word_1_103' title='bbox 1414 1059 1468 1125; x_wconf 84' lang='lat' dir='ltr'><strong>vel</strong></span> <span class='ocrx_word' id='word_1_104' title='bbox 1495 1081 1573 1126; x_wconf 90' lang='lat' dir='ltr'><strong>arou</strong></span> <span class='ocrx_word' id='word_1_105' title='bbox 1598 1082 1656 1126; x_wconf 90' lang='lat' dir='ltr'><strong>suo</strong></span> <span class='ocrx_word' id='word_1_106' title='bbox 1682 1061 1836 1143; x_wconf 88' lang='lat' dir='ltr'><strong>consequi</strong></span> <span class='ocrx_word' id='word_1_107' title='bbox 1863 1070 2022 1143; x_wconf 89' lang='lat' dir='ltr'><strong>poteraut.</strong></span> <span class='ocrx_word' id='word_1_108' title='bbox 2068 1059 2254 1124; x_wconf 82' lang='lat' dir='ltr'><strong>Antithesis</strong></span> 
     </span>
     <span class='ocr_line' id='line_1_9' title="bbox 262 1144 2253 1232; baseline -0.001 -21"><span class='ocrx_word' id='word_1_109' title='bbox 262 1146 357 1212; x_wconf 88' lang='lat' dir='ltr'><strong>illum</strong></span> <span class='ocrx_word' id='word_1_110' title='bbox 379 1145 471 1212; x_wconf 89' lang='lat' dir='ltr'><strong>Deus</strong></span> <span class='ocrx_word' id='word_1_111' title='bbox 492 1148 526 1211; x_wconf 92' lang='lat' dir='ltr'><strong>in</strong></span> <span class='ocrx_word' id='word_1_112' title='bbox 549 1169 648 1232; x_wconf 85' lang='lat' dir='ltr'><strong>grege</strong></span> <span class='ocrx_word' id='word_1_113' title='bbox 670 1169 728 1212; x_wconf 89' lang='lat' dir='ltr'><strong>suo</strong></span> <span class='ocrx_word' id='word_1_114' title='bbox 750 1169 881 1213; x_wconf 87' lang='lat' dir='ltr'><strong>censere</strong></span> <span class='ocrx_word' id='word_1_115' title='bbox 911 1148 1064 1232; x_wconf 88' lang='lat' dir='ltr'><strong>dignatus</strong></span> <span class='ocrx_word' id='word_1_116' title='bbox 1091 1148 1142 1213; x_wconf 92' lang='lat' dir='ltr'><strong>sit.</strong></span> <span class='ocrx_word' id='word_1_117' title='bbox 1186 1146 1232 1211; x_wconf 84' lang='lat' dir='ltr'><strong>Et</strong></span> <span class='ocrx_word' id='word_1_118' title='bbox 1284 1146 1371 1210; x_wconf 89' lang='lat' dir='ltr'><strong>enim</strong></span> <span class='ocrx_word' id='word_1_119' title='bbox 1394 1146 1459 1211; x_wconf 88' lang='lat' dir='ltr'><strong>ista</strong></span> <span class='ocrx_word' id='word_1_120' title='bbox 1481 1146 1598 1212; x_wconf 92' lang='lat' dir='ltr'><strong>melius</strong></span> <span class='ocrx_word' id='word_1_121' title='bbox 1620 1146 1765 1211; x_wconf 90' lang='lat' dir='ltr'><strong>illustrat</strong></span> <span class='ocrx_word' id='word_1_122' title='bbox 1787 1145 1850 1211; x_wconf 91' lang='lat' dir='ltr'><strong>Dei</strong></span> <span class='ocrx_word' id='word_1_123' title='bbox 1874 1146 2023 1230; x_wconf 87' lang='lat' dir='ltr'><strong>gratiam,</strong></span> <span class='ocrx_word' id='word_1_124' title='bbox 2046 1144 2101 1210; x_wconf 93' lang='lat' dir='ltr'><strong>ubi</strong></span> <span class='ocrx_word' id='word_1_125' title='bbox 2122 1157 2253 1226; x_wconf 89' lang='lat' dir='ltr'><strong>reputa-</strong></span> 
     </span>
     <span class='ocr_line' id='line_1_10' title="bbox 263 1229 2254 1318; baseline -0.002 -21"><span class='ocrx_word' id='word_1_126' title='bbox 263 1240 350 1297; x_wconf 91' lang='lat' dir='ltr'><strong>certe</strong></span> <span class='ocrx_word' id='word_1_127' title='bbox 378 1231 431 1297; x_wconf 91' lang='lat' dir='ltr'><strong>hic</strong></span> <span class='ocrx_word' id='word_1_128' title='bbox 459 1233 531 1298; x_wconf 85' lang='lat' dir='ltr'><strong>tons</strong></span> <span class='ocrx_word' id='word_1_129' title='bbox 560 1244 593 1299; x_wconf 89' lang='lat' dir='ltr'><strong>ct</strong></span> <span class='ocrx_word' id='word_1_130' title='bbox 621 1234 712 1318; x_wconf 88' lang='lat' dir='ltr'><strong>origo</strong></span> <span class='ocrx_word' id='word_1_131' title='bbox 741 1241 791 1299; x_wconf 89' lang='lat' dir='ltr'><strong>est</strong></span> <span class='ocrx_word' id='word_1_132' title='bbox 812 1233 977 1312; x_wconf 86' lang='lat' dir='ltr'><strong>eeclesiae,</strong></span> <span class='ocrx_word' id='word_1_133' title='bbox 1013 1254 1129 1316; x_wconf 87' lang='lat' dir='ltr'><strong>nempe</strong></span> <span class='ocrx_word' id='word_1_134' title='bbox 1156 1253 1232 1318; x_wconf 88' lang='lat' dir='ltr'><strong>gra-</strong></span> <span class='ocrx_word' id='word_1_135' title='bbox 1285 1253 1358 1297; x_wconf 90' lang='lat' dir='ltr'><strong>mus</strong></span> <span class='ocrx_word' id='word_1_136' title='bbox 1380 1243 1502 1314; x_wconf 90' lang='lat' dir='ltr'><strong>quanta</strong></span> <span class='ocrx_word' id='word_1_137' title='bbox 1524 1233 1569 1298; x_wconf 92' lang='lat' dir='ltr'><strong>sit</strong></span> <span class='ocrx_word' id='word_1_138' title='bbox 1591 1242 1701 1297; x_wconf 89' lang='lat' dir='ltr'><strong>nostra</strong></span> <span class='ocrx_word' id='word_1_139' title='bbox 1723 1232 1843 1314; x_wconf 91' lang='lat' dir='ltr'><strong>inopia,</strong></span> <span class='ocrx_word' id='word_1_140' title='bbox 1865 1246 1899 1295; x_wconf 94' lang='lat' dir='ltr'><strong>et</strong></span> <span class='ocrx_word' id='word_1_141' title='bbox 1921 1251 2018 1314; x_wconf 89' lang='lat' dir='ltr'><strong>quam</strong></span> <span class='ocrx_word' id='word_1_142' title='bbox 2042 1229 2125 1294; x_wconf 92' lang='lat' dir='ltr'><strong>nihil</strong></span> <span class='ocrx_word' id='word_1_143' title='bbox 2149 1232 2254 1294; x_wconf 90' lang='lat' dir='ltr'><strong>simus</strong></span> 
     </span>
     <span class='ocr_line' id='line_1_11' title="bbox 263 1313 2256 1404; baseline -0.001 -22"><span class='ocrx_word' id='word_1_144' title='bbox 263 1319 367 1383; x_wconf 89' lang='lat' dir='ltr'><strong>tuitus</strong></span> <span class='ocrx_word' id='word_1_145' title='bbox 388 1316 452 1382; x_wconf 91' lang='lat' dir='ltr'><strong>Dei</strong></span> <span class='ocrx_word' id='word_1_146' title='bbox 474 1338 580 1384; x_wconf 91' lang='lat' dir='ltr'><strong>amor:</strong></span> <span class='ocrx_word' id='word_1_147' title='bbox 602 1329 635 1383; x_wconf 93' lang='lat' dir='ltr'><strong>et</strong></span> <span class='ocrx_word' id='word_1_148' title='bbox 656 1319 902 1404; x_wconf 86' lang='lat' dir='ltr'><strong>quibuscunque</strong></span> <span class='ocrx_word' id='word_1_149' title='bbox 924 1319 1091 1386; x_wconf 90' lang='lat' dir='ltr'><strong>beneficiis</strong></span> <span class='ocrx_word' id='word_1_150' title='bbox 1120 1338 1232 1402; x_wconf 88' lang='lat' dir='ltr'><strong>prose·</strong></span> <span class='ocrx_word' id='word_1_151' title='bbox 1286 1326 1379 1382; x_wconf 85' lang='lat' dir='ltr'><strong>extra</strong></span> <span class='ocrx_word' id='word_1_152' title='bbox 1408 1317 1527 1384; x_wconf 90' lang='lat' dir='ltr'><strong>Deum.</strong></span> <span class='ocrx_word' id='word_1_153' title='bbox 1572 1318 1696 1382; x_wconf 84' lang='lat' dir='ltr'><strong>Iterum</strong></span> <span class='ocrx_word' id='word_1_154' title='bbox 1727 1337 1805 1401; x_wconf 90' lang='lat' dir='ltr'><strong>ergo</strong></span> <span class='ocrx_word' id='word_1_155' title='bbox 1836 1328 2005 1398; x_wconf 86' lang='lat' dir='ltr'><strong>repetunt,</strong></span> <span class='ocrx_word' id='word_1_156' title='bbox 2033 1335 2068 1382; x_wconf 90' lang='lat' dir='ltr'><strong>so</strong></span> <span class='ocrx_word' id='word_1_157' title='bbox 2096 1313 2256 1380; x_wconf 85' lang='lat' dir='ltr'><strong>divinitus</strong></span> 
     </span>
     <span class='ocr_line' id='line_1_12' title="bbox 265 1400 2254 1489; baseline -0.002 -21"><span class='ocrx_word' id='word_1_158' title='bbox 265 1403 375 1486; x_wconf 88' lang='lat' dir='ltr'><strong>quitur</strong></span> <span class='ocrx_word' id='word_1_159' title='bbox 387 1403 477 1470; x_wconf 91' lang='lat' dir='ltr'><strong>Deus</strong></span> <span class='ocrx_word' id='word_1_160' title='bbox 496 1425 589 1469; x_wconf 90' lang='lat' dir='ltr'><strong>suam</strong></span> <span class='ocrx_word' id='word_1_161' title='bbox 609 1405 789 1489; x_wconf 87' lang='lat' dir='ltr'><strong>ecclesiam,</strong></span> <span class='ocrx_word' id='word_1_162' title='bbox 807 1426 849 1471; x_wconf 88' lang='lat' dir='ltr'><strong>ex</strong></span> <span class='ocrx_word' id='word_1_163' title='bbox 867 1404 979 1471; x_wconf 89' lang='lat' dir='ltr'><strong>eodem</strong></span> <span class='ocrx_word' id='word_1_164' title='bbox 998 1405 1088 1469; x_wconf 90' lang='lat' dir='ltr'><strong>fonte</strong></span> <span class='ocrx_word' id='word_1_165' title='bbox 1109 1412 1230 1470; x_wconf 89' lang='lat' dir='ltr'><strong>manat.</strong></span> <span class='ocrx_word' id='word_1_166' title='bbox 1285 1405 1385 1469; x_wconf 89' lang='lat' dir='ltr'><strong>luisse</strong></span> <span class='ocrx_word' id='word_1_167' title='bbox 1424 1416 1581 1485; x_wconf 86' lang='lat' dir='ltr'><strong>servatos,</strong></span> <span class='ocrx_word' id='word_1_168' title='bbox 1620 1402 1662 1468; x_wconf 89' lang='lat' dir='ltr'><strong>ab</strong></span> <span class='ocrx_word' id='word_1_169' title='bbox 1700 1402 1812 1467; x_wconf 89' lang='lat' dir='ltr'><strong>eodem</strong></span> <span class='ocrx_word' id='word_1_170' title='bbox 1853 1403 1923 1467; x_wconf 87' lang='lat' dir='ltr'><strong>Deo</strong></span> <span class='ocrx_word' id='word_1_171' title='bbox 1961 1400 2114 1484; x_wconf 85' lang='lat' dir='ltr'><strong>expulsos</strong></span> <span class='ocrx_word' id='word_1_172' title='bbox 2154 1401 2254 1465; x_wconf 88' lang='lat' dir='ltr'><strong>luisse</strong></span> 
     </span>
     <span class='ocr_line' id='line_1_13' title="bbox 262 1487 1672 1575; baseline -0.001 -22"><span class='ocrx_word' id='word_1_173' title='bbox 262 1488 341 1554; x_wconf 91' lang='lat' dir='ltr'><strong>Ideo</strong></span> <span class='ocrx_word' id='word_1_174' title='bbox 363 1487 448 1572; x_wconf 91' lang='lat' dir='ltr'><strong>quod</strong></span> <span class='ocrx_word' id='word_1_175' title='bbox 471 1490 597 1555; x_wconf 89' lang='lat' dir='ltr'><strong>collecti</strong></span> <span class='ocrx_word' id='word_1_176' title='bbox 620 1510 733 1557; x_wconf 90' lang='lat' dir='ltr'><strong>sumus</strong></span> <span class='ocrx_word' id='word_1_177' title='bbox 755 1490 791 1555; x_wconf 92' lang='lat' dir='ltr'><strong>in</strong></span> <span class='ocrx_word' id='word_1_178' title='bbox 819 1490 998 1570; x_wconf 87' lang='lat' dir='ltr'><strong>ecclesiam,</strong></span> <span class='ocrx_word' id='word_1_179' title='bbox 1028 1491 1114 1575; x_wconf 89' lang='lat' dir='ltr'><strong>qnod</strong></span> <span class='ocrx_word' id='word_1_180' title='bbox 1143 1490 1232 1554; x_wconf 84' lang='lat' dir='ltr'><strong>fove·</strong></span> <span class='ocrx_word' id='word_1_181' title='bbox 1285 1489 1398 1554; x_wconf 90' lang='lat' dir='ltr'><strong>hostes</strong></span> <span class='ocrx_word' id='word_1_182' title='bbox 1421 1502 1453 1553; x_wconf 91' lang='lat' dir='ltr'><strong>et</strong></span> <span class='ocrx_word' id='word_1_183' title='bbox 1475 1489 1672 1572; x_wconf 86' lang='lat' dir='ltr'><strong>pudefactos.</strong></span> 
     </span>
     <span class='ocr_line' id='line_1_14' title="bbox 263 1572 2255 1661; baseline -0.001 -23"><span class='ocrx_word' id='word_1_184' title='bbox 263 1594 337 1638; x_wconf 92' lang='lat' dir='ltr'><strong>mur</strong></span> <span class='ocrx_word' id='word_1_185' title='bbox 370 1595 408 1640; x_wconf 89' lang='lat' dir='ltr'><strong>ao</strong></span> <span class='ocrx_word' id='word_1_186' title='bbox 444 1576 648 1661; x_wconf 88' lang='lat' dir='ltr'><strong>protegimur</strong></span> <span class='ocrx_word' id='word_1_187' title='bbox 679 1576 742 1642; x_wconf 91' lang='lat' dir='ltr'><strong>Dei</strong></span> <span class='ocrx_word' id='word_1_188' title='bbox 775 1596 895 1642; x_wconf 92' lang='lat' dir='ltr'><strong>mauu:</strong></span> <span class='ocrx_word' id='word_1_189' title='bbox 927 1596 1026 1643; x_wconf 93' lang='lat' dir='ltr'><strong>causa</strong></span> <span class='ocrx_word' id='word_1_190' title='bbox 1059 1597 1125 1641; x_wconf 94' lang='lat' dir='ltr'><strong>non</strong></span> <span class='ocrx_word' id='word_1_191' title='bbox 1155 1572 1232 1639; x_wconf 90' lang='lat' dir='ltr'><strong>alibi</strong></span> <span class='ocrx_word' id='word_1_192' title='bbox 1373 1581 1401 1637; x_wconf 83' lang='lat'><strong>9.</strong></span> <span class='ocrx_word' id='word_1_193' title='bbox 1424 1574 1487 1660; x_wconf 86' lang='lat' dir='ltr'><strong>(Iu</strong></span> <span class='ocrx_word' id='word_1_194' title='bbox 1510 1575 1576 1640; x_wconf 89' lang='lat' dir='ltr'><strong>Deo</strong></span> <span class='ocrx_word' id='word_1_195' title='bbox 1597 1572 1820 1657; x_wconf 69' lang='lat' dir='ltr'><strong>mutabimus.)</strong></span> <span class='ocrx_word' id='word_1_196' title='bbox 1861 1572 2036 1639; x_wconf 83' lang='lat' dir='ltr'><strong>Conclusio</strong></span> <span class='ocrx_word' id='word_1_197' title='bbox 2057 1582 2109 1638; x_wconf 89' lang='lat' dir='ltr'><strong>ost</strong></span> <span class='ocrx_word' id='word_1_198' title='bbox 2131 1573 2255 1657; x_wconf 85' lang='lat' dir='ltr'><strong>primae</strong></span> 
     </span>
     <span class='ocr_line' id='line_1_15' title="bbox 262 1658 2255 1744; baseline 0 -20"><span class='ocrx_word' id='word_1_199' title='bbox 262 1679 359 1743; x_wconf 88' lang='lat' dir='ltr'><strong>quam</strong></span> <span class='ocrx_word' id='word_1_200' title='bbox 382 1659 417 1724; x_wconf 92' lang='lat' dir='ltr'><strong>in</strong></span> <span class='ocrx_word' id='word_1_201' title='bbox 441 1658 513 1725; x_wconf 89' lang='lat' dir='ltr'><strong>Deo</strong></span> <span class='ocrx_word' id='word_1_202' title='bbox 535 1662 721 1744; x_wconf 90' lang='lat' dir='ltr'><strong>quaerenda</strong></span> <span class='ocrx_word' id='word_1_203' title='bbox 738 1670 797 1728; x_wconf 86' lang='lat' dir='ltr'><strong>est.</strong></span> <span class='ocrx_word' id='word_1_204' title='bbox 830 1662 899 1729; x_wconf 88' lang='lat' dir='ltr'><strong>Nec</strong></span> <span class='ocrx_word' id='word_1_205' title='bbox 922 1683 999 1727; x_wconf 88' lang='lat' dir='ltr'><strong>vero</strong></span> <span class='ocrx_word' id='word_1_206' title='bbox 1022 1661 1076 1727; x_wconf 94' lang='lat' dir='ltr'><strong>hic</strong></span> <span class='ocrx_word' id='word_1_207' title='bbox 1092 1662 1133 1727; x_wconf 92' lang='lat' dir='ltr'><strong>de</strong></span> <span class='ocrx_word' id='word_1_208' title='bbox 1150 1681 1233 1727; x_wconf 91' lang='lat' dir='ltr'><strong>com·</strong></span> <span class='ocrx_word' id='word_1_209' title='bbox 1286 1662 1397 1744; x_wconf 90' lang='lat' dir='ltr'><strong>partis.</strong></span> <span class='ocrx_word' id='word_1_210' title='bbox 1442 1661 1527 1726; x_wconf 89' lang='lat' dir='ltr'><strong>Nam</strong></span> <span class='ocrx_word' id='word_1_211' title='bbox 1550 1662 1582 1727; x_wconf 92' lang='lat' dir='ltr'><strong>iu</strong></span> <span class='ocrx_word' id='word_1_212' title='bbox 1607 1680 1735 1724; x_wconf 87' lang='lat' dir='ltr'><strong>summa</strong></span> <span class='ocrx_word' id='word_1_213' title='bbox 1757 1672 1939 1743; x_wconf 90' lang='lat' dir='ltr'><strong>agnoscunt</strong></span> <span class='ocrx_word' id='word_1_214' title='bbox 1967 1667 2093 1723; x_wconf 90' lang='lat' dir='ltr'><strong>tantam</strong></span> <span class='ocrx_word' id='word_1_215' title='bbox 2116 1659 2255 1724; x_wconf 90' lang='lat' dir='ltr'><strong>saeculis</strong></span> 
     </span>
     <span class='ocr_line' id='line_1_16' title="bbox 264 1743 2254 1832; baseline 0 -24"><span class='ocrx_word' id='word_1_216' title='bbox 264 1745 358 1809; x_wconf 91' lang='lat' dir='ltr'><strong>muni</strong></span> <span class='ocrx_word' id='word_1_217' title='bbox 380 1744 445 1810; x_wconf 90' lang='lat' dir='ltr'><strong>Dei</strong></span> <span class='ocrx_word' id='word_1_218' title='bbox 468 1746 695 1812; x_wconf 84' lang='lat' dir='ltr'><strong>benevolentia</strong></span> <span class='ocrx_word' id='word_1_219' title='bbox 717 1746 834 1832; x_wconf 90' lang='lat' dir='ltr'><strong>agitur,</strong></span> <span class='ocrx_word' id='word_1_220' title='bbox 855 1769 938 1831; x_wconf 89' lang='lat' dir='ltr'><strong>quac</strong></span> <span class='ocrx_word' id='word_1_221' title='bbox 960 1768 995 1814; x_wconf 90' lang='lat' dir='ltr'><strong>se</strong></span> <span class='ocrx_word' id='word_1_222' title='bbox 1018 1746 1165 1813; x_wconf 87' lang='lat' dir='ltr'><strong>extendit</strong></span> <span class='ocrx_word' id='word_1_223' title='bbox 1192 1745 1231 1810; x_wconf 91' lang='lat' dir='ltr'><strong>ad</strong></span> <span class='ocrx_word' id='word_1_224' title='bbox 1287 1747 1439 1814; x_wconf 91' lang='lat' dir='ltr'><strong>omnibus</strong></span> <span class='ocrx_word' id='word_1_225' title='bbox 1468 1747 1568 1811; x_wconf 87' lang='lat' dir='ltr'><strong>fuisse</strong></span> <span class='ocrx_word' id='word_1_226' title='bbox 1590 1744 1653 1809; x_wconf 90' lang='lat' dir='ltr'><strong>Dei</strong></span> <span class='ocrx_word' id='word_1_227' title='bbox 1674 1743 1853 1809; x_wconf 89' lang='lat' dir='ltr'><strong>bonitatem</strong></span> <span class='ocrx_word' id='word_1_228' title='bbox 1883 1765 1962 1829; x_wconf 87' lang='lat' dir='ltr'><strong>erga</strong></span> <span class='ocrx_word' id='word_1_229' title='bbox 1984 1745 2067 1809; x_wconf 85' lang='lat' dir='ltr'><strong>filios</strong></span> <span class='ocrx_word' id='word_1_230' title='bbox 2089 1743 2254 1820; x_wconf 87' lang='lat' dir='ltr'><strong>Abrahae,</strong></span> 
     </span>
     <span class='ocr_line' id='line_1_17' title="bbox 263 1830 2253 1918; baseline 0 -24"><span class='ocrx_word' id='word_1_231' title='bbox 263 1840 367 1895; x_wconf 90' lang='lat' dir='ltr'><strong>totum</strong></span> <span class='ocrx_word' id='word_1_232' title='bbox 390 1830 572 1897; x_wconf 91' lang='lat' dir='ltr'><strong>humanum</strong></span> <span class='ocrx_word' id='word_1_233' title='bbox 595 1853 708 1917; x_wconf 88' lang='lat' dir='ltr'><strong>genus,</strong></span> <span class='ocrx_word' id='word_1_234' title='bbox 727 1832 783 1898; x_wconf 91' lang='lat' dir='ltr'><strong>sed</strong></span> <span class='ocrx_word' id='word_1_235' title='bbox 804 1833 1017 1918; x_wconf 86' lang='lat' dir='ltr'><strong>distinguitur</strong></span> <span class='ocrx_word' id='word_1_236' title='bbox 1034 1833 1159 1899; x_wconf 88' lang='lat' dir='ltr'><strong>electus</strong></span> <span class='ocrx_word' id='word_1_237' title='bbox 1176 1851 1233 1917; x_wconf 93' lang='lat' dir='ltr'><strong>po·</strong></span> <span class='ocrx_word' id='word_1_238' title='bbox 1287 1843 1324 1896; x_wconf 90' lang='lat' dir='ltr'><strong>nt</strong></span> <span class='ocrx_word' id='word_1_239' title='bbox 1345 1834 1498 1898; x_wconf 89' lang='lat' dir='ltr'><strong>contiuua</strong></span> <span class='ocrx_word' id='word_1_240' title='bbox 1520 1832 1698 1916; x_wconf 88' lang='lat' dir='ltr'><strong>gratiarum</strong></span> <span class='ocrx_word' id='word_1_241' title='bbox 1730 1831 1866 1896; x_wconf 88' lang='lat' dir='ltr'><strong>actionis</strong></span> <span class='ocrx_word' id='word_1_242' title='bbox 1888 1830 2026 1894; x_wconf 90' lang='lat' dir='ltr'><strong>materia</strong></span> <span class='ocrx_word' id='word_1_243' title='bbox 2055 1840 2253 1912; x_wconf 85' lang='lat' dir='ltr'><strong>suppeteret.</strong></span> 
     </span>
     <span class='ocr_line' id='line_1_18' title="bbox 243 1914 2255 2000; baseline 0 -20"><span class='ocrx_word' id='word_1_244' title='bbox 243 1915 358 1999; x_wconf 56' lang='lat' dir='ltr'><strong>:palus</strong></span> <span class='ocrx_word' id='word_1_245' title='bbox 388 1936 407 1981; x_wconf 93' lang='lat' dir='ltr'><strong>a</strong></span> <span class='ocrx_word' id='word_1_246' title='bbox 434 1917 559 2000; x_wconf 89' lang='lat' dir='ltr'><strong>reliquo</strong></span> <span class='ocrx_word' id='word_1_247' title='bbox 592 1918 730 1997; x_wconf 91' lang='lat' dir='ltr'><strong>mundo,</strong></span> <span class='ocrx_word' id='word_1_248' title='bbox 762 1929 796 1984; x_wconf 91' lang='lat' dir='ltr'><strong>et</strong></span> <span class='ocrx_word' id='word_1_249' title='bbox 828 1919 1025 1985; x_wconf 88' lang='lat' dir='ltr'><strong>discriminis</strong></span> <span class='ocrx_word' id='word_1_250' title='bbox 1060 1939 1157 1985; x_wconf 91' lang='lat' dir='ltr'><strong>causa</strong></span> <span class='ocrx_word' id='word_1_251' title='bbox 1193 1914 1233 1981; x_wconf 90' lang='lat' dir='ltr'><strong>ad</strong></span> <span class='ocrx_word' id='word_1_252' title='bbox 1287 1918 1428 1983; x_wconf 88' lang='lat' dir='ltr'><strong>Perinde</strong></span> <span class='ocrx_word' id='word_1_253' title='bbox 1452 1919 1537 1982; x_wconf 89' lang='lat' dir='ltr'><strong>enim</strong></span> <span class='ocrx_word' id='word_1_254' title='bbox 1561 1938 1598 1982; x_wconf 89' lang='lat' dir='ltr'><strong>uo</strong></span> <span class='ocrx_word' id='word_1_255' title='bbox 1613 1915 1641 1998; x_wconf 83' lang='lat' dir='ltr'><strong>si</strong></span> <span class='ocrx_word' id='word_1_256' title='bbox 1663 1915 1771 1981; x_wconf 92' lang='lat' dir='ltr'><strong>adhuc</strong></span> <span class='ocrx_word' id='word_1_257' title='bbox 1792 1915 1826 1980; x_wconf 93' lang='lat' dir='ltr'><strong>in</strong></span> <span class='ocrx_word' id='word_1_258' title='bbox 1849 1916 2013 1999; x_wconf 87' lang='lat' dir='ltr'><strong>praesenti</strong></span> <span class='ocrx_word' id='word_1_259' title='bbox 2035 1916 2154 1995; x_wconf 80' lang='lat' dir='ltr'><strong>forent,</strong></span> <span class='ocrx_word' id='word_1_260' title='bbox 2176 1918 2255 1980; x_wconf 89' lang='lat' dir='ltr'><strong>assi·</strong></span> 
     </span>
     <span class='ocr_line' id='line_1_19' title="bbox 261 2000 2254 2087; baseline -0.001 -22"><span class='ocrx_word' id='word_1_261' title='bbox 261 2021 389 2066; x_wconf 91' lang='lat' dir='ltr'><strong>merum</strong></span> <span class='ocrx_word' id='word_1_262' title='bbox 411 2002 475 2067; x_wconf 89' lang='lat' dir='ltr'><strong>Dei</strong></span> <span class='ocrx_word' id='word_1_263' title='bbox 498 2003 735 2087; x_wconf 89' lang='lat' dir='ltr'><strong>beneplacitum</strong></span> <span class='ocrx_word' id='word_1_264' title='bbox 758 2004 909 2070; x_wconf 80' lang='lat' dir='ltr'><strong>retertur.</strong></span> <span class='ocrx_word' id='word_1_265' title='bbox 1287 2003 1384 2068; x_wconf 91' lang='lat' dir='ltr'><strong>duam</strong></span> <span class='ocrx_word' id='word_1_266' title='bbox 1409 2024 1442 2069; x_wconf 90' lang='lat' dir='ltr'><strong>se</strong></span> <span class='ocrx_word' id='word_1_267' title='bbox 1465 2003 1536 2068; x_wconf 93' lang='lat' dir='ltr'><strong>Deo</strong></span> <span class='ocrx_word' id='word_1_268' title='bbox 1558 2000 1687 2067; x_wconf 90' lang='lat' dir='ltr'><strong>laudem</strong></span> <span class='ocrx_word' id='word_1_269' title='bbox 1711 2000 1827 2066; x_wconf 88' lang='lat' dir='ltr'><strong>debere</strong></span> <span class='ocrx_word' id='word_1_270' title='bbox 1855 2011 2052 2085; x_wconf 89' lang='lat' dir='ltr'><strong>agnoscunt:</strong></span> <span class='ocrx_word' id='word_1_271' title='bbox 2084 2001 2162 2084; x_wconf 90' lang='lat' dir='ltr'><strong>quia</strong></span> <span class='ocrx_word' id='word_1_272' title='bbox 2191 2022 2254 2065; x_wconf 95' lang='lat' dir='ltr'><strong>non</strong></span> 
     </span>
     <span class='ocr_line' id='line_1_20' title="bbox 1287 2086 2254 2172; baseline -0.004 -19"><span class='ocrx_word' id='word_1_273' title='bbox 1287 2110 1353 2153; x_wconf 94' lang='lat' dir='ltr'><strong>uno</strong></span> <span class='ocrx_word' id='word_1_274' title='bbox 1371 2089 1499 2155; x_wconf 87' lang='lat' dir='ltr'><strong>saeculo</strong></span> <span class='ocrx_word' id='word_1_275' title='bbox 1517 2090 1571 2154; x_wconf 82' lang='lat' dir='ltr'><strong>rel</strong></span> <span class='ocrx_word' id='word_1_276' title='bbox 1590 2090 1711 2172; x_wconf 79' lang='lat' dir='ltr'><strong>exiguo</strong></span> <span class='ocrx_word' id='word_1_277' title='bbox 1729 2096 1885 2170; x_wconf 87' lang='lat' dir='ltr'><strong>tempore,</strong></span> <span class='ocrx_word' id='word_1_278' title='bbox 1908 2086 1965 2151; x_wconf 90' lang='lat' dir='ltr'><strong>sed</strong></span> <span class='ocrx_word' id='word_1_279' title='bbox 1983 2086 2149 2150; x_wconf 89' lang='lat' dir='ltr'><strong>continuis</strong></span> <span class='ocrx_word' id='word_1_280' title='bbox 2167 2096 2254 2150; x_wconf 87' lang='lat' dir='ltr'><strong>aeta·</strong></span> 
     </span>
     <span class='ocr_line' id='line_1_21' title="bbox 347 2172 2255 2256; baseline -0.002 -20"><span class='ocrx_word' id='word_1_281' title='bbox 347 2172 377 2237; x_wconf 84' lang='lat'><strong>5.</strong></span> <span class='ocrx_word' id='word_1_282' title='bbox 403 2172 453 2237; x_wconf 82' lang='lat' dir='ltr'><strong>Tu</strong></span> <span class='ocrx_word' id='word_1_283' title='bbox 472 2173 541 2254; x_wconf 64' lang='lat' dir='ltr'><strong>risse</strong></span> <span class='ocrx_word' id='word_1_284' title='bbox 560 2193 617 2240; x_wconf 79' lang='lat' dir='ltr'><strong>ree</strong></span> <span class='ocrx_word' id='word_1_285' title='bbox 638 2195 733 2256; x_wconf 80' lang='lat' dir='ltr'><strong>murs,</strong></span> <span class='ocrx_word' id='word_1_286' title='bbox 758 2173 846 2240; x_wconf 86' lang='lat' dir='ltr'><strong>Deus</strong></span> <span class='ocrx_word' id='word_1_287' title='bbox 864 2176 982 2240; x_wconf 81' lang='lat' dir='ltr'><strong>nmnda</strong></span> <span class='ocrx_word' id='word_1_288' title='bbox 998 2174 1113 2240; x_wconf 85' lang='lat' dir='ltr'><strong>salutes</strong></span> <span class='ocrx_word' id='word_1_289' title='bbox 1131 2172 1234 2240; x_wconf 84' lang='lat' dir='ltr'><strong>Iacob.</strong></span> <span class='ocrx_word' id='word_1_290' title='bbox 1287 2175 1375 2240; x_wconf 91' lang='lat' dir='ltr'><strong>tibus</strong></span> <span class='ocrx_word' id='word_1_291' title='bbox 1404 2176 1584 2251; x_wconf 89' lang='lat' dir='ltr'><strong>floruerint,</strong></span> <span class='ocrx_word' id='word_1_292' title='bbox 1616 2195 1689 2239; x_wconf 90' lang='lat' dir='ltr'><strong>nam</strong></span> <span class='ocrx_word' id='word_1_293' title='bbox 1719 2172 1875 2255; x_wconf 88' lang='lat' dir='ltr'><strong>quidquid</strong></span> <span class='ocrx_word' id='word_1_294' title='bbox 1904 2172 2044 2238; x_wconf 78' lang='lat' dir='ltr'><strong>feliciter</strong></span> <span class='ocrx_word' id='word_1_295' title='bbox 2064 2174 2255 2256; x_wconf 87' lang='lat' dir='ltr'><strong>contigerat,</strong></span> 
     </span>
     <span class='ocr_line' id='line_1_22' title="bbox 264 2257 2255 2343; baseline -0.001 -21"><span class='ocrx_word' id='word_1_296' title='bbox 264 2257 294 2322; x_wconf 90' lang='lat'><strong>6.</strong></span> <span class='ocrx_word' id='word_1_297' title='bbox 318 2257 361 2321; x_wconf 91' lang='lat' dir='ltr'><strong>In</strong></span> <span class='ocrx_word' id='word_1_298' title='bbox 382 2261 409 2323; x_wconf 91' lang='lat' dir='ltr'><strong>te</strong></span> <span class='ocrx_word' id='word_1_299' title='bbox 430 2259 631 2326; x_wconf 77' lang='lat' dir='ltr'><strong>adeumrios</strong></span> <span class='ocrx_word' id='word_1_300' title='bbox 651 2265 772 2327; x_wconf 89' lang='lat' dir='ltr'><strong>nostros</strong></span> <span class='ocrx_word' id='word_1_301' title='bbox 792 2279 890 2326; x_wconf 78' lang='lat' dir='ltr'><strong>sunu</strong></span> <span class='ocrx_word' id='word_1_302' title='bbox 906 2261 1092 2342; x_wconf 81' lang='lat' dir='ltr'><strong>petivimus:</strong></span> <span class='ocrx_word' id='word_1_303' title='bbox 1123 2259 1157 2324; x_wconf 89' lang='lat' dir='ltr'><strong>in</strong></span> <span class='ocrx_word' id='word_1_304' title='bbox 1179 2279 1233 2323; x_wconf 89' lang='lat' dir='ltr'><strong>no·</strong></span> <span class='ocrx_word' id='word_1_305' title='bbox 1287 2271 1455 2343; x_wconf 89' lang='lat' dir='ltr'><strong>acceptum</strong></span> <span class='ocrx_word' id='word_1_306' title='bbox 1495 2258 1643 2325; x_wconf 80' lang='lat' dir='ltr'><strong>referunt</strong></span> <span class='ocrx_word' id='word_1_307' title='bbox 1681 2259 1751 2323; x_wconf 91' lang='lat' dir='ltr'><strong>eius</strong></span> <span class='ocrx_word' id='word_1_308' title='bbox 1790 2260 1924 2342; x_wconf 86' lang='lat' dir='ltr'><strong>gratiae.</strong></span> <span class='ocrx_word' id='word_1_309' title='bbox 1969 2258 2013 2321; x_wconf 84' lang='lat' dir='ltr'><strong>Et</strong></span> <span class='ocrx_word' id='word_1_310' title='bbox 2051 2267 2140 2323; x_wconf 85' lang='lat' dir='ltr'><strong>certe</strong></span> <span class='ocrx_word' id='word_1_311' title='bbox 2179 2271 2255 2321; x_wconf 91' lang='lat' dir='ltr'><strong>tunc</strong></span> 
     </span>
     <span class='ocr_line' id='line_1_23' title="bbox 263 2341 2254 2430; baseline 0.001 -26"><span class='ocrx_word' id='word_1_312' title='bbox 263 2341 346 2407; x_wconf 85' lang='lat' dir='ltr'><strong>mine</strong></span> <span class='ocrx_word' id='word_1_313' title='bbox 367 2348 419 2408; x_wconf 94' lang='lat' dir='ltr'><strong>tuo</strong></span> <span class='ocrx_word' id='word_1_314' title='bbox 439 2341 626 2412; x_wconf 74' lang='lat' dir='ltr'><strong>mhauimus</strong></span> <span class='ocrx_word' id='word_1_315' title='bbox 646 2347 839 2430; x_wconf 68' lang='lat' dir='ltr'><strong>insurgentes</strong></span> <span class='ocrx_word' id='word_1_316' title='bbox 860 2350 966 2411; x_wconf 77' lang='lat' dir='ltr'><strong>outre</strong></span> <span class='ocrx_word' id='word_1_317' title='bbox 988 2365 1053 2412; x_wconf 89' lang='lat' dir='ltr'><strong>nos.</strong></span> <span class='ocrx_word' id='word_1_318' title='bbox 1099 2345 1128 2411; x_wconf 82' lang='grc'><strong>7.</strong></span> <span class='ocrx_word' id='word_1_319' title='bbox 1151 2344 1234 2426; x_wconf 76' lang='lat' dir='ltr'><strong>Quia</strong></span> <span class='ocrx_word' id='word_1_320' title='bbox 1287 2345 1418 2412; x_wconf 88' lang='lat' dir='ltr'><strong>demum</strong></span> <span class='ocrx_word' id='word_1_321' title='bbox 1445 2367 1486 2412; x_wconf 87' lang='lat' dir='ltr'><strong>ex</strong></span> <span class='ocrx_word' id='word_1_322' title='bbox 1508 2345 1606 2412; x_wconf 87' lang='lat' dir='ltr'><strong>rebus</strong></span> <span class='ocrx_word' id='word_1_323' title='bbox 1636 2347 1801 2427; x_wconf 87' lang='lat' dir='ltr'><strong>prosperis</strong></span> <span class='ocrx_word' id='word_1_324' title='bbox 1831 2354 1944 2408; x_wconf 92' lang='lat' dir='ltr'><strong>sancta</strong></span> <span class='ocrx_word' id='word_1_325' title='bbox 1973 2354 2005 2407; x_wconf 91' lang='lat' dir='ltr'><strong>et</strong></span> <span class='ocrx_word' id='word_1_326' title='bbox 2033 2344 2095 2407; x_wconf 88' lang='lat' dir='ltr'><strong>rite</strong></span> <span class='ocrx_word' id='word_1_327' title='bbox 2123 2363 2254 2426; x_wconf 89' lang='lat' dir='ltr'><strong>compo·</strong></span> 
     </span>
     <span class='ocr_line' id='line_1_24' title="bbox 263 2427 2255 2516; baseline -0.001 -24"><span class='ocrx_word' id='word_1_328' title='bbox 263 2447 327 2493; x_wconf 88' lang='lat' dir='ltr'><strong>uon</strong></span> <span class='ocrx_word' id='word_1_329' title='bbox 353 2428 387 2493; x_wconf 84' lang='lat' dir='ltr'><strong>in</strong></span> <span class='ocrx_word' id='word_1_330' title='bbox 415 2449 492 2495; x_wconf 88' lang='lat' dir='ltr'><strong>areu</strong></span> <span class='ocrx_word' id='word_1_331' title='bbox 521 2451 585 2497; x_wconf 88' lang='lat' dir='ltr'><strong>meo</strong></span> <span class='ocrx_word' id='word_1_332' title='bbox 613 2433 751 2516; x_wconf 77' lang='lat' dir='ltr'><strong>sperabo,</strong></span> <span class='ocrx_word' id='word_1_333' title='bbox 781 2430 956 2516; x_wconf 69' lang='lat' dir='ltr'><strong>equetus</strong></span> <span class='ocrx_word' id='word_1_334' title='bbox 976 2452 1064 2497; x_wconf 89' lang='lat' dir='ltr'><strong>meus</strong></span> <span class='ocrx_word' id='word_1_335' title='bbox 1084 2452 1146 2496; x_wconf 87' lang='lat' dir='ltr'><strong>non</strong></span> <span class='ocrx_word' id='word_1_336' title='bbox 1167 2449 1232 2495; x_wconf 87' lang='lat' dir='ltr'><strong>ser·</strong></span> <span class='ocrx_word' id='word_1_337' title='bbox 1287 2432 1351 2496; x_wconf 91' lang='lat' dir='ltr'><strong>sita</strong></span> <span class='ocrx_word' id='word_1_338' title='bbox 1372 2432 1494 2496; x_wconf 85' lang='lat' dir='ltr'><strong>laetitia</strong></span> <span class='ocrx_word' id='word_1_339' title='bbox 1516 2433 1706 2514; x_wconf 88' lang='lat' dir='ltr'><strong>concipitur,</strong></span> <span class='ocrx_word' id='word_1_340' title='bbox 1733 2431 1810 2494; x_wconf 91' lang='lat' dir='ltr'><strong>dum</strong></span> <span class='ocrx_word' id='word_1_341' title='bbox 1829 2431 1969 2511; x_wconf 91' lang='lat' dir='ltr'><strong>erumpit</strong></span> <span class='ocrx_word' id='word_1_342' title='bbox 1991 2431 2024 2493; x_wconf 94' lang='lat' dir='ltr'><strong>in</strong></span> <span class='ocrx_word' id='word_1_343' title='bbox 2045 2428 2159 2493; x_wconf 87' lang='lat' dir='ltr'><strong>laudes</strong></span> <span class='ocrx_word' id='word_1_344' title='bbox 2180 2427 2255 2493; x_wconf 91' lang='lat' dir='ltr'><strong>Dei.</strong></span> 
     </span>
     <span class='ocr_line' id='line_1_25' title="bbox 263 2512 2255 2601; baseline 0 -23"><span class='ocrx_word' id='word_1_345' title='bbox 263 2512 346 2578; x_wconf 84' lang='lat' dir='ltr'><strong>cubit</strong></span> <span class='ocrx_word' id='word_1_346' title='bbox 366 2533 428 2580; x_wconf 89' lang='lat' dir='ltr'><strong>me:</strong></span> <span class='ocrx_word' id='word_1_347' title='bbox 457 2516 486 2582; x_wconf 89' lang='lat'><strong>8.</strong></span> <span class='ocrx_word' id='word_1_348' title='bbox 512 2514 597 2582; x_wconf 78' lang='lat' dir='ltr'><strong>Certe</strong></span> <span class='ocrx_word' id='word_1_349' title='bbox 618 2520 751 2583; x_wconf 76' lang='lat' dir='ltr'><strong>semusti</strong></span> <span class='ocrx_word' id='word_1_350' title='bbox 772 2536 828 2582; x_wconf 86' lang='lat' dir='ltr'><strong>uos</strong></span> <span class='ocrx_word' id='word_1_351' title='bbox 849 2516 889 2582; x_wconf 85' lang='lat' dir='ltr'><strong>ab</strong></span> <span class='ocrx_word' id='word_1_352' title='bbox 906 2516 1043 2582; x_wconf 69' lang='lat' dir='ltr'><strong>toruus</strong></span> <span class='ocrx_word' id='word_1_353' title='bbox 1059 2517 1184 2599; x_wconf 82' lang='lat' dir='ltr'><strong>nostris,</strong></span> <span class='ocrx_word' id='word_1_354' title='bbox 1207 2520 1235 2578; x_wconf 92' lang='lat' dir='ltr'><strong>et</strong></span> <span class='ocrx_word' id='word_1_355' title='bbox 1287 2516 1376 2601; x_wconf 83' lang='lat' dir='ltr'><strong>Ergo</strong></span> <span class='ocrx_word' id='word_1_356' title='bbox 1405 2537 1535 2583; x_wconf 89' lang='lat' dir='ltr'><strong>versum</strong></span> <span class='ocrx_word' id='word_1_357' title='bbox 1566 2517 1653 2583; x_wconf 92' lang='lat' dir='ltr'><strong>hunc</strong></span> <span class='ocrx_word' id='word_1_358' title='bbox 1680 2516 1928 2581; x_wconf 87' lang='lat' dir='ltr'><strong>meminerimus</strong></span> <span class='ocrx_word' id='word_1_359' title='bbox 1956 2513 1998 2578; x_wconf 90' lang='lat' dir='ltr'><strong>ad</strong></span> <span class='ocrx_word' id='word_1_360' title='bbox 2027 2514 2149 2579; x_wconf 90' lang='lat' dir='ltr'><strong>laetum</strong></span> <span class='ocrx_word' id='word_1_361' title='bbox 2172 2513 2255 2578; x_wconf 93' lang='lat' dir='ltr'><strong>illud</strong></span> 
     </span>
     <span class='ocr_line' id='line_1_26' title="bbox 264 2601 2257 2687; baseline -0.002 -22"><span class='ocrx_word' id='word_1_362' title='bbox 264 2618 367 2665; x_wconf 80' lang='lat' dir='ltr'><strong>osores</strong></span> <span class='ocrx_word' id='word_1_363' title='bbox 387 2607 510 2667; x_wconf 84' lang='lat' dir='ltr'><strong>nostros</strong></span> <span class='ocrx_word' id='word_1_364' title='bbox 526 2603 723 2685; x_wconf 75' lang='lat' dir='ltr'><strong>perdefecisti.</strong></span> <span class='ocrx_word' id='word_1_365' title='bbox 761 2603 792 2667; x_wconf 87' lang='lat'><strong>9.</strong></span> <span class='ocrx_word' id='word_1_366' title='bbox 817 2603 859 2665; x_wconf 90' lang='lat' dir='ltr'><strong>In</strong></span> <span class='ocrx_word' id='word_1_367' title='bbox 872 2602 942 2668; x_wconf 90' lang='lat' dir='ltr'><strong>Deo</strong></span> <span class='ocrx_word' id='word_1_368' title='bbox 960 2602 1158 2667; x_wconf 81' lang='lat' dir='ltr'><strong>laudabimus</strong></span> <span class='ocrx_word' id='word_1_369' title='bbox 1173 2606 1233 2666; x_wconf 88' lang='lat' dir='ltr'><strong>toto</strong></span> <span class='ocrx_word' id='word_1_370' title='bbox 1287 2612 1414 2686; x_wconf 88' lang='lat' dir='ltr'><strong>tempus</strong></span> <span class='ocrx_word' id='word_1_371' title='bbox 1434 2603 1546 2667; x_wconf 83' lang='lat' dir='ltr'><strong>referri</strong></span> <span class='ocrx_word' id='word_1_372' title='bbox 1569 2624 1632 2687; x_wconf 89' lang='lat' dir='ltr'><strong>quo</strong></span> <span class='ocrx_word' id='word_1_373' title='bbox 1649 2601 1741 2665; x_wconf 92' lang='lat' dir='ltr'><strong>Deus</strong></span> <span class='ocrx_word' id='word_1_374' title='bbox 1758 2601 1915 2683; x_wconf 92' lang='lat' dir='ltr'><strong>populum</strong></span> <span class='ocrx_word' id='word_1_375' title='bbox 1937 2619 2035 2664; x_wconf 90' lang='lat' dir='ltr'><strong>suum</strong></span> <span class='ocrx_word' id='word_1_376' title='bbox 2054 2601 2165 2663; x_wconf 81' lang='lat' dir='ltr'><strong>lavore</strong></span> <span class='ocrx_word' id='word_1_377' title='bbox 2181 2619 2257 2683; x_wconf 80' lang='lat' dir='ltr'><strong>pro·</strong></span> 
     </span>
     <span class='ocr_line' id='line_1_27' title="bbox 264 2684 2256 2770; baseline 0 -21"><span class='ocrx_word' id='word_1_378' title='bbox 264 2686 323 2766; x_wconf 85' lang='lat' dir='ltr'><strong>die,</strong></span> <span class='ocrx_word' id='word_1_379' title='bbox 342 2688 370 2750; x_wconf 86' lang='lat' dir='ltr'><strong>et</strong></span> <span class='ocrx_word' id='word_1_380' title='bbox 386 2687 507 2751; x_wconf 88' lang='lat' dir='ltr'><strong>nomini</strong></span> <span class='ocrx_word' id='word_1_381' title='bbox 524 2692 575 2752; x_wconf 91' lang='lat' dir='ltr'><strong>tuo</strong></span> <span class='ocrx_word' id='word_1_382' title='bbox 592 2689 627 2752; x_wconf 82' lang='lat' dir='ltr'><strong>in</strong></span> <span class='ocrx_word' id='word_1_383' title='bbox 644 2687 803 2754; x_wconf 77' lang='lat' dir='ltr'><strong>saeculum</strong></span> <span class='ocrx_word' id='word_1_384' title='bbox 819 2687 1039 2768; x_wconf 77' lang='lat' dir='ltr'><strong>confitebimur.</strong></span> <span class='ocrx_word' id='word_1_385' title='bbox 1072 2684 1175 2753; x_wconf 75' lang='lat' dir='ltr'><strong>Sciat.</strong></span> <span class='ocrx_word' id='word_1_386' title='bbox 1286 2688 1497 2770; x_wconf 89' lang='lat' dir='ltr'><strong>sequebatur:</strong></span> <span class='ocrx_word' id='word_1_387' title='bbox 1520 2687 1635 2753; x_wconf 89' lang='lat' dir='ltr'><strong>deinde</strong></span> <span class='ocrx_word' id='word_1_388' title='bbox 1658 2687 1712 2752; x_wconf 91' lang='lat' dir='ltr'><strong>hio</strong></span> <span class='ocrx_word' id='word_1_389' title='bbox 1733 2686 1846 2751; x_wconf 86' lang='lat' dir='ltr'><strong>fideles</strong></span> <span class='ocrx_word' id='word_1_390' title='bbox 1868 2685 1982 2750; x_wconf 88' lang='lat' dir='ltr'><strong>testari</strong></span> <span class='ocrx_word' id='word_1_391' title='bbox 2005 2703 2099 2751; x_wconf 89' lang='lat' dir='ltr'><strong>suam</strong></span> <span class='ocrx_word' id='word_1_392' title='bbox 2117 2687 2256 2769; x_wconf 86' lang='lat' dir='ltr'><strong>gratitu-</strong></span> 
     </span>
     <span class='ocr_line' id='line_1_28' title="bbox 1285 2770 2257 2853; baseline -0.004 -15"><span class='ocrx_word' id='word_1_393' title='bbox 1285 2770 1406 2851; x_wconf 89' lang='lat' dir='ltr'><strong>dinem,</strong></span> <span class='ocrx_word' id='word_1_394' title='bbox 1436 2772 1513 2838; x_wconf 90' lang='lat' dir='ltr'><strong>dum</strong></span> <span class='ocrx_word' id='word_1_395' title='bbox 1537 2775 1624 2837; x_wconf 87' lang='lat' dir='ltr'><strong>omni</strong></span> <span class='ocrx_word' id='word_1_396' title='bbox 1648 2771 1730 2838; x_wconf 84' lang='lat' dir='ltr'><strong>ialsa</strong></span> <span class='ocrx_word' id='word_1_397' title='bbox 1750 2772 1907 2838; x_wconf 90' lang='lat' dir='ltr'><strong>iactantia</strong></span> <span class='ocrx_word' id='word_1_398' title='bbox 1928 2770 2082 2853; x_wconf 86' lang='lat' dir='ltr'><strong>deposita,</strong></span> <span class='ocrx_word' id='word_1_399' title='bbox 2112 2772 2257 2836; x_wconf 86' lang='lat' dir='ltr'><strong>fatentur</strong></span> 
     </span>
     <span class='ocr_line' id='line_1_29' title="bbox 351 2855 2257 2944; baseline 0.001 -23"><span class='ocrx_word' id='word_1_400' title='bbox 351 2856 380 2921; x_wconf 84' lang='lat'><strong>5.</strong></span> <span class='ocrx_word' id='word_1_401' title='bbox 418 2855 484 2941; x_wconf 82' lang='lat' dir='ltr'><strong>(Tu</strong></span> <span class='ocrx_word' id='word_1_402' title='bbox 512 2857 579 2938; x_wconf 83' lang='lat' dir='ltr'><strong>ipse</strong></span> <span class='ocrx_word' id='word_1_403' title='bbox 607 2857 687 2944; x_wconf 84' lang='lat' dir='ltr'><strong>ree.)</strong></span> <span class='ocrx_word' id='word_1_404' title='bbox 741 2857 814 2924; x_wconf 91' lang='lat' dir='ltr'><strong>Hoc</strong></span> <span class='ocrx_word' id='word_1_405' title='bbox 844 2879 940 2923; x_wconf 85' lang='lat' dir='ltr'><strong>versu</strong></span> <span class='ocrx_word' id='word_1_406' title='bbox 973 2856 1092 2923; x_wconf 92' lang='lat' dir='ltr'><strong>clarius</strong></span> <span class='ocrx_word' id='word_1_407' title='bbox 1125 2859 1233 2941; x_wconf 83' lang='lat' dir='ltr'><strong>expri·</strong></span> <span class='ocrx_word' id='word_1_408' title='bbox 1286 2860 1326 2923; x_wconf 91' lang='lat' dir='ltr'><strong>ab</strong></span> <span class='ocrx_word' id='word_1_409' title='bbox 1349 2880 1414 2923; x_wconf 90' lang='lat' dir='ltr'><strong>uno</strong></span> <span class='ocrx_word' id='word_1_410' title='bbox 1437 2859 1508 2923; x_wconf 89' lang='lat' dir='ltr'><strong>Deo</strong></span> <span class='ocrx_word' id='word_1_411' title='bbox 1529 2860 1689 2940; x_wconf 88' lang='lat' dir='ltr'><strong>proiectas</strong></span> <span class='ocrx_word' id='word_1_412' title='bbox 1711 2878 1781 2923; x_wconf 83' lang='lat' dir='ltr'><strong>esre</strong></span> <span class='ocrx_word' id='word_1_413' title='bbox 1803 2877 1915 2921; x_wconf 88' lang='lat' dir='ltr'><strong>omnes</strong></span> <span class='ocrx_word' id='word_1_414' title='bbox 1944 2856 2107 2938; x_wconf 87' lang='lat' dir='ltr'><strong>victorias,</strong></span> <span class='ocrx_word' id='word_1_415' title='bbox 2139 2857 2257 2940; x_wconf 91' lang='lat' dir='ltr'><strong>quibus</strong></span> 
     </span>
     <span class='ocr_line' id='line_1_30' title="bbox 265 2942 2254 3028; baseline -0.001 -22"><span class='ocrx_word' id='word_1_416' title='bbox 265 2951 360 3006; x_wconf 92' lang='lat' dir='ltr'><strong>munt</strong></span> <span class='ocrx_word' id='word_1_417' title='bbox 380 2943 465 3026; x_wconf 91' lang='lat' dir='ltr'><strong>quod</strong></span> <span class='ocrx_word' id='word_1_418' title='bbox 487 2943 584 3026; x_wconf 92' lang='lat' dir='ltr'><strong>paulo</strong></span> <span class='ocrx_word' id='word_1_419' title='bbox 607 2952 682 3009; x_wconf 83' lang='lat' dir='ltr'><strong>aute</strong></span> <span class='ocrx_word' id='word_1_420' title='bbox 705 2944 808 3028; x_wconf 87' lang='lat' dir='ltr'><strong>attigi,</strong></span> <span class='ocrx_word' id='word_1_421' title='bbox 830 2964 948 3026; x_wconf 89' lang='lat' dir='ltr'><strong>nempe</strong></span> <span class='ocrx_word' id='word_1_422' title='bbox 969 2944 1033 3009; x_wconf 90' lang='lat' dir='ltr'><strong>Dei</strong></span> <span class='ocrx_word' id='word_1_423' title='bbox 1056 2943 1232 3009; x_wconf 89' lang='lat' dir='ltr'><strong>bonitatem</strong></span> <span class='ocrx_word' id='word_1_424' title='bbox 1285 2944 1321 3008; x_wconf 94' lang='lat' dir='ltr'><strong>in</strong></span> <span class='ocrx_word' id='word_1_425' title='bbox 1352 2944 1490 3010; x_wconf 91' lang='lat' dir='ltr'><strong>sublime</strong></span> <span class='ocrx_word' id='word_1_426' title='bbox 1519 2944 1595 3009; x_wconf 90' lang='lat' dir='ltr'><strong>elati</strong></span> <span class='ocrx_word' id='word_1_427' title='bbox 1625 2946 1764 3023; x_wconf 88' lang='lat' dir='ltr'><strong>lucrant,</strong></span> <span class='ocrx_word' id='word_1_428' title='bbox 1794 2951 1827 3007; x_wconf 91' lang='lat' dir='ltr'><strong>et</strong></span> <span class='ocrx_word' id='word_1_429' title='bbox 1856 2943 1951 3006; x_wconf 89' lang='lat' dir='ltr'><strong>unica</strong></span> <span class='ocrx_word' id='word_1_430' title='bbox 1973 2943 2042 3007; x_wconf 90' lang='lat' dir='ltr'><strong>eius</strong></span> <span class='ocrx_word' id='word_1_431' title='bbox 2066 2942 2191 3007; x_wconf 88' lang='lat' dir='ltr'><strong>virtute</strong></span> <span class='ocrx_word' id='word_1_432' title='bbox 2220 2964 2254 3006; x_wconf 89' lang='lat' dir='ltr'><strong>se</strong></span> 
     </span>
     <span class='ocr_line' id='line_1_31' title="bbox 266 3027 2257 3115; baseline -0.001 -24"><span class='ocrx_word' id='word_1_433' title='bbox 266 3047 331 3091; x_wconf 92' lang='lat' dir='ltr'><strong>nou</strong></span> <span class='ocrx_word' id='word_1_434' title='bbox 360 3028 465 3092; x_wconf 91' lang='lat' dir='ltr'><strong>solum</strong></span> <span class='ocrx_word' id='word_1_435' title='bbox 494 3029 530 3093; x_wconf 91' lang='lat' dir='ltr'><strong>in</strong></span> <span class='ocrx_word' id='word_1_436' title='bbox 557 3027 724 3095; x_wconf 88' lang='lat' dir='ltr'><strong>liberando</strong></span> <span class='ocrx_word' id='word_1_437' title='bbox 753 3029 873 3115; x_wconf 94' lang='lat' dir='ltr'><strong>populo</strong></span> <span class='ocrx_word' id='word_1_438' title='bbox 894 3029 994 3096; x_wconf 86' lang='lat' dir='ltr'><strong>fuisse</strong></span> <span class='ocrx_word' id='word_1_439' title='bbox 1016 3031 1231 3112; x_wconf 75' lang='lat' dir='ltr'><strong>conspicuam,</strong></span> <span class='ocrx_word' id='word_1_440' title='bbox 1286 3028 1443 3095; x_wconf 91' lang='lat' dir='ltr'><strong>hactenus</strong></span> <span class='ocrx_word' id='word_1_441' title='bbox 1465 3031 1593 3095; x_wconf 86' lang='lat' dir='ltr'><strong>stetisse</strong></span> <span class='ocrx_word' id='word_1_442' title='bbox 1613 3029 1803 3094; x_wconf 90' lang='lat' dir='ltr'><strong>incolumes.</strong></span> <span class='ocrx_word' id='word_1_443' title='bbox 1848 3028 1959 3093; x_wconf 81' lang='lat' dir='ltr'><strong>&#39;Pertio</strong></span> <span class='ocrx_word' id='word_1_444' title='bbox 1982 3046 2047 3091; x_wconf 90' lang='lat' dir='ltr'><strong>nou</strong></span> <span class='ocrx_word' id='word_1_445' title='bbox 2071 3029 2174 3093; x_wconf 91' lang='lat' dir='ltr'><strong>semel</strong></span> <span class='ocrx_word' id='word_1_446' title='bbox 2207 3027 2257 3093; x_wconf 86' lang='lat' dir='ltr'><strong>vel</strong></span> 
     </span>
     <span class='ocr_line' id='line_1_32' title="bbox 265 3111 2255 3196; baseline -0.001 -18"><span class='ocrx_word' id='word_1_447' title='bbox 265 3111 322 3178; x_wconf 89' lang='lat' dir='ltr'><strong>sed</strong></span> <span class='ocrx_word' id='word_1_448' title='bbox 350 3133 410 3195; x_wconf 91' lang='lat' dir='ltr'><strong>per</strong></span> <span class='ocrx_word' id='word_1_449' title='bbox 438 3115 607 3180; x_wconf 90' lang='lat' dir='ltr'><strong>continuas</strong></span> <span class='ocrx_word' id='word_1_450' title='bbox 636 3122 759 3182; x_wconf 89' lang='lat' dir='ltr'><strong>aetates</strong></span> <span class='ocrx_word' id='word_1_451' title='bbox 789 3115 940 3180; x_wconf 87' lang='lat' dir='ltr'><strong>fluxisse:</strong></span> <span class='ocrx_word' id='word_1_452' title='bbox 970 3113 1043 3180; x_wconf 87' lang='lat' dir='ltr'><strong>ideo</strong></span> <span class='ocrx_word' id='word_1_453' title='bbox 1073 3114 1159 3196; x_wconf 89' lang='lat' dir='ltr'><strong>dicit,</strong></span> <span class='ocrx_word' id='word_1_454' title='bbox 1185 3114 1235 3180; x_wconf 81' lang='lat' dir='ltr'><strong>Tu</strong></span> <span class='ocrx_word' id='word_1_455' title='bbox 1286 3116 1405 3180; x_wconf 89' lang='lat' dir='ltr'><strong>iterum</strong></span> <span class='ocrx_word' id='word_1_456' title='bbox 1430 3116 1590 3181; x_wconf 84' lang='lat' dir='ltr'><strong>duntaxat</strong></span> <span class='ocrx_word' id='word_1_457' title='bbox 1612 3115 1672 3181; x_wconf 90' lang='lat' dir='ltr'><strong>eibi</strong></span> <span class='ocrx_word' id='word_1_458' title='bbox 1694 3114 1801 3179; x_wconf 90' lang='lat' dir='ltr'><strong>datam</strong></span> <span class='ocrx_word' id='word_1_459' title='bbox 1825 3113 1962 3180; x_wconf 87' lang='lat' dir='ltr'><strong>canendi</strong></span> <span class='ocrx_word' id='word_1_460' title='bbox 1986 3114 2088 3177; x_wconf 89' lang='lat' dir='ltr'><strong>luisse</strong></span> <span class='ocrx_word' id='word_1_461' title='bbox 2110 3132 2255 3186; x_wconf 84' lang='lat' dir='ltr'><strong>causam,</strong></span> 
     </span>
     <span class='ocr_line' id='line_1_33' title="bbox 264 3198 2256 3288; baseline -0.001 -22"><span class='ocrx_word' id='word_1_462' title='bbox 264 3199 333 3282; x_wconf 77' lang='lat' dir='ltr'><strong>ipse</strong></span> <span class='ocrx_word' id='word_1_463' title='bbox 353 3218 410 3263; x_wconf 80' lang='lat' dir='ltr'><strong>ree</strong></span> <span class='ocrx_word' id='word_1_464' title='bbox 431 3219 526 3266; x_wconf 86' lang='lat' dir='ltr'><strong>meus.</strong></span> <span class='ocrx_word' id='word_1_465' title='bbox 570 3200 644 3267; x_wconf 90' lang='lat' dir='ltr'><strong>Hoc</strong></span> <span class='ocrx_word' id='word_1_466' title='bbox 673 3204 759 3267; x_wconf 91' lang='lat' dir='ltr'><strong>enim</strong></span> <span class='ocrx_word' id='word_1_467' title='bbox 791 3201 880 3266; x_wconf 86' lang='lat' dir='ltr'><strong>valct</strong></span> <span class='ocrx_word' id='word_1_468' title='bbox 901 3198 986 3288; x_wconf 91' lang='lat' dir='ltr'><strong>(meo</strong></span> <span class='ocrx_word' id='word_1_469' title='bbox 1014 3200 1146 3282; x_wconf 91' lang='lat' dir='ltr'><strong>iudicio)</strong></span> <span class='ocrx_word' id='word_1_470' title='bbox 1177 3202 1233 3267; x_wconf 91' lang='lat' dir='ltr'><strong>de·</strong></span> <span class='ocrx_word' id='word_1_471' title='bbox 1286 3201 1342 3267; x_wconf 90' lang='lat' dir='ltr'><strong>sed</strong></span> <span class='ocrx_word' id='word_1_472' title='bbox 1370 3201 1467 3286; x_wconf 88' lang='lat' dir='ltr'><strong>longo</strong></span> <span class='ocrx_word' id='word_1_473' title='bbox 1497 3202 1653 3287; x_wconf 88' lang='lat' dir='ltr'><strong>temporis</strong></span> <span class='ocrx_word' id='word_1_474' title='bbox 1682 3221 1833 3267; x_wconf 89' lang='lat' dir='ltr'><strong>successu</strong></span> <span class='ocrx_word' id='word_1_475' title='bbox 1857 3199 1949 3264; x_wconf 86' lang='lat' dir='ltr'><strong>varia</strong></span> <span class='ocrx_word' id='word_1_476' title='bbox 1971 3199 2101 3281; x_wconf 90' lang='lat' dir='ltr'><strong>paterni</strong></span> <span class='ocrx_word' id='word_1_477' title='bbox 2130 3199 2256 3265; x_wconf 81' lang='lat' dir='ltr'><strong>favoris</strong></span> 
     </span>
     <span class='ocr_line' id='line_1_34' title="bbox 265 3283 2258 3372; baseline 0.001 -24"><span class='ocrx_word' id='word_1_478' title='bbox 265 3286 518 3351; x_wconf 84' lang='lat' dir='ltr'><strong>monstrativum</strong></span> <span class='ocrx_word' id='word_1_479' title='bbox 541 3297 629 3371; x_wconf 61' lang='lat' dir='ltr'><strong>mn:</strong></span> <span class='ocrx_word' id='word_1_480' title='bbox 652 3307 689 3352; x_wconf 92' lang='lat' dir='ltr'><strong>ac</strong></span> <span class='ocrx_word' id='word_1_481' title='bbox 700 3289 727 3353; x_wconf 90' lang='lat' dir='ltr'><strong>si</strong></span> <span class='ocrx_word' id='word_1_482' title='bbox 739 3287 899 3371; x_wconf 88' lang='lat' dir='ltr'><strong>propheta</strong></span> <span class='ocrx_word' id='word_1_483' title='bbox 916 3287 1048 3372; x_wconf 89' lang='lat' dir='ltr'><strong>longam</strong></span> <span class='ocrx_word' id='word_1_484' title='bbox 1066 3288 1234 3355; x_wconf 85' lang='lat' dir='ltr'><strong>beneficio-</strong></span> <span class='ocrx_word' id='word_1_485' title='bbox 1286 3286 1480 3353; x_wconf 88' lang='lat' dir='ltr'><strong>documenta</strong></span> <span class='ocrx_word' id='word_1_486' title='bbox 1502 3288 1563 3352; x_wconf 90' lang='lat' dir='ltr'><strong>sibi</strong></span> <span class='ocrx_word' id='word_1_487' title='bbox 1581 3286 1729 3352; x_wconf 84' lang='lat' dir='ltr'><strong>exhibita</strong></span> <span class='ocrx_word' id='word_1_488' title='bbox 1746 3287 1854 3362; x_wconf 87' lang='lat' dir='ltr'><strong>luisse,</strong></span> <span class='ocrx_word' id='word_1_489' title='bbox 1874 3294 1911 3349; x_wconf 87' lang='lat' dir='ltr'><strong>ut</strong></span> <span class='ocrx_word' id='word_1_490' title='bbox 1929 3284 2046 3349; x_wconf 90' lang='lat' dir='ltr'><strong>merito</strong></span> <span class='ocrx_word' id='word_1_491' title='bbox 2064 3283 2166 3369; x_wconf 87' lang='lat' dir='ltr'><strong>longa</strong></span> <span class='ocrx_word' id='word_1_492' title='bbox 2184 3305 2258 3367; x_wconf 87' lang='lat' dir='ltr'><strong>pos·</strong></span> 
     </span>
     <span class='ocr_line' id='line_1_35' title="bbox 264 3369 1981 3457; baseline -0.001 -23"><span class='ocrx_word' id='word_1_493' title='bbox 264 3390 337 3434; x_wconf 91' lang='lat' dir='ltr'><strong>rum</strong></span> <span class='ocrx_word' id='word_1_494' title='bbox 360 3370 424 3434; x_wconf 91' lang='lat' dir='ltr'><strong>Dei</strong></span> <span class='ocrx_word' id='word_1_495' title='bbox 445 3371 561 3437; x_wconf 87' lang='lat' dir='ltr'><strong>seriem</strong></span> <span class='ocrx_word' id='word_1_496' title='bbox 586 3374 621 3436; x_wconf 90' lang='lat' dir='ltr'><strong>in</strong></span> <span class='ocrx_word' id='word_1_497' title='bbox 643 3373 750 3456; x_wconf 90' lang='lat' dir='ltr'><strong>prima</strong></span> <span class='ocrx_word' id='word_1_498' title='bbox 772 3373 997 3455; x_wconf 89' lang='lat' dir='ltr'><strong>redemptione</strong></span> <span class='ocrx_word' id='word_1_499' title='bbox 1028 3381 1232 3439; x_wconf 87' lang='lat' dir='ltr'><strong>contexeret:</strong></span> <span class='ocrx_word' id='word_1_500' title='bbox 1286 3374 1386 3438; x_wconf 89' lang='lat' dir='ltr'><strong>sessio</strong></span> <span class='ocrx_word' id='word_1_501' title='bbox 1408 3394 1499 3457; x_wconf 91' lang='lat' dir='ltr'><strong>spem</strong></span> <span class='ocrx_word' id='word_1_502' title='bbox 1521 3392 1634 3438; x_wconf 87' lang='lat' dir='ltr'><strong>eorum</strong></span> <span class='ocrx_word' id='word_1_503' title='bbox 1657 3371 1800 3439; x_wconf 87' lang='lat' dir='ltr'><strong>stabilire</strong></span> <span class='ocrx_word' id='word_1_504' title='bbox 1823 3369 1981 3436; x_wconf 88' lang='lat' dir='ltr'><strong>debuerit.</strong></span> 
     </span>
     <span class='ocr_line' id='line_1_36' title="bbox 266 3457 1233 3542; baseline 0.006 -24"><span class='ocrx_word' id='word_1_505' title='bbox 266 3465 304 3518; x_wconf 90' lang='lat' dir='ltr'><strong>nt</strong></span> <span class='ocrx_word' id='word_1_506' title='bbox 327 3464 482 3538; x_wconf 90' lang='lat' dir='ltr'><strong>appareat</strong></span> <span class='ocrx_word' id='word_1_507' title='bbox 503 3458 623 3535; x_wconf 89' lang='lat' dir='ltr'><strong>Deum,</strong></span> <span class='ocrx_word' id='word_1_508' title='bbox 646 3459 702 3541; x_wconf 89' lang='lat' dir='ltr'><strong>qui</strong></span> <span class='ocrx_word' id='word_1_509' title='bbox 724 3460 825 3523; x_wconf 88' lang='lat' dir='ltr'><strong>semel</strong></span> <span class='ocrx_word' id='word_1_510' title='bbox 846 3458 1032 3542; x_wconf 88' lang='lat' dir='ltr'><strong>redemptor</strong></span> <span class='ocrx_word' id='word_1_511' title='bbox 1052 3457 1159 3524; x_wconf 84' lang='lat' dir='ltr'><strong>irrorat</strong></span> <span class='ocrx_word' id='word_1_512' title='bbox 1177 3480 1233 3542; x_wconf 91' lang='lat' dir='ltr'><strong>po-</strong></span> 
     </span>
     <span class='ocr_line' id='line_1_37' title="bbox 265 3539 2258 3628; baseline 0 -23"><span class='ocrx_word' id='word_1_513' title='bbox 265 3540 335 3624; x_wconf 86' lang='lat' dir='ltr'><strong>puli</strong></span> <span class='ocrx_word' id='word_1_514' title='bbox 357 3542 416 3619; x_wconf 90' lang='lat' dir='ltr'><strong>sui,</strong></span> <span class='ocrx_word' id='word_1_515' title='bbox 440 3561 504 3606; x_wconf 90' lang='lat' dir='ltr'><strong>uon</strong></span> <span class='ocrx_word' id='word_1_516' title='bbox 528 3541 720 3608; x_wconf 86' lang='lat' dir='ltr'><strong>dissimilem</strong></span> <span class='ocrx_word' id='word_1_517' title='bbox 741 3543 841 3609; x_wconf 89' lang='lat' dir='ltr'><strong>fuisse</strong></span> <span class='ocrx_word' id='word_1_518' title='bbox 863 3562 942 3628; x_wconf 89' lang='lat' dir='ltr'><strong>erga</strong></span> <span class='ocrx_word' id='word_1_519' title='bbox 963 3553 1116 3627; x_wconf 90' lang='lat' dir='ltr'><strong>posteros.</strong></span> <span class='ocrx_word' id='word_1_520' title='bbox 1160 3545 1233 3610; x_wconf 90' lang='lat' dir='ltr'><strong>Nisi</strong></span> <span class='ocrx_word' id='word_1_521' title='bbox 1371 3544 1422 3609; x_wconf 91' lang='grc'><strong>10.</strong></span> <span class='ocrx_word' id='word_1_522' title='bbox 1455 3543 1671 3610; x_wconf 81' lang='lat' dir='ltr'><strong>Verumtamen</strong></span> <span class='ocrx_word' id='word_1_523' title='bbox 1696 3543 1892 3608; x_wconf 74' lang='lat' dir='ltr'><strong>abominabar</strong></span> <span class='ocrx_word' id='word_1_524' title='bbox 1919 3539 1989 3626; x_wconf 59' lang='lat' dir='ltr'><strong>est)</strong></span> <span class='ocrx_word' id='word_1_525' title='bbox 2018 3544 2045 3605; x_wconf 89' lang='lat' dir='ltr'><strong>et</strong></span> <span class='ocrx_word' id='word_1_526' title='bbox 2067 3541 2258 3623; x_wconf 64' lang='lat' dir='ltr'><strong>mesecmti</strong></span> 
     </span>
     <span class='ocr_line' id='line_1_38' title="bbox 265 3625 2256 3714; baseline 0.001 -23"><span class='ocrx_word' id='word_1_527' title='bbox 265 3628 350 3692; x_wconf 81' lang='lat' dir='ltr'><strong>forte</strong></span> <span class='ocrx_word' id='word_1_528' title='bbox 372 3625 553 3709; x_wconf 90' lang='lat' dir='ltr'><strong>emphatice</strong></span> <span class='ocrx_word' id='word_1_529' title='bbox 576 3628 715 3711; x_wconf 90' lang='lat' dir='ltr'><strong>positum</strong></span> <span class='ocrx_word' id='word_1_530' title='bbox 739 3630 782 3694; x_wconf 91' lang='lat' dir='ltr'><strong>sit</strong></span> <span class='ocrx_word' id='word_1_531' title='bbox 803 3627 968 3694; x_wconf 88' lang='lat' dir='ltr'><strong>asserendi</strong></span> <span class='ocrx_word' id='word_1_532' title='bbox 986 3649 1092 3708; x_wconf 89' lang='lat' dir='ltr'><strong>causa,</strong></span> <span class='ocrx_word' id='word_1_533' title='bbox 1110 3637 1148 3693; x_wconf 91' lang='lat' dir='ltr'><strong>ut</strong></span> <span class='ocrx_word' id='word_1_534' title='bbox 1165 3651 1233 3696; x_wconf 90' lang='lat' dir='ltr'><strong>om·</strong></span> <span class='ocrx_word' id='word_1_535' title='bbox 1284 3650 1352 3713; x_wconf 88' lang='lat' dir='ltr'><strong>nos,</strong></span> <span class='ocrx_word' id='word_1_536' title='bbox 1374 3635 1476 3695; x_wconf 68' lang='lat' dir='ltr'><strong>anon</strong></span> <span class='ocrx_word' id='word_1_537' title='bbox 1491 3629 1647 3714; x_wconf 61' lang='lat' dir='ltr'><strong>emortuis</strong></span> <span class='ocrx_word' id='word_1_538' title='bbox 1668 3649 1738 3696; x_wconf 75' lang='lat' dir='ltr'><strong>erem</strong></span> <span class='ocrx_word' id='word_1_539' title='bbox 1757 3627 1941 3693; x_wconf 68' lang='lat' dir='ltr'><strong>eructibus</strong></span> <span class='ocrx_word' id='word_1_540' title='bbox 1959 3627 2084 3691; x_wconf 76' lang='lat' dir='ltr'><strong>nostris</strong></span> <span class='ocrx_word' id='word_1_541' title='bbox 2115 3627 2167 3691; x_wconf 92' lang='lat'><strong>11.</strong></span> <span class='ocrx_word' id='word_1_542' title='bbox 2182 3626 2256 3693; x_wconf 81' lang='lat' dir='ltr'><strong>Gon·</strong></span> 
     </span>
     <span class='ocr_line' id='line_1_39' title="bbox 265 3711 2258 3796; baseline -0.001 -19"><span class='ocrx_word' id='word_1_543' title='bbox 265 3712 362 3779; x_wconf 90' lang='lat' dir='ltr'><strong>nibus</strong></span> <span class='ocrx_word' id='word_1_544' title='bbox 390 3713 462 3778; x_wconf 88' lang='lat' dir='ltr'><strong>aliis</strong></span> <span class='ocrx_word' id='word_1_545' title='bbox 491 3711 633 3780; x_wconf 87' lang='lat' dir='ltr'><strong>exclusis</strong></span> <span class='ocrx_word' id='word_1_546' title='bbox 661 3722 695 3779; x_wconf 91' lang='lat' dir='ltr'><strong>et</strong></span> <span class='ocrx_word' id='word_1_547' title='bbox 724 3714 834 3780; x_wconf 90' lang='lat' dir='ltr'><strong>valere</strong></span> <span class='ocrx_word' id='word_1_548' title='bbox 861 3715 969 3795; x_wconf 89' lang='lat' dir='ltr'><strong>iussis,</strong></span> <span class='ocrx_word' id='word_1_549' title='bbox 991 3716 1098 3781; x_wconf 89' lang='lat' dir='ltr'><strong>Deum</strong></span> <span class='ocrx_word' id='word_1_550' title='bbox 1127 3737 1232 3781; x_wconf 87' lang='lat' dir='ltr'><strong>unam</strong></span> <span class='ocrx_word' id='word_1_551' title='bbox 1284 3716 1404 3781; x_wconf 84' lang='lat' dir='ltr'><strong>vertisti</strong></span> <span class='ocrx_word' id='word_1_552' title='bbox 1432 3735 1488 3779; x_wconf 89' lang='lat' dir='ltr'><strong>nos</strong></span> <span class='ocrx_word' id='word_1_553' title='bbox 1515 3720 1686 3780; x_wconf 82' lang='lat' dir='ltr'><strong>retrorsum</strong></span> <span class='ocrx_word' id='word_1_554' title='bbox 1713 3714 1751 3779; x_wconf 86' lang='lat' dir='ltr'><strong>ab</strong></span> <span class='ocrx_word' id='word_1_555' title='bbox 1775 3713 1943 3796; x_wconf 72' lang='lat' dir='ltr'><strong>affligente,</strong></span> <span class='ocrx_word' id='word_1_556' title='bbox 1973 3716 2001 3776; x_wconf 89' lang='lat' dir='ltr'><strong>et</strong></span> <span class='ocrx_word' id='word_1_557' title='bbox 2028 3730 2130 3777; x_wconf 86' lang='lat' dir='ltr'><strong>osores</strong></span> <span class='ocrx_word' id='word_1_558' title='bbox 2158 3713 2258 3777; x_wconf 84' lang='lat' dir='ltr'><strong>nostri</strong></span> 
     </span>
     <span class='ocr_line' id='line_1_40' title="bbox 265 3797 2257 3886; baseline -0.001 -23"><span class='ocrx_word' id='word_1_559' title='bbox 265 3797 382 3865; x_wconf 89' lang='lat' dir='ltr'><strong>salutis</strong></span> <span class='ocrx_word' id='word_1_560' title='bbox 400 3819 478 3864; x_wconf 92' lang='lat' dir='ltr'><strong>suae</strong></span> <span class='ocrx_word' id='word_1_561' title='bbox 495 3799 678 3882; x_wconf 86' lang='lat' dir='ltr'><strong>praesidem</strong></span> <span class='ocrx_word' id='word_1_562' title='bbox 697 3800 872 3867; x_wconf 88' lang='lat' dir='ltr'><strong>celebrent.</strong></span> <span class='ocrx_word' id='word_1_563' title='bbox 905 3800 995 3868; x_wconf 92' lang='lat' dir='ltr'><strong>Hinc</strong></span> <span class='ocrx_word' id='word_1_564' title='bbox 1011 3802 1231 3886; x_wconf 90' lang='lat' dir='ltr'><strong>precationem</strong></span> <span class='ocrx_word' id='word_1_565' title='bbox 1284 3801 1541 3867; x_wconf 72' lang='lat' dir='ltr'><strong>enucleaverunt</strong></span> <span class='ocrx_word' id='word_1_566' title='bbox 1566 3800 1637 3866; x_wconf 83' lang='lat' dir='ltr'><strong>aidi.</strong></span> <span class='ocrx_word' id='word_1_567' title='bbox 1683 3800 1733 3865; x_wconf 80' lang='lat'><strong>12.</strong></span> <span class='ocrx_word' id='word_1_568' title='bbox 1762 3799 1891 3864; x_wconf 79' lang='lat' dir='ltr'><strong>Dedisti</strong></span> <span class='ocrx_word' id='word_1_569' title='bbox 1918 3817 1974 3863; x_wconf 86' lang='lat' dir='ltr'><strong>nos</strong></span> <span class='ocrx_word' id='word_1_570' title='bbox 2001 3797 2096 3879; x_wconf 65' lang='lat' dir='ltr'><strong>quaa</strong></span> <span class='ocrx_word' id='word_1_571' title='bbox 2124 3817 2197 3863; x_wconf 84' lang='lat' dir='ltr'><strong>oues</strong></span> <span class='ocrx_word' id='word_1_572' title='bbox 2222 3800 2257 3862; x_wconf 91' lang='lat' dir='ltr'><strong>in</strong></span> 
     </span>
     <span class='ocr_line' id='line_1_41' title="bbox 266 3881 2256 3971; baseline -0.001 -22"><span class='ocrx_word' id='word_1_573' title='bbox 266 3904 392 3967; x_wconf 88' lang='lat' dir='ltr'><strong>quoque</strong></span> <span class='ocrx_word' id='word_1_574' title='bbox 415 3884 647 3966; x_wconf 89' lang='lat' dir='ltr'><strong>deducunt,ut</strong></span> <span class='ocrx_word' id='word_1_575' title='bbox 670 3884 1024 3954; x_wconf 87' lang='lat' dir='ltr'><strong>Dousnovaasalutes</strong></span> <span class='ocrx_word' id='word_1_576' title='bbox 1046 3886 1233 3953; x_wconf 88' lang='lat' dir='ltr'><strong>ordinatae</strong></span> <span class='ocrx_word' id='word_1_577' title='bbox 1285 3886 1401 3953; x_wconf 71' lang='lat' dir='ltr'><strong>udum:</strong></span> <span class='ocrx_word' id='word_1_578' title='bbox 1423 3892 1450 3952; x_wconf 84' lang='lat' dir='ltr'><strong>et</strong></span> <span class='ocrx_word' id='word_1_579' title='bbox 1470 3887 1552 3952; x_wconf 86' lang='lat' dir='ltr'><strong>iuter</strong></span> <span class='ocrx_word' id='word_1_580' title='bbox 1571 3892 1673 3971; x_wconf 75' lang='lat' dir='ltr'><strong>partes</strong></span> <span class='ocrx_word' id='word_1_581' title='bbox 1689 3885 1867 3966; x_wconf 77' lang='lat' dir='ltr'><strong>dispersisti</strong></span> <span class='ocrx_word' id='word_1_582' title='bbox 1883 3903 1951 3948; x_wconf 86' lang='lat' dir='ltr'><strong>nos.</strong></span> <span class='ocrx_word' id='word_1_583' title='bbox 1996 3882 2046 3947; x_wconf 83' lang='lat'><strong>13.</strong></span> <span class='ocrx_word' id='word_1_584' title='bbox 2079 3881 2256 3948; x_wconf 67' lang='lat' dir='ltr'><strong>tammus</strong></span> 
     </span>
     <span class='ocr_line' id='line_1_42' title="bbox 266 3967 2256 4057; baseline 0 -25"><span class='ocrx_word' id='word_1_585' title='bbox 266 3969 394 4035; x_wconf 87' lang='lat' dir='ltr'><strong>emittat</strong></span> <span class='ocrx_word' id='word_1_586' title='bbox 413 3970 532 4054; x_wconf 91' lang='lat' dir='ltr'><strong>populo</strong></span> <span class='ocrx_word' id='word_1_587' title='bbox 555 3991 623 4037; x_wconf 90' lang='lat' dir='ltr'><strong>suo.</strong></span> <span class='ocrx_word' id='word_1_588' title='bbox 670 3971 753 4037; x_wconf 90' lang='lat' dir='ltr'><strong>Nam</strong></span> <span class='ocrx_word' id='word_1_589' title='bbox 776 3972 853 4056; x_wconf 89' lang='lat' dir='ltr'><strong>quia</strong></span> <span class='ocrx_word' id='word_1_590' title='bbox 874 3973 1061 4039; x_wconf 91' lang='lat' dir='ltr'><strong>innumeros</strong></span> <span class='ocrx_word' id='word_1_591' title='bbox 1080 3974 1233 4040; x_wconf 86' lang='lat' dir='ltr'><strong>servandi</strong></span> <span class='ocrx_word' id='word_1_592' title='bbox 1280 3973 1436 4057; x_wconf 78' lang='lat' dir='ltr'><strong>poputum</strong></span> <span class='ocrx_word' id='word_1_593' title='bbox 1462 3977 1560 4056; x_wconf 88' lang='lat' dir='ltr'><strong>tuum,</strong></span> <span class='ocrx_word' id='word_1_594' title='bbox 1587 3992 1641 4038; x_wconf 87' lang='lat' dir='ltr'><strong>nec</strong></span> <span class='ocrx_word' id='word_1_595' title='bbox 1668 3971 1741 4037; x_wconf 85' lang='lat' dir='ltr'><strong>inde</strong></span> <span class='ocrx_word' id='word_1_596' title='bbox 1772 3970 1912 4050; x_wconf 84' lang='lat' dir='ltr'><strong>diuitiae,</strong></span> <span class='ocrx_word' id='word_1_597' title='bbox 1920 3967 1972 4055; x_wconf 76' lang='lat' dir='ltr'><strong>aa)</strong></span> <span class='ocrx_word' id='word_1_598' title='bbox 1997 3973 2025 4034; x_wconf 91' lang='lat' dir='ltr'><strong>et</strong></span> <span class='ocrx_word' id='word_1_599' title='bbox 2046 3987 2106 4032; x_wconf 87' lang='lat' dir='ltr'><strong>non</strong></span> <span class='ocrx_word' id='word_1_600' title='bbox 2135 3969 2256 4033; x_wconf 62' lang='lat' dir='ltr'><strong>acenti</strong></span> 
     </span>
     <span class='ocr_line' id='line_1_43' title="bbox 266 4054 2256 4144; baseline 0.001 -27"><span class='ocrx_word' id='word_1_601' title='bbox 266 4055 377 4120; x_wconf 86' lang='lat' dir='ltr'><strong>modos</strong></span> <span class='ocrx_word' id='word_1_602' title='bbox 398 4055 433 4120; x_wconf 93' lang='lat' dir='ltr'><strong>in</strong></span> <span class='ocrx_word' id='word_1_603' title='bbox 455 4077 555 4122; x_wconf 92' lang='lat' dir='ltr'><strong>manu</strong></span> <span class='ocrx_word' id='word_1_604' title='bbox 575 4057 681 4137; x_wconf 90' lang='lat' dir='ltr'><strong>habet,</strong></span> <span class='ocrx_word' id='word_1_605' title='bbox 700 4058 818 4125; x_wconf 83' lang='lat' dir='ltr'><strong>salutes</strong></span> <span class='ocrx_word' id='word_1_606' title='bbox 834 4057 962 4138; x_wconf 90' lang='lat' dir='ltr'><strong>dicitur,</strong></span> <span class='ocrx_word' id='word_1_607' title='bbox 981 4059 1074 4144; x_wconf 89' lang='lat' dir='ltr'><strong>quasi</strong></span> <span class='ocrx_word' id='word_1_608' title='bbox 1092 4059 1233 4141; x_wconf 91' lang='lat' dir='ltr'><strong>nuntios,</strong></span> <span class='ocrx_word' id='word_1_609' title='bbox 1279 4060 1386 4142; x_wconf 79' lang='lat' dir='ltr'><strong>pretia</strong></span> <span class='ocrx_word' id='word_1_610' title='bbox 1406 4060 1556 4140; x_wconf 80' lang='lat' dir='ltr'><strong>ipsorum.</strong></span> <span class='ocrx_word' id='word_1_611' title='bbox 1602 4057 1652 4124; x_wconf 85' lang='lat'><strong>14.</strong></span> <span class='ocrx_word' id='word_1_612' title='bbox 1677 4056 1818 4122; x_wconf 87' lang='lat' dir='ltr'><strong>Posuisti</strong></span> <span class='ocrx_word' id='word_1_613' title='bbox 1839 4075 1898 4120; x_wconf 88' lang='lat' dir='ltr'><strong>nos</strong></span> <span class='ocrx_word' id='word_1_614' title='bbox 1917 4054 2121 4137; x_wconf 74' lang='lat' dir='ltr'><strong>opprobrium</strong></span> <span class='ocrx_word' id='word_1_615' title='bbox 2141 4055 2256 4121; x_wconf 73' lang='lat' dir='ltr'><strong>niueis</strong></span> 
     </span>
     <span class='ocr_line' id='line_1_44' title="bbox 267 4140 2256 4229; baseline 0.001 -25"><span class='ocrx_word' id='word_1_616' title='bbox 267 4158 459 4223; x_wconf 88' lang='lat' dir='ltr'><strong>quocunque</strong></span> <span class='ocrx_word' id='word_1_617' title='bbox 481 4143 588 4207; x_wconf 83' lang='lat' dir='ltr'><strong>risum</strong></span> <span class='ocrx_word' id='word_1_618' title='bbox 610 4143 717 4223; x_wconf 85' lang='lat' dir='ltr'><strong>fuerit,</strong></span> <span class='ocrx_word' id='word_1_619' title='bbox 741 4142 915 4210; x_wconf 89' lang='lat' dir='ltr'><strong>destinare.</strong></span> <span class='ocrx_word' id='word_1_620' title='bbox 1285 4144 1413 4229; x_wconf 67' lang='lat' dir='ltr'><strong>nuans,</strong></span> <span class='ocrx_word' id='word_1_621' title='bbox 1434 4143 1609 4209; x_wconf 83' lang='lat' dir='ltr'><strong>ludibrium</strong></span> <span class='ocrx_word' id='word_1_622' title='bbox 1630 4147 1659 4209; x_wconf 88' lang='lat' dir='ltr'><strong>et</strong></span> <span class='ocrx_word' id='word_1_623' title='bbox 1678 4143 1949 4208; x_wconf 66' lang='lat' dir='ltr'><strong>attenuationem</strong></span> <span class='ocrx_word' id='word_1_624' title='bbox 1975 4141 2027 4206; x_wconf 79' lang='lat' dir='ltr'><strong>iris</strong></span> <span class='ocrx_word' id='word_1_625' title='bbox 2055 4140 2113 4221; x_wconf 75' lang='lat' dir='ltr'><strong>qui</strong></span> <span class='ocrx_word' id='word_1_626' title='bbox 2138 4140 2256 4206; x_wconf 88' lang='lat' dir='ltr'><strong>circum</strong></span> 
     </span>
     <span class='ocr_line' id='line_1_45' title="bbox 353 4225 2254 4316; baseline 0.001 -26"><span class='ocrx_word' id='word_1_627' title='bbox 353 4225 384 4290; x_wconf 91' lang='grc'><strong>6.</strong></span> <span class='ocrx_word' id='word_1_628' title='bbox 407 4225 513 4311; x_wconf 89' lang='lat' dir='ltr'><strong>(Inte</strong></span> <span class='ocrx_word' id='word_1_629' title='bbox 539 4228 763 4316; x_wconf 84' lang='lat' dir='ltr'><strong>aduersarios.)</strong></span> <span class='ocrx_word' id='word_1_630' title='bbox 806 4229 952 4314; x_wconf 82' lang='lat' dir='ltr'><strong>Exponit</strong></span> <span class='ocrx_word' id='word_1_631' title='bbox 974 4230 1133 4314; x_wconf 89' lang='lat' dir='ltr'><strong>propheta</strong></span> <span class='ocrx_word' id='word_1_632' title='bbox 1153 4251 1233 4314; x_wconf 80' lang='lat' dir='ltr'><strong>quo</strong></span> <span class='ocrx_word' id='word_1_633' title='bbox 1285 4235 1451 4297; x_wconf 80' lang='lat' dir='ltr'><strong>nossent.</strong></span> <span class='ocrx_word' id='word_1_634' title='bbox 1497 4228 1548 4294; x_wconf 83' lang='lat'><strong>15.</strong></span> <span class='ocrx_word' id='word_1_635' title='bbox 1578 4227 1720 4296; x_wconf 87' lang='lat' dir='ltr'><strong>Posuisti</strong></span> <span class='ocrx_word' id='word_1_636' title='bbox 1748 4248 1805 4294; x_wconf 89' lang='lat' dir='ltr'><strong>nos</strong></span> <span class='ocrx_word' id='word_1_637' title='bbox 1819 4225 2020 4309; x_wconf 79' lang='lat' dir='ltr'><strong>prouerbium</strong></span> <span class='ocrx_word' id='word_1_638' title='bbox 2041 4226 2077 4289; x_wconf 88' lang='lat' dir='ltr'><strong>in</strong></span> <span class='ocrx_word' id='word_1_639' title='bbox 2103 4227 2254 4309; x_wconf 72' lang='lat' dir='ltr'><strong>pentibus,</strong></span> 
     </span>
     <span class='ocr_line' id='line_1_46' title="bbox 268 4310 1836 4401; baseline 0.001 -25"><span class='ocrx_word' id='word_1_640' title='bbox 268 4310 363 4377; x_wconf 94' lang='lat' dir='ltr'><strong>modo</strong></span> <span class='ocrx_word' id='word_1_641' title='bbox 391 4333 426 4377; x_wconf 89' lang='lat' dir='ltr'><strong>se</strong></span> <span class='ocrx_word' id='word_1_642' title='bbox 460 4311 552 4378; x_wconf 91' lang='lat' dir='ltr'><strong>Deus</strong></span> <span class='ocrx_word' id='word_1_643' title='bbox 586 4336 696 4400; x_wconf 89' lang='lat' dir='ltr'><strong>regem</strong></span> <span class='ocrx_word' id='word_1_644' title='bbox 727 4314 840 4399; x_wconf 91' lang='lat' dir='ltr'><strong>populi</strong></span> <span class='ocrx_word' id='word_1_645' title='bbox 869 4315 1066 4381; x_wconf 88' lang='lat' dir='ltr'><strong>ostenderit:</strong></span> <span class='ocrx_word' id='word_1_646' title='bbox 1104 4326 1233 4382; x_wconf 72' lang='lat' dir='ltr'><strong>mutum</strong></span> <span class='ocrx_word' id='word_1_647' title='bbox 1286 4317 1486 4401; x_wconf 67' lang='lat' dir='ltr'><strong>agitationem</strong></span> <span class='ocrx_word' id='word_1_648' title='bbox 1507 4315 1622 4398; x_wconf 77' lang='lat' dir='ltr'><strong>cupitis</strong></span> <span class='ocrx_word' id='word_1_649' title='bbox 1643 4316 1679 4380; x_wconf 92' lang='lat' dir='ltr'><strong>in</strong></span> <span class='ocrx_word' id='word_1_650' title='bbox 1695 4314 1836 4398; x_wconf 81' lang='lat' dir='ltr'><strong>populis.</strong></span> 
     </span>
     <span class='ocr_line' id='line_1_47' title="bbox 266 4398 1233 4485; baseline 0.003 -20"><span class='ocrx_word' id='word_1_651' title='bbox 266 4400 354 4465; x_wconf 87' lang='lat' dir='ltr'><strong>anim</strong></span> <span class='ocrx_word' id='word_1_652' title='bbox 376 4398 510 4464; x_wconf 82' lang='lat' dir='ltr'><strong>virtutis</strong></span> <span class='ocrx_word' id='word_1_653' title='bbox 532 4401 766 4485; x_wconf 88' lang='lat' dir='ltr'><strong>suppeditasse,</strong></span> <span class='ocrx_word' id='word_1_654' title='bbox 789 4408 825 4466; x_wconf 91' lang='lat' dir='ltr'><strong>ut</strong></span> <span class='ocrx_word' id='word_1_655' title='bbox 847 4401 974 4466; x_wconf 90' lang='lat' dir='ltr'><strong>cunctis</strong></span> <span class='ocrx_word' id='word_1_656' title='bbox 1004 4400 1152 4468; x_wconf 89' lang='lat' dir='ltr'><strong>hostibus</strong></span> <span class='ocrx_word' id='word_1_657' title='bbox 1182 4423 1233 4468; x_wconf 91' lang='lat' dir='ltr'><strong>es·</strong></span> 
     </span>
     <span class='ocr_line' id='line_1_48' title="bbox 268 4481 2257 4572; baseline -0.002 -21"><span class='ocrx_word' id='word_1_658' title='bbox 268 4495 341 4551; x_wconf 88' lang='lat' dir='ltr'><strong>sent</strong></span> <span class='ocrx_word' id='word_1_659' title='bbox 361 4482 591 4550; x_wconf 85' lang='lat' dir='ltr'><strong>formidabiles.</strong></span> <span class='ocrx_word' id='word_1_660' title='bbox 635 4484 721 4550; x_wconf 90' lang='lat' dir='ltr'><strong>Nam</strong></span> <span class='ocrx_word' id='word_1_661' title='bbox 744 4486 809 4554; x_wconf 91' lang='lat' dir='ltr'><strong>huc</strong></span> <span class='ocrx_word' id='word_1_662' title='bbox 836 4487 980 4571; x_wconf 90' lang='lat' dir='ltr'><strong>pertinet</strong></span> <span class='ocrx_word' id='word_1_663' title='bbox 1006 4485 1233 4552; x_wconf 90' lang='lat' dir='ltr'><strong>similitudaa</strong></span> <span class='ocrx_word' id='word_1_664' title='bbox 1374 4487 1424 4552; x_wconf 93' lang='grc'><strong>10.</strong></span> <span class='ocrx_word' id='word_1_665' title='bbox 1454 4486 1690 4572; x_wconf 85' lang='lat' dir='ltr'><strong>(Verumtamen</strong></span> <span class='ocrx_word' id='word_1_666' title='bbox 1719 4481 1937 4568; x_wconf 84' lang='lat' dir='ltr'><strong>abominatus.)</strong></span> <span class='ocrx_word' id='word_1_667' title='bbox 1988 4483 2086 4548; x_wconf 91' lang='lat' dir='ltr'><strong>Nune</strong></span> <span class='ocrx_word' id='word_1_668' title='bbox 2108 4484 2257 4567; x_wconf 89' lang='lat' dir='ltr'><strong>sequitur</strong></span> 
     </span>
     <span class='ocr_line' id='line_1_49' title="bbox 266 4570 2257 4657; baseline -0.002 -21"><span class='ocrx_word' id='word_1_669' title='bbox 266 4570 370 4636; x_wconf 87' lang='lat' dir='ltr'><strong>tauris</strong></span> <span class='ocrx_word' id='word_1_670' title='bbox 398 4578 538 4654; x_wconf 90' lang='lat' dir='ltr'><strong>sumpta,</strong></span> <span class='ocrx_word' id='word_1_671' title='bbox 567 4570 641 4653; x_wconf 90' lang='lat' dir='ltr'><strong>plus</strong></span> <span class='ocrx_word' id='word_1_672' title='bbox 677 4592 774 4653; x_wconf 89' lang='lat' dir='ltr'><strong>quam</strong></span> <span class='ocrx_word' id='word_1_673' title='bbox 807 4571 951 4637; x_wconf 91' lang='lat' dir='ltr'><strong>humano</strong></span> <span class='ocrx_word' id='word_1_674' title='bbox 984 4573 1098 4639; x_wconf 90' lang='lat' dir='ltr'><strong>robore</strong></span> <span class='ocrx_word' id='word_1_675' title='bbox 1130 4573 1233 4640; x_wconf 84' lang='lat' dir='ltr'><strong>fuisse</strong></span> <span class='ocrx_word' id='word_1_676' title='bbox 1285 4571 1503 4657; x_wconf 86' lang='lat' dir='ltr'><strong>expostulatio</strong></span> <span class='ocrx_word' id='word_1_677' title='bbox 1525 4592 1588 4655; x_wconf 89' lang='lat' dir='ltr'><strong>qua</strong></span> <span class='ocrx_word' id='word_1_678' title='bbox 1610 4580 1800 4655; x_wconf 90' lang='lat' dir='ltr'><strong>praesentes</strong></span> <span class='ocrx_word' id='word_1_679' title='bbox 1821 4588 1995 4634; x_wconf 88' lang='lat' dir='ltr'><strong>aerumnas</strong></span> <span class='ocrx_word' id='word_1_680' title='bbox 2017 4578 2051 4634; x_wconf 90' lang='lat' dir='ltr'><strong>et</strong></span> <span class='ocrx_word' id='word_1_681' title='bbox 2074 4582 2257 4635; x_wconf 83' lang='lat' dir='ltr'><strong>extremam</strong></span> 
     </span>
     <span class='ocr_line' id='line_1_50' title="bbox 267 4655 2256 4742; baseline 0.001 -22"><span class='ocrx_word' id='word_1_682' title='bbox 267 4656 455 4734; x_wconf 89' lang='lat' dir='ltr'><strong>instructos,</strong></span> <span class='ocrx_word' id='word_1_683' title='bbox 478 4666 513 4720; x_wconf 88' lang='lat' dir='ltr'><strong>ut</strong></span> <span class='ocrx_word' id='word_1_684' title='bbox 536 4655 693 4740; x_wconf 87' lang='lat' dir='ltr'><strong>quidquid</strong></span> <span class='ocrx_word' id='word_1_685' title='bbox 715 4657 847 4724; x_wconf 85' lang='lat' dir='ltr'><strong>obvium</strong></span> <span class='ocrx_word' id='word_1_686' title='bbox 870 4670 963 4740; x_wconf 90' lang='lat' dir='ltr'><strong>esset,</strong></span> <span class='ocrx_word' id='word_1_687' title='bbox 990 4659 1145 4724; x_wconf 90' lang='lat' dir='ltr'><strong>cornibus</strong></span> <span class='ocrx_word' id='word_1_688' title='bbox 1168 4659 1232 4726; x_wconf 93' lang='lat' dir='ltr'><strong>dis·</strong></span> <span class='ocrx_word' id='word_1_689' title='bbox 1285 4659 1503 4726; x_wconf 87' lang='lat' dir='ltr'><strong>calamitatem</strong></span> <span class='ocrx_word' id='word_1_690' title='bbox 1525 4659 1704 4742; x_wconf 85' lang='lat' dir='ltr'><strong>deplorant</strong></span> <span class='ocrx_word' id='word_1_691' title='bbox 1750 4655 1953 4722; x_wconf 89' lang='lat' dir='ltr'><strong>Describitur</strong></span> <span class='ocrx_word' id='word_1_692' title='bbox 1975 4665 2085 4720; x_wconf 89' lang='lat' dir='ltr'><strong>autem</strong></span> <span class='ocrx_word' id='word_1_693' title='bbox 2107 4658 2256 4738; x_wconf 90' lang='lat' dir='ltr'><strong>mutatio,</strong></span> 
     </span>
     <span class='ocr_line' id='line_1_51' title="bbox 267 4740 2256 4831; baseline 0 -25"><span class='ocrx_word' id='word_1_694' title='bbox 267 4742 387 4808; x_wconf 87' lang='lat' dir='ltr'><strong>iactum</strong></span> <span class='ocrx_word' id='word_1_695' title='bbox 412 4760 450 4806; x_wconf 94' lang='lat' dir='ltr'><strong>ac</strong></span> <span class='ocrx_word' id='word_1_696' title='bbox 470 4751 671 4827; x_wconf 88' lang='lat' dir='ltr'><strong>prostratum</strong></span> <span class='ocrx_word' id='word_1_697' title='bbox 693 4741 865 4809; x_wconf 89' lang='lat' dir='ltr'><strong>calcarent.</strong></span> <span class='ocrx_word' id='word_1_698' title='bbox 911 4744 952 4808; x_wconf 85' lang='lat' dir='ltr'><strong>ln</strong></span> <span class='ocrx_word' id='word_1_699' title='bbox 973 4743 1050 4825; x_wconf 88' lang='lat' dir='ltr'><strong>Deo,</strong></span> <span class='ocrx_word' id='word_1_700' title='bbox 1071 4749 1099 4810; x_wconf 87' lang='lat' dir='ltr'><strong>et</strong></span> <span class='ocrx_word' id='word_1_701' title='bbox 1121 4747 1155 4810; x_wconf 85' lang='lat' dir='ltr'><strong>iu</strong></span> <span class='ocrx_word' id='word_1_702' title='bbox 1177 4765 1233 4810; x_wconf 93' lang='lat' dir='ltr'><strong>no·</strong></span> <span class='ocrx_word' id='word_1_703' title='bbox 1286 4767 1368 4831; x_wconf 89' lang='lat' dir='ltr'><strong>quae</strong></span> <span class='ocrx_word' id='word_1_704' title='bbox 1400 4765 1467 4809; x_wconf 95' lang='lat' dir='ltr'><strong>non</strong></span> <span class='ocrx_word' id='word_1_705' title='bbox 1496 4743 1591 4809; x_wconf 91' lang='lat' dir='ltr'><strong>modo</strong></span> <span class='ocrx_word' id='word_1_706' title='bbox 1621 4752 1761 4809; x_wconf 90' lang='lat' dir='ltr'><strong>testatur</strong></span> <span class='ocrx_word' id='word_1_707' title='bbox 1792 4741 1903 4806; x_wconf 91' lang='lat' dir='ltr'><strong>Deum</strong></span> <span class='ocrx_word' id='word_1_708' title='bbox 1935 4761 1954 4804; x_wconf 89' lang='lat' dir='ltr'><strong>a</strong></span> <span class='ocrx_word' id='word_1_709' title='bbox 1987 4740 2081 4806; x_wconf 91' lang='lat' dir='ltr'><strong>solita</strong></span> <span class='ocrx_word' id='word_1_710' title='bbox 2116 4741 2256 4810; x_wconf 63' lang='lat' dir='ltr'><strong>moero·</strong></span> 
     </span>
     <span class='ocr_line' id='line_1_52' title="bbox 266 4824 2258 4915; baseline -0.001 -22"><span class='ocrx_word' id='word_1_711' title='bbox 266 4828 350 4893; x_wconf 89' lang='lat' dir='ltr'><strong>minc</strong></span> <span class='ocrx_word' id='word_1_712' title='bbox 370 4826 444 4908; x_wconf 86' lang='lat' dir='ltr'><strong>Dei,</strong></span> <span class='ocrx_word' id='word_1_713' title='bbox 465 4827 552 4893; x_wconf 90' lang='lat' dir='ltr'><strong>idem</strong></span> <span class='ocrx_word' id='word_1_714' title='bbox 573 4827 693 4905; x_wconf 79' lang='lat' dir='ltr'><strong>valent,</strong></span> <span class='ocrx_word' id='word_1_715' title='bbox 716 4829 779 4893; x_wconf 94' lang='lat' dir='ltr'><strong>nisi</strong></span> <span class='ocrx_word' id='word_1_716' title='bbox 803 4827 886 4913; x_wconf 90' lang='lat' dir='ltr'><strong>quod</strong></span> <span class='ocrx_word' id='word_1_717' title='bbox 909 4831 1068 4912; x_wconf 89' lang='lat' dir='ltr'><strong>posterior</strong></span> <span class='ocrx_word' id='word_1_718' title='bbox 1090 4830 1233 4915; x_wconf 90' lang='lat' dir='ltr'><strong>loquutio</strong></span> <span class='ocrx_word' id='word_1_719' title='bbox 1285 4832 1386 4897; x_wconf 87' lang='lat' dir='ltr'><strong>lautia</strong></span> <span class='ocrx_word' id='word_1_720' title='bbox 1416 4829 1589 4911; x_wconf 89' lang='lat' dir='ltr'><strong>destitisse,</strong></span> <span class='ocrx_word' id='word_1_721' title='bbox 1618 4831 1674 4896; x_wconf 89' lang='lat' dir='ltr'><strong>sed</strong></span> <span class='ocrx_word' id='word_1_722' title='bbox 1697 4829 1804 4915; x_wconf 89' lang='lat' dir='ltr'><strong>palam</strong></span> <span class='ocrx_word' id='word_1_723' title='bbox 1834 4847 1904 4892; x_wconf 89' lang='lat' dir='ltr'><strong>essa</strong></span> <span class='ocrx_word' id='word_1_724' title='bbox 1935 4824 2108 4892; x_wconf 84' lang='lat' dir='ltr'><strong>adversum</strong></span> <span class='ocrx_word' id='word_1_725' title='bbox 2136 4829 2258 4912; x_wconf 89' lang='lat' dir='ltr'><strong>populo</strong></span> 
     </span>
     <span class='ocr_line' id='line_1_53' title="bbox 268 4912 2256 4999; baseline 0 -20"><span class='ocrx_word' id='word_1_726' title='bbox 268 4915 438 4998; x_wconf 84' lang='lat' dir='ltr'><strong>signifieat,</strong></span> <span class='ocrx_word' id='word_1_727' title='bbox 468 4915 624 4980; x_wconf 85' lang='lat' dir='ltr'><strong>victorem</strong></span> <span class='ocrx_word' id='word_1_728' title='bbox 655 4912 728 4978; x_wconf 88' lang='lat' dir='ltr'><strong>ideo</strong></span> <span class='ocrx_word' id='word_1_729' title='bbox 756 4913 858 4981; x_wconf 82' lang='lat' dir='ltr'><strong>fuisse</strong></span> <span class='ocrx_word' id='word_1_730' title='bbox 888 4916 1052 4998; x_wconf 90' lang='lat' dir='ltr'><strong>populum,</strong></span> <span class='ocrx_word' id='word_1_731' title='bbox 1076 4917 1152 4999; x_wconf 88' lang='lat' dir='ltr'><strong>quia</strong></span> <span class='ocrx_word' id='word_1_732' title='bbox 1173 4919 1232 4982; x_wconf 91' lang='lat' dir='ltr'><strong>sub</strong></span> <span class='ocrx_word' id='word_1_733' title='bbox 1285 4938 1345 4982; x_wconf 92' lang='lat' dir='ltr'><strong>suo</strong></span> <span class='ocrx_word' id='word_1_734' title='bbox 1372 4924 1404 4981; x_wconf 91' lang='lat' dir='ltr'><strong>ct</strong></span> <span class='ocrx_word' id='word_1_735' title='bbox 1434 4916 1600 4980; x_wconf 79' lang='lat' dir='ltr'><strong>infestum.</strong></span> <span class='ocrx_word' id='word_1_736' title='bbox 1644 4917 1756 4981; x_wconf 90' lang='lat' dir='ltr'><strong>Primo</strong></span> <span class='ocrx_word' id='word_1_737' title='bbox 1777 4925 1968 4999; x_wconf 87' lang='lat' dir='ltr'><strong>queruntur,</strong></span> <span class='ocrx_word' id='word_1_738' title='bbox 2000 4935 2035 4980; x_wconf 88' lang='lat' dir='ltr'><strong>se</strong></span> <span class='ocrx_word' id='word_1_739' title='bbox 2057 4932 2117 4997; x_wconf 90' lang='lat' dir='ltr'><strong>per</strong></span> <span class='ocrx_word' id='word_1_740' title='bbox 2144 4916 2256 4979; x_wconf 90' lang='lat' dir='ltr'><strong>odium</strong></span> 
     </span>
     <span class='ocr_line' id='line_1_54' title="bbox 267 4999 1232 5087; baseline 0.002 -22"><span class='ocrx_word' id='word_1_741' title='bbox 267 4999 331 5065; x_wconf 90' lang='lat' dir='ltr'><strong>Dei</strong></span> <span class='ocrx_word' id='word_1_742' title='bbox 353 4999 504 5085; x_wconf 89' lang='lat' dir='ltr'><strong>auspiciis</strong></span> <span class='ocrx_word' id='word_1_743' title='bbox 527 5000 697 5066; x_wconf 87' lang='lat' dir='ltr'><strong>militabat.</strong></span> <span class='ocrx_word' id='word_1_744' title='bbox 741 5000 927 5078; x_wconf 82' lang='lat' dir='ltr'><strong>(laetorum,</strong></span> <span class='ocrx_word' id='word_1_745' title='bbox 949 5002 1034 5085; x_wconf 88' lang='lat' dir='ltr'><strong>quod</strong></span> <span class='ocrx_word' id='word_1_746' title='bbox 1064 5000 1104 5066; x_wconf 92' lang='lat' dir='ltr'><strong>de</strong></span> <span class='ocrx_word' id='word_1_747' title='bbox 1131 5003 1232 5087; x_wconf 88' lang='lat' dir='ltr'><strong>patri·</strong></span> 
     </span>
     <span class='ocr_line' id='line_1_55' title="bbox 268 5084 2191 5192; baseline 0.001 -42"><span class='ocrx_word' id='word_1_748' title='bbox 268 5085 328 5151; x_wconf 87' lang='lat' dir='ltr'><strong>bus</strong></span> <span class='ocrx_word' id='word_1_749' title='bbox 346 5106 450 5169; x_wconf 88' lang='lat' dir='ltr'><strong>nuper</strong></span> <span class='ocrx_word' id='word_1_750' title='bbox 465 5084 626 5164; x_wconf 83' lang='lat' dir='ltr'><strong>dixerant,</strong></span> <span class='ocrx_word' id='word_1_751' title='bbox 647 5107 734 5153; x_wconf 91' lang='lat' dir='ltr'><strong>nuno</strong></span> <span class='ocrx_word' id='word_1_752' title='bbox 752 5086 919 5171; x_wconf 90' lang='lat' dir='ltr'><strong>applicant</strong></span> <span class='ocrx_word' id='word_1_753' title='bbox 933 5087 972 5150; x_wconf 91' lang='lat' dir='ltr'><strong>ad</strong></span> <span class='ocrx_word' id='word_1_754' title='bbox 990 5108 1025 5152; x_wconf 87' lang='lat' dir='ltr'><strong>se</strong></span> <span class='ocrx_word' id='word_1_755' title='bbox 1039 5087 1141 5171; x_wconf 92' lang='lat' dir='ltr'><strong>ipsos:</strong></span> <span class='ocrx_word' id='word_1_756' title='bbox 1158 5090 1233 5172; x_wconf 88' lang='lat' dir='ltr'><strong>quia</strong></span> <span class='ocrx_word' id='word_1_757' title='bbox 1371 5137 1385 5167; x_wconf 74' lang='lat'><strong>,</strong></span> <span class='ocrx_word' id='word_1_758' title='bbox 1417 5138 1438 5192; x_wconf 67' lang='grc' dir='ltr'><strong>Τ</strong></span> <span class='ocrx_word' id='word_1_759' title='bbox 1606 5137 1660 5192; x_wconf 88' lang='lat' dir='ltr'><strong>‹lb</strong></span> <span class='ocrx_word' id='word_1_760' title='bbox 1696 5143 1724 5190; x_wconf 57' lang='grc' dir='ltr'>ω</span> <span class='ocrx_word' id='word_1_761' title='bbox 1917 5154 1925 5168; x_wconf 68' lang='grc'><em>,</em></span> <span class='ocrx_word' id='word_1_762' title='bbox 2024 5138 2030 5150; x_wconf 94' lang='grc'><strong>.</strong></span> <span class='ocrx_word' id='word_1_763' title='bbox 2154 5137 2191 5191; x_wconf 81' lang='lat' dir='ltr'><strong>bti</strong></span> 
     </span>
     <span class='ocr_line' id='line_1_56' title="bbox 268 5151 2257 5274; baseline 0.013 -40"><span class='ocrx_word' id='word_1_764' title='bbox 268 5168 354 5235; x_wconf 90' lang='lat' dir='ltr'><strong>idem</strong></span> <span class='ocrx_word' id='word_1_765' title='bbox 384 5181 454 5236; x_wconf 89' lang='lat' dir='ltr'><strong>erat</strong></span> <span class='ocrx_word' id='word_1_766' title='bbox 483 5172 635 5239; x_wconf 90' lang='lat' dir='ltr'><strong>ecclesiae</strong></span> <span class='ocrx_word' id='word_1_767' title='bbox 662 5193 790 5257; x_wconf 87' lang='lat' dir='ltr'><strong>corpas,</strong></span> <span class='ocrx_word' id='word_1_768' title='bbox 820 5183 853 5237; x_wconf 89' lang='lat' dir='ltr'><strong>ot</strong></span> <span class='ocrx_word' id='word_1_769' title='bbox 873 5171 1023 5237; x_wconf 90' lang='lat' dir='ltr'><strong>consulto</strong></span> <span class='ocrx_word' id='word_1_770' title='bbox 1045 5172 1080 5238; x_wconf 92' lang='lat' dir='ltr'><strong>id</strong></span> <span class='ocrx_word' id='word_1_771' title='bbox 1108 5173 1233 5240; x_wconf 75' lang='lat' dir='ltr'><strong>fanum</strong></span> <span class='ocrx_word' id='word_1_772' title='bbox 1355 5206 1387 5236; x_wconf 65' lang='lat' dir='ltr'><strong>a·</strong></span> <span class='ocrx_word' id='word_1_773' title='bbox 1423 5153 1613 5262; x_wconf 46' lang='grc' dir='ltr'><strong>,31030ζο</strong></span> <span class='ocrx_word' id='word_1_774' title='bbox 1626 5152 1800 5263; x_wconf 39' lang='lat' dir='ltr'><strong>agmen</strong></span> <span class='ocrx_word' id='word_1_775' title='bbox 1816 5151 2153 5274; x_wconf 49' lang='lat' dir='ltr'><strong>Zariaearddrmddeddu</strong></span> <span class='ocrx_word' id='word_1_776' title='bbox 2170 5177 2257 5262; x_wconf 69' lang='lat' dir='ltr'><strong>adeun</strong></span> 
     </span>
     <span class='ocr_line' id='line_1_57' title="bbox 269 5249 1787 5347; baseline 0.007 -26"><span class='ocrx_word' id='word_1_777' title='bbox 269 5254 311 5321; x_wconf 90' lang='lat' dir='ltr'><strong>ad</strong></span> <span class='ocrx_word' id='word_1_778' title='bbox 332 5256 545 5341; x_wconf 90' lang='lat' dir='ltr'><strong>colligendam</strong></span> <span class='ocrx_word' id='word_1_779' title='bbox 568 5258 737 5325; x_wconf 88' lang='lat' dir='ltr'><strong>fiduciam:</strong></span> <span class='ocrx_word' id='word_1_780' title='bbox 768 5258 845 5342; x_wconf 87' lang='lat' dir='ltr'><strong>qnia</strong></span> <span class='ocrx_word' id='word_1_781' title='bbox 867 5258 894 5323; x_wconf 91' lang='lat' dir='ltr'><strong>si</strong></span> <span class='ocrx_word' id='word_1_782' title='bbox 914 5279 934 5323; x_wconf 93' lang='lat' dir='ltr'><strong>a</strong></span> <span class='ocrx_word' id='word_1_783' title='bbox 951 5258 1099 5343; x_wconf 87' lang='lat' dir='ltr'><strong>patribus</strong></span> <span class='ocrx_word' id='word_1_784' title='bbox 1117 5279 1152 5325; x_wconf 87' lang='lat' dir='ltr'><strong>so</strong></span> <span class='ocrx_word' id='word_1_785' title='bbox 1170 5257 1232 5324; x_wconf 90' lang='lat' dir='ltr'><strong>dis·</strong></span> <span class='ocrx_word' id='word_1_786' title='bbox 1286 5276 1387 5347; x_wconf 80' lang='lat' dir='ltr'><strong>praeut</strong></span> <span class='ocrx_word' id='word_1_787' title='bbox 1404 5293 1474 5346; x_wconf 84' lang='lat' dir='ltr'><strong>pour</strong></span> <span class='ocrx_word' id='word_1_788' title='bbox 1490 5282 1544 5346; x_wconf 76' lang='lat' dir='ltr'><strong>tay.</strong></span> <span class='ocrx_word' id='word_1_789' title='bbox 1780 5249 1787 5276; x_wconf 83' lang='lat'>&#39;</span> 
     </span>
    </p>
   </div>
   <div class='ocr_carea' id='block_1_4' title="bbox 0 0 2347 5860">
    <p class='ocr_par' dir='ltr' id='par_1_4' title="bbox 0 0 2347 5860">
     <span class='ocr_line' id='line_1_58' title="bbox 0 0 2347 5860; baseline 0 0"><span class='ocrx_word' id='word_1_790' title='bbox 0 0 2347 5860; x_wconf 95' lang='lat' dir='ltr'><strong> </strong></span> 
     </span>
    </p>
   </div>
  </div>
 </body>
</html>
