<?xml version="1.0" encoding="UTF-8"?>
<!DOCTYPE html PUBLIC "-//W3C//DTD XHTML 1.0 Transitional//EN"
    "http://www.w3.org/TR/xhtml1/DTD/xhtml1-transitional.dtd">
<html xmlns="http://www.w3.org/1999/xhtml" xml:lang="en" lang="en">
 <head>
  <title>
</title>
<meta http-equiv="Content-Type" content="text/html;charset=utf-8" />
  <meta name='ocr-system' content='tesseract 3.04.00' />
  <meta name='ocr-capabilities' content='ocr_page ocr_carea ocr_par ocr_line ocrx_word'/>
</head>
<body>
  <div class='ocr_page' id='page_1' title='image "./corpusreformato05melagoog_0026.png"; bbox 0 0 4658 5856; ppageno 0'>
   <div class='ocr_carea' id='block_1_1' title="bbox 203 318 241 383">
    <p class='ocr_par' dir='ltr' id='par_1_1' title="bbox 203 318 241 383">
     <span class='ocr_line' id='line_1_1' title="bbox 203 318 241 383; baseline 0 0"><span class='ocrx_word' id='word_1_1' title='bbox 203 318 241 383; x_wconf 83' lang='lat'><strong>15</strong></span> 
     </span>
    </p>
   </div>
   <div class='ocr_carea' id='block_1_2' title="bbox 200 503 1076 1918">
    <p class='ocr_par' dir='ltr' id='par_1_2' title="bbox 200 503 1076 1918">
     <span class='ocr_line' id='line_1_2' title="bbox 200 503 1074 588; baseline -0.005 -19"><span class='ocrx_word' id='word_1_2' title='bbox 200 519 330 588; x_wconf 90' lang='lat' dir='ltr'><strong>praeter</strong></span> <span class='ocrx_word' id='word_1_3' title='bbox 359 506 539 585; x_wconf 91' lang='lat' dir='ltr'><strong>consilium,</strong></span> <span class='ocrx_word' id='word_1_4' title='bbox 568 506 726 570; x_wconf 90' lang='lat' dir='ltr'><strong>instinctu</strong></span> <span class='ocrx_word' id='word_1_5' title='bbox 758 505 866 569; x_wconf 93' lang='lat' dir='ltr'><strong>nescio</strong></span> <span class='ocrx_word' id='word_1_6' title='bbox 888 525 960 585; x_wconf 83' lang='lat' dir='ltr'><strong>quo,</strong></span> <span class='ocrx_word' id='word_1_7' title='bbox 991 503 1074 585; x_wconf 92' lang='lat' dir='ltr'><strong>peri·</strong></span> 
     </span>
     <span class='ocr_line' id='line_1_3' title="bbox 200 614 1074 682; baseline -0.002 -2"><span class='ocrx_word' id='word_1_8' title='bbox 200 617 310 682; x_wconf 90' lang='lat' dir='ltr'><strong>culum</strong></span> <span class='ocrx_word' id='word_1_9' title='bbox 332 619 365 680; x_wconf 93' lang='lat' dir='ltr'><strong>in</strong></span> <span class='ocrx_word' id='word_1_10' title='bbox 382 617 515 681; x_wconf 79' lang='lat' dir='ltr'>Psalmo</span> <span class='ocrx_word' id='word_1_11' title='bbox 538 639 604 682; x_wconf 90' lang='lat' dir='ltr'><strong>uno</strong></span> <span class='ocrx_word' id='word_1_12' title='bbox 626 617 686 682; x_wconf 87' lang='lat' dir='ltr'><strong>feci</strong></span> <span class='ocrx_word' id='word_1_13' title='bbox 709 615 831 680; x_wconf 92' lang='lat' dir='ltr'><strong>latinae</strong></span> <span class='ocrx_word' id='word_1_14' title='bbox 850 614 1074 681; x_wconf 82' lang='lat' dir='ltr'><strong>enarrationis.</strong></span> 
     </span>
     <span class='ocr_line' id='line_1_4' title="bbox 200 726 1075 809; baseline -0.005 -17"><span class='ocrx_word' id='word_1_15' title='bbox 200 727 273 793; x_wconf 90' lang='lat' dir='ltr'><strong>Iam</strong></span> <span class='ocrx_word' id='word_1_16' title='bbox 296 727 352 792; x_wconf 89' lang='lat' dir='ltr'><strong>ubi</strong></span> <span class='ocrx_word' id='word_1_17' title='bbox 369 747 539 793; x_wconf 88' lang='lat' dir='ltr'><strong>successus</strong></span> <span class='ocrx_word' id='word_1_18' title='bbox 551 738 628 791; x_wconf 90' lang='lat' dir='ltr'><strong>voto</strong></span> <span class='ocrx_word' id='word_1_19' title='bbox 647 727 846 809; x_wconf 89' lang='lat' dir='ltr'><strong>respondens</strong></span> <span class='ocrx_word' id='word_1_20' title='bbox 866 747 957 808; x_wconf 88' lang='lat' dir='ltr'><strong>spem</strong></span> <span class='ocrx_word' id='word_1_21' title='bbox 980 726 1075 807; x_wconf 88' lang='lat' dir='ltr'><strong>longe</strong></span> 
     </span>
     <span class='ocr_line' id='line_1_5' title="bbox 202 836 1074 921; baseline -0.007 -17"><span class='ocrx_word' id='word_1_22' title='bbox 202 840 395 921; x_wconf 88' lang='lat' dir='ltr'><strong>superabat,</strong></span> <span class='ocrx_word' id='word_1_23' title='bbox 435 839 541 903; x_wconf 88' lang='lat' dir='ltr'><strong>erevit</strong></span> <span class='ocrx_word' id='word_1_24' title='bbox 581 840 726 903; x_wconf 90' lang='lat' dir='ltr'><strong>animus:</strong></span> <span class='ocrx_word' id='word_1_25' title='bbox 767 839 877 920; x_wconf 86' lang='lat' dir='ltr'><strong>itaque</strong></span> <span class='ocrx_word' id='word_1_26' title='bbox 916 836 1003 900; x_wconf 90' lang='lat' dir='ltr'><strong>idem</strong></span> <span class='ocrx_word' id='word_1_27' title='bbox 1040 836 1074 898; x_wconf 91' lang='lat' dir='ltr'><strong>in</strong></span> 
     </span>
     <span class='ocr_line' id='line_1_6' title="bbox 201 946 1075 1033; baseline -0.003 -20"><span class='ocrx_word' id='word_1_28' title='bbox 201 950 314 1033; x_wconf 79' lang='lat' dir='ltr'><strong>paucis</strong></span> <span class='ocrx_word' id='word_1_29' title='bbox 333 949 459 1031; x_wconf 92' lang='lat' dir='ltr'><strong>aliquot</strong></span> <span class='ocrx_word' id='word_1_30' title='bbox 470 958 596 1014; x_wconf 90' lang='lat' dir='ltr'><strong>tentare</strong></span> <span class='ocrx_word' id='word_1_31' title='bbox 607 950 738 1032; x_wconf 91' lang='lat' dir='ltr'><strong>incipio.</strong></span> <span class='ocrx_word' id='word_1_32' title='bbox 762 948 834 1012; x_wconf 91' lang='lat' dir='ltr'><strong>Hoc</strong></span> <span class='ocrx_word' id='word_1_33' title='bbox 848 946 1075 1011; x_wconf 86' lang='lat' dir='ltr'><strong>animadverso</strong></span> 
     </span>
     <span class='ocr_line' id='line_1_7' title="bbox 200 1056 1073 1140; baseline -0.003 -17"><span class='ocrx_word' id='word_1_34' title='bbox 200 1061 388 1140; x_wconf 83' lang='lat' dir='ltr'><strong>familiares,</strong></span> <span class='ocrx_word' id='word_1_35' title='bbox 410 1081 448 1125; x_wconf 89' lang='lat' dir='ltr'><strong>ao</strong></span> <span class='ocrx_word' id='word_1_36' title='bbox 466 1060 494 1124; x_wconf 91' lang='lat' dir='ltr'><strong>si</strong></span> <span class='ocrx_word' id='word_1_37' title='bbox 512 1081 564 1124; x_wconf 91' lang='lat' dir='ltr'><strong>me</strong></span> <span class='ocrx_word' id='word_1_38' title='bbox 583 1069 734 1126; x_wconf 89' lang='lat' dir='ltr'><strong>tenerent</strong></span> <span class='ocrx_word' id='word_1_39' title='bbox 752 1059 953 1135; x_wconf 88' lang='lat' dir='ltr'><strong>obstrictum,</strong></span> <span class='ocrx_word' id='word_1_40' title='bbox 973 1056 1073 1121; x_wconf 89' lang='lat' dir='ltr'><strong>auda·</strong></span> 
     </span>
     <span class='ocr_line' id='line_1_8' title="bbox 202 1169 1075 1236; baseline -0.005 0"><span class='ocrx_word' id='word_1_41' title='bbox 202 1173 273 1236; x_wconf 89' lang='lat' dir='ltr'><strong>eius</strong></span> <span class='ocrx_word' id='word_1_42' title='bbox 295 1170 465 1236; x_wconf 91' lang='lat' dir='ltr'><strong>stimulare</strong></span> <span class='ocrx_word' id='word_1_43' title='bbox 493 1192 535 1235; x_wconf 90' lang='lat' dir='ltr'><strong>ne</strong></span> <span class='ocrx_word' id='word_1_44' title='bbox 570 1172 603 1235; x_wconf 95' lang='lat' dir='ltr'><strong>in</strong></span> <span class='ocrx_word' id='word_1_45' title='bbox 641 1191 739 1235; x_wconf 90' lang='lat' dir='ltr'><strong>cursu</strong></span> <span class='ocrx_word' id='word_1_46' title='bbox 773 1169 954 1235; x_wconf 86' lang='lat' dir='ltr'><strong>deficerem.</strong></span> <span class='ocrx_word' id='word_1_47' title='bbox 999 1169 1075 1233; x_wconf 90' lang='lat' dir='ltr'><strong>Una</strong></span> 
     </span>
     <span class='ocr_line' id='line_1_9' title="bbox 200 1280 1075 1365; baseline -0.002 -20"><span class='ocrx_word' id='word_1_48' title='bbox 200 1282 283 1346; x_wconf 93' lang='lat' dir='ltr'><strong>mihi</strong></span> <span class='ocrx_word' id='word_1_49' title='bbox 312 1283 374 1346; x_wconf 89' lang='lat' dir='ltr'><strong>fuit</strong></span> <span class='ocrx_word' id='word_1_50' title='bbox 402 1281 646 1365; x_wconf 89' lang='lat' dir='ltr'><strong>obtemperandi</strong></span> <span class='ocrx_word' id='word_1_51' title='bbox 675 1282 767 1358; x_wconf 89' lang='lat' dir='ltr'><strong>ratio,</strong></span> <span class='ocrx_word' id='word_1_52' title='bbox 797 1302 879 1362; x_wconf 93' lang='lat' dir='ltr'><strong>quae</strong></span> <span class='ocrx_word' id='word_1_53' title='bbox 907 1301 959 1343; x_wconf 92' lang='lat' dir='ltr'><strong>me</strong></span> <span class='ocrx_word' id='word_1_54' title='bbox 981 1280 1075 1344; x_wconf 90' lang='lat' dir='ltr'><strong>initio</strong></span> 
     </span>
     <span class='ocr_line' id='line_1_10' title="bbox 202 1391 1073 1476; baseline -0.002 -20"><span class='ocrx_word' id='word_1_55' title='bbox 202 1394 241 1456; x_wconf 89' lang='lat' dir='ltr'><strong>ad</strong></span> <span class='ocrx_word' id='word_1_56' title='bbox 265 1394 404 1474; x_wconf 89' lang='lat' dir='ltr'><strong>primam</strong></span> <span class='ocrx_word' id='word_1_57' title='bbox 416 1393 653 1476; x_wconf 89' lang='lat' dir='ltr'><strong>experientiam</strong></span> <span class='ocrx_word' id='word_1_58' title='bbox 674 1392 858 1474; x_wconf 87' lang='lat' dir='ltr'><strong>impulerat,</strong></span> <span class='ocrx_word' id='word_1_59' title='bbox 881 1414 922 1456; x_wconf 92' lang='lat' dir='ltr'><strong>ne</strong></span> <span class='ocrx_word' id='word_1_60' title='bbox 936 1391 1073 1474; x_wconf 89' lang='lat' dir='ltr'><strong>quando,</strong></span> 
     </span>
     <span class='ocr_line' id='line_1_11' title="bbox 200 1503 1074 1587; baseline 0.001 -20"><span class='ocrx_word' id='word_1_61' title='bbox 200 1524 253 1567; x_wconf 91' lang='lat' dir='ltr'><strong>me</strong></span> <span class='ocrx_word' id='word_1_62' title='bbox 276 1513 480 1587; x_wconf 84' lang='lat' dir='ltr'><strong>repugnante</strong></span> <span class='ocrx_word' id='word_1_63' title='bbox 503 1503 554 1568; x_wconf 89' lang='lat' dir='ltr'><strong>vol</strong></span> <span class='ocrx_word' id='word_1_64' title='bbox 584 1504 697 1579; x_wconf 89' lang='lat' dir='ltr'><strong>inscio,</strong></span> <span class='ocrx_word' id='word_1_65' title='bbox 728 1513 933 1585; x_wconf 85' lang='lat' dir='ltr'><strong>emergerent</strong></span> <span class='ocrx_word' id='word_1_66' title='bbox 956 1503 991 1565; x_wconf 90' lang='lat' dir='ltr'><strong>in</strong></span> <span class='ocrx_word' id='word_1_67' title='bbox 1015 1523 1074 1583; x_wconf 92' lang='lat' dir='ltr'><strong>pu·</strong></span> 
     </span>
     <span class='ocr_line' id='line_1_12' title="bbox 200 1612 1074 1697; baseline 0 -20"><span class='ocrx_word' id='word_1_68' title='bbox 200 1612 321 1679; x_wconf 88' lang='lat' dir='ltr'><strong>blicum</strong></span> <span class='ocrx_word' id='word_1_69' title='bbox 345 1635 428 1697; x_wconf 88' lang='lat' dir='ltr'><strong>quae</strong></span> <span class='ocrx_word' id='word_1_70' title='bbox 451 1636 491 1678; x_wconf 89' lang='lat' dir='ltr'><strong>ex</strong></span> <span class='ocrx_word' id='word_1_71' title='bbox 514 1615 595 1678; x_wconf 90' lang='lat' dir='ltr'><strong>mois</strong></span> <span class='ocrx_word' id='word_1_72' title='bbox 618 1613 826 1679; x_wconf 81' lang='lat' dir='ltr'><strong>sermonibus</strong></span> <span class='ocrx_word' id='word_1_73' title='bbox 849 1620 984 1696; x_wconf 90' lang='lat' dir='ltr'><strong>excepta</strong></span> <span class='ocrx_word' id='word_1_74' title='bbox 1006 1615 1074 1679; x_wconf 85' lang='lat' dir='ltr'><strong>fue·</strong></span> 
     </span>
     <span class='ocr_line' id='line_1_13' title="bbox 200 1724 1076 1809; baseline 0.001 -19"><span class='ocrx_word' id='word_1_75' title='bbox 200 1736 284 1790; x_wconf 87' lang='lat' dir='ltr'><strong>rant.</strong></span> <span class='ocrx_word' id='word_1_76' title='bbox 309 1726 342 1790; x_wconf 92' lang='lat' dir='ltr'><strong>Is</strong></span> <span class='ocrx_word' id='word_1_77' title='bbox 364 1734 452 1790; x_wconf 90' lang='lat' dir='ltr'><strong>corte</strong></span> <span class='ocrx_word' id='word_1_78' title='bbox 473 1737 581 1789; x_wconf 90' lang='lat' dir='ltr'><strong>metus</strong></span> <span class='ocrx_word' id='word_1_79' title='bbox 604 1724 644 1788; x_wconf 91' lang='lat' dir='ltr'><strong>ad</strong></span> <span class='ocrx_word' id='word_1_80' title='bbox 668 1746 749 1807; x_wconf 89' lang='lat' dir='ltr'><strong>opus</strong></span> <span class='ocrx_word' id='word_1_81' title='bbox 772 1725 948 1789; x_wconf 83' lang='lat' dir='ltr'><strong>texendum</strong></span> <span class='ocrx_word' id='word_1_82' title='bbox 972 1726 1076 1809; x_wconf 86' lang='lat' dir='ltr'><strong>magis</strong></span> 
     </span>
     <span class='ocr_line' id='line_1_14' title="bbox 202 1835 1002 1918; baseline -0.001 -17"><span class='ocrx_word' id='word_1_83' title='bbox 202 1860 253 1901; x_wconf 90' lang='lat' dir='ltr'><strong>me</strong></span> <span class='ocrx_word' id='word_1_84' title='bbox 276 1837 437 1918; x_wconf 80' lang='lat' dir='ltr'><strong>pertraxit</strong></span> <span class='ocrx_word' id='word_1_85' title='bbox 459 1856 555 1918; x_wconf 88' lang='lat' dir='ltr'><strong>quam</strong></span> <span class='ocrx_word' id='word_1_86' title='bbox 580 1835 693 1899; x_wconf 90' lang='lat' dir='ltr'><strong>tulerit</strong></span> <span class='ocrx_word' id='word_1_87' title='bbox 715 1835 817 1899; x_wconf 92' lang='lat' dir='ltr'><strong>libera</strong></span> <span class='ocrx_word' id='word_1_88' title='bbox 840 1835 1002 1900; x_wconf 89' lang='lat' dir='ltr'><strong>voluntas.</strong></span> 
     </span>
    </p>
   </div>
   <div class='ocr_carea' id='block_1_3' title="bbox 286 1955 1076 2038">
    <p class='ocr_par' dir='ltr' id='par_1_3' title="bbox 286 1955 1076 2038">
     <span class='ocr_line' id='line_1_15' title="bbox 286 1955 1076 2038; baseline 0.003 -19"><span class='ocrx_word' id='word_1_89' title='bbox 286 1957 419 2020; x_wconf 87' lang='lat' dir='ltr'><strong>Interea</strong></span> <span class='ocrx_word' id='word_1_90' title='bbox 442 1965 550 2018; x_wconf 91' lang='lat' dir='ltr'><strong>tamen</strong></span> <span class='ocrx_word' id='word_1_91' title='bbox 574 1955 609 2017; x_wconf 92' lang='lat' dir='ltr'><strong>in</strong></span> <span class='ocrx_word' id='word_1_92' title='bbox 632 1956 738 2037; x_wconf 91' lang='lat' dir='ltr'><strong>operis</strong></span> <span class='ocrx_word' id='word_1_93' title='bbox 763 1975 935 2038; x_wconf 86' lang='lat' dir='ltr'><strong>progressu</strong></span> <span class='ocrx_word' id='word_1_94' title='bbox 955 1957 1076 2021; x_wconf 89' lang='lat' dir='ltr'><strong>certius</strong></span> 
     </span>
    </p>
   </div>
   <div class='ocr_carea' id='block_1_4' title="bbox 201 2067 1154 2149">
    <p class='ocr_par' dir='ltr' id='par_1_4' title="bbox 201 2067 1154 2149">
     <span class='ocr_line' id='line_1_16' title="bbox 201 2067 1154 2149; baseline 0 -17"><span class='ocrx_word' id='word_1_95' title='bbox 201 2067 384 2147; x_wconf 85' lang='lat' dir='ltr'><strong>intelligere</strong></span> <span class='ocrx_word' id='word_1_96' title='bbox 413 2067 502 2147; x_wconf 92' lang='lat' dir='ltr'><strong>coepi</strong></span> <span class='ocrx_word' id='word_1_97' title='bbox 537 2086 634 2148; x_wconf 91' lang='lat' dir='ltr'><strong>quam</strong></span> <span class='ocrx_word' id='word_1_98' title='bbox 661 2087 725 2130; x_wconf 92' lang='lat' dir='ltr'><strong>non</strong></span> <span class='ocrx_word' id='word_1_99' title='bbox 756 2088 959 2149; x_wconf 88' lang='lat' dir='ltr'><strong>supervacua</strong></span> <span class='ocrx_word' id='word_1_100' title='bbox 992 2076 1077 2132; x_wconf 92' lang='lat' dir='ltr'><strong>esset</strong></span> <span class='ocrx_word' id='word_1_101' title='bbox 1151 2087 1154 2091; x_wconf 72' lang='grc'>’</span> 
     </span>
    </p>
   </div>
   <div class='ocr_carea' id='block_1_5' title="bbox 201 2177 1077 3036">
    <p class='ocr_par' dir='ltr' id='par_1_5' title="bbox 201 2177 1077 3036">
     <span class='ocr_line' id='line_1_17' title="bbox 201 2177 1076 2261; baseline 0.002 -20"><span class='ocrx_word' id='word_1_102' title='bbox 201 2177 401 2243; x_wconf 78' lang='lat' dir='ltr'><strong>lucubratio:</strong></span> <span class='ocrx_word' id='word_1_103' title='bbox 440 2196 476 2241; x_wconf 91' lang='lat' dir='ltr'><strong>ae</strong></span> <span class='ocrx_word' id='word_1_104' title='bbox 506 2178 633 2259; x_wconf 89' lang='lat' dir='ltr'><strong>privato</strong></span> <span class='ocrx_word' id='word_1_105' title='bbox 661 2198 788 2260; x_wconf 90' lang='lat' dir='ltr'><strong>quoque</strong></span> <span class='ocrx_word' id='word_1_106' title='bbox 821 2199 893 2242; x_wconf 93' lang='lat' dir='ltr'><strong>mco</strong></span> <span class='ocrx_word' id='word_1_107' title='bbox 926 2179 1076 2261; x_wconf 91' lang='lat' dir='ltr'><strong>exemplo</strong></span> 
     </span>
     <span class='ocr_line' id='line_1_18' title="bbox 202 2289 1075 2371; baseline 0.001 -17"><span class='ocrx_word' id='word_1_108' title='bbox 202 2297 359 2371; x_wconf 89' lang='lat' dir='ltr'><strong>expertus</strong></span> <span class='ocrx_word' id='word_1_109' title='bbox 377 2308 460 2366; x_wconf 92' lang='lat' dir='ltr'><strong>sum,</strong></span> <span class='ocrx_word' id='word_1_110' title='bbox 483 2308 536 2351; x_wconf 93' lang='lat' dir='ltr'><strong>me</strong></span> <span class='ocrx_word' id='word_1_111' title='bbox 554 2289 728 2354; x_wconf 88' lang='lat' dir='ltr'><strong>lectoribus</strong></span> <span class='ocrx_word' id='word_1_112' title='bbox 741 2311 806 2353; x_wconf 91' lang='lat' dir='ltr'><strong>non</strong></span> <span class='ocrx_word' id='word_1_113' title='bbox 825 2290 871 2353; x_wconf 90' lang='lat' dir='ltr'><strong>ita</strong></span> <span class='ocrx_word' id='word_1_114' title='bbox 889 2291 1075 2355; x_wconf 87' lang='lat' dir='ltr'><strong>exercitatis</strong></span> 
     </span>
     <span class='ocr_line' id='line_1_19' title="bbox 203 2398 1075 2484; baseline 0.002 -20"><span class='ocrx_word' id='word_1_115' title='bbox 203 2399 406 2464; x_wconf 91' lang='lat' dir='ltr'><strong>commodum</strong></span> <span class='ocrx_word' id='word_1_116' title='bbox 436 2399 506 2465; x_wconf 85' lang='lat' dir='ltr'><strong>iore</strong></span> <span class='ocrx_word' id='word_1_117' title='bbox 535 2398 759 2484; x_wconf 79' lang='lat' dir='ltr'><strong>intelligendis</strong></span> <span class='ocrx_word' id='word_1_118' title='bbox 789 2401 930 2466; x_wconf 85' lang='lat' dir='ltr'><strong>Psalmis</strong></span> <span class='ocrx_word' id='word_1_119' title='bbox 951 2402 1075 2466; x_wconf 91' lang='lat' dir='ltr'><strong>adiuto-</strong></span> 
     </span>
     <span class='ocr_line' id='line_1_20' title="bbox 203 2510 1077 2592; baseline 0 -16"><span class='ocrx_word' id='word_1_120' title='bbox 203 2533 282 2576; x_wconf 91' lang='lat' dir='ltr'><strong>rem.</strong></span> <span class='ocrx_word' id='word_1_121' title='bbox 306 2510 415 2590; x_wconf 82' lang='lat' dir='ltr'><strong>Quam</strong></span> <span class='ocrx_word' id='word_1_122' title='bbox 428 2512 536 2575; x_wconf 88' lang='lat' dir='ltr'><strong>varias</strong></span> <span class='ocrx_word' id='word_1_123' title='bbox 549 2533 586 2576; x_wconf 92' lang='lat' dir='ltr'><strong>ac</strong></span> <span class='ocrx_word' id='word_1_124' title='bbox 609 2510 797 2592; x_wconf 88' lang='lat' dir='ltr'><strong>splendidas</strong></span> <span class='ocrx_word' id='word_1_125' title='bbox 810 2531 887 2592; x_wconf 91' lang='lat' dir='ltr'><strong>opes</strong></span> <span class='ocrx_word' id='word_1_126' title='bbox 910 2514 1077 2577; x_wconf 88' lang='lat' dir='ltr'><strong>contineat</strong></span> 
     </span>
     <span class='ocr_line' id='line_1_21' title="bbox 201 2619 1076 2706; baseline 0.002 -21"><span class='ocrx_word' id='word_1_127' title='bbox 201 2621 255 2686; x_wconf 91' lang='lat' dir='ltr'><strong>hie</strong></span> <span class='ocrx_word' id='word_1_128' title='bbox 273 2621 458 2699; x_wconf 86' lang='lat' dir='ltr'><strong>thesaurus,</strong></span> <span class='ocrx_word' id='word_1_129' title='bbox 480 2619 590 2685; x_wconf 86' lang='lat' dir='ltr'><strong>verbis</strong></span> <span class='ocrx_word' id='word_1_130' title='bbox 607 2622 735 2704; x_wconf 84' lang='lat' dir='ltr'><strong>assequi</strong></span> <span class='ocrx_word' id='word_1_131' title='bbox 755 2620 886 2686; x_wconf 89' lang='lat' dir='ltr'><strong>difficile</strong></span> <span class='ocrx_word' id='word_1_132' title='bbox 897 2631 963 2687; x_wconf 94' lang='lat' dir='ltr'><strong>est:</strong></span> <span class='ocrx_word' id='word_1_133' title='bbox 987 2624 1076 2706; x_wconf 89' lang='lat' dir='ltr'><strong>eqni·</strong></span> 
     </span>
     <span class='ocr_line' id='line_1_22' title="bbox 202 2731 1076 2818; baseline 0.005 -22"><span class='ocrx_word' id='word_1_134' title='bbox 202 2734 276 2797; x_wconf 91' lang='lat' dir='ltr'><strong>dem</strong></span> <span class='ocrx_word' id='word_1_135' title='bbox 310 2731 465 2814; x_wconf 89' lang='lat' dir='ltr'><strong>quidquid</strong></span> <span class='ocrx_word' id='word_1_136' title='bbox 498 2731 644 2796; x_wconf 91' lang='lat' dir='ltr'><strong>dicturus</strong></span> <span class='ocrx_word' id='word_1_137' title='bbox 677 2751 749 2797; x_wconf 93' lang='lat' dir='ltr'><strong>sum</strong></span> <span class='ocrx_word' id='word_1_138' title='bbox 788 2732 946 2815; x_wconf 83' lang='lat' dir='ltr'><strong>dignitate</strong></span> <span class='ocrx_word' id='word_1_139' title='bbox 979 2735 1076 2818; x_wconf 84' lang='lat' dir='ltr'><strong>longo</strong></span> 
     </span>
     <span class='ocr_line' id='line_1_23' title="bbox 201 2841 1076 2927; baseline 0.003 -19"><span class='ocrx_word' id='word_1_140' title='bbox 201 2843 342 2908; x_wconf 86' lang='lat' dir='ltr'><strong>inferius</strong></span> <span class='ocrx_word' id='word_1_141' title='bbox 372 2844 440 2907; x_wconf 89' lang='lat' dir='ltr'><strong>foro</strong></span> <span class='ocrx_word' id='word_1_142' title='bbox 462 2845 537 2908; x_wconf 91' lang='lat' dir='ltr'><strong>scio.</strong></span> <span class='ocrx_word' id='word_1_143' title='bbox 582 2841 649 2908; x_wconf 78' lang='lat' dir='ltr'><strong>Sed</strong></span> <span class='ocrx_word' id='word_1_144' title='bbox 678 2843 753 2924; x_wconf 90' lang='lat' dir='ltr'><strong>quia</strong></span> <span class='ocrx_word' id='word_1_145' title='bbox 777 2853 922 2926; x_wconf 88' lang='lat' dir='ltr'><strong>praestat</strong></span> <span class='ocrx_word' id='word_1_146' title='bbox 945 2859 1076 2927; x_wconf 87' lang='lat' dir='ltr'><strong>gustum</strong></span> 
     </span>
     <span class='ocr_line' id='line_1_24' title="bbox 203 2953 1076 3036; baseline 0.003 -17"><span class='ocrx_word' id='word_1_147' title='bbox 203 2955 344 3036; x_wconf 88' lang='lat' dir='ltr'><strong>aliquem</strong></span> <span class='ocrx_word' id='word_1_148' title='bbox 364 2960 475 3018; x_wconf 87' lang='lat' dir='ltr'><strong>tantae</strong></span> <span class='ocrx_word' id='word_1_149' title='bbox 492 2953 644 3018; x_wconf 90' lang='lat' dir='ltr'><strong>utilitatis</strong></span> <span class='ocrx_word' id='word_1_150' title='bbox 663 2954 714 3017; x_wconf 89' lang='lat' dir='ltr'><strong>vel</strong></span> <span class='ocrx_word' id='word_1_151' title='bbox 733 2964 865 3019; x_wconf 89' lang='lat' dir='ltr'><strong>tenuem</strong></span> <span class='ocrx_word' id='word_1_152' title='bbox 887 2955 964 3021; x_wconf 90' lang='lat' dir='ltr'><strong>dare</strong></span> <span class='ocrx_word' id='word_1_153' title='bbox 981 2956 1076 3022; x_wconf 90' lang='lat' dir='ltr'><strong>lecto-</strong></span> 
     </span>
    </p>
   </div>
   <div class='ocr_carea' id='block_1_6' title="bbox 202 3065 2208 3227">
    <p class='ocr_par' dir='ltr' id='par_1_6' title="bbox 202 3065 2208 3227">
     <span class='ocr_line' id='line_1_25' title="bbox 202 3065 1155 3147; baseline 0.009 -17"><span class='ocrx_word' id='word_1_154' title='bbox 202 3065 303 3141; x_wconf 88' lang='lat' dir='ltr'><strong>ribus,</strong></span> <span class='ocrx_word' id='word_1_155' title='bbox 337 3084 435 3147; x_wconf 91' lang='lat' dir='ltr'><strong>quam</strong></span> <span class='ocrx_word' id='word_1_156' title='bbox 469 3084 601 3147; x_wconf 87' lang='lat' dir='ltr'><strong>prorsus</strong></span> <span class='ocrx_word' id='word_1_157' title='bbox 635 3065 675 3129; x_wconf 92' lang='lat' dir='ltr'><strong>de</strong></span> <span class='ocrx_word' id='word_1_158' title='bbox 708 3086 746 3130; x_wconf 92' lang='lat' dir='ltr'><strong>ea</strong></span> <span class='ocrx_word' id='word_1_159' title='bbox 776 3076 897 3132; x_wconf 87' lang='lat' dir='ltr'><strong>tacere:</strong></span> <span class='ocrx_word' id='word_1_160' title='bbox 931 3068 1077 3134; x_wconf 89' lang='lat' dir='ltr'><strong>breviter</strong></span> <span class='ocrx_word' id='word_1_161' title='bbox 1152 3122 1155 3139; x_wconf 92' lang='lat'><em>.</em></span> 
     </span>
     <span class='ocr_line' id='line_1_26' title="bbox 1152 3141 2208 3227; baseline 0.005 -20"><span class='ocrx_word' id='word_1_162' title='bbox 1152 3144 1155 3155; x_wconf 86' lang='grc'><strong>“</strong></span> <span class='ocrx_word' id='word_1_163' title='bbox 1232 3143 1458 3208; x_wconf 88' lang='lat' dir='ltr'><strong>merveilleuse</strong></span> <span class='ocrx_word' id='word_1_164' title='bbox 1478 3142 1583 3206; x_wconf 81' lang='lat' dir='ltr'><strong>utilite</strong></span> <span class='ocrx_word' id='word_1_165' title='bbox 1602 3141 1699 3224; x_wconf 91' lang='lat' dir='ltr'><strong>qu’ils</strong></span> <span class='ocrx_word' id='word_1_166' title='bbox 1717 3165 1757 3206; x_wconf 86' lang='lat' dir='ltr'><strong>en</strong></span> <span class='ocrx_word' id='word_1_167' title='bbox 1777 3156 1976 3224; x_wconf 88' lang='lat' dir='ltr'><strong>receveront,</strong></span> <span class='ocrx_word' id='word_1_168' title='bbox 1997 3166 2059 3227; x_wconf 91' lang='lat' dir='ltr'><strong>quo</strong></span> <span class='ocrx_word' id='word_1_169' title='bbox 2078 3149 2121 3211; x_wconf 94' lang='lat' dir='ltr'><strong>du</strong></span> <span class='ocrx_word' id='word_1_170' title='bbox 2134 3160 2208 3212; x_wconf 91' lang='lat' dir='ltr'><strong>tout</strong></span> 
     </span>
    </p>
   </div>
   <div class='ocr_carea' id='block_1_7' title="bbox 203 3174 1077 3371">
    <p class='ocr_par' dir='ltr' id='par_1_7' title="bbox 203 3174 1077 3371">
     <span class='ocr_line' id='line_1_27' title="bbox 203 3174 1077 3264; baseline 0.008 -24"><span class='ocrx_word' id='word_1_171' title='bbox 203 3178 367 3261; x_wconf 84' lang='lat' dir='ltr'><strong>attingere</strong></span> <span class='ocrx_word' id='word_1_172' title='bbox 379 3174 498 3256; x_wconf 90' lang='lat' dir='ltr'><strong>licebit,</strong></span> <span class='ocrx_word' id='word_1_173' title='bbox 511 3175 596 3258; x_wconf 91' lang='lat' dir='ltr'><strong>quod</strong></span> <span class='ocrx_word' id='word_1_174' title='bbox 607 3177 655 3240; x_wconf 92' lang='lat' dir='ltr'><strong>rei</strong></span> <span class='ocrx_word' id='word_1_175' title='bbox 667 3179 860 3261; x_wconf 81' lang='lat' dir='ltr'><strong>magnitudo</strong></span> <span class='ocrx_word' id='word_1_176' title='bbox 873 3201 937 3245; x_wconf 92' lang='lat' dir='ltr'><strong>non</strong></span> <span class='ocrx_word' id='word_1_177' title='bbox 950 3182 1077 3264; x_wconf 90' lang='lat' dir='ltr'><strong>patitur</strong></span> 
     </span>
     <span class='ocr_line' id='line_1_28' title="bbox 203 3287 494 3371; baseline 0.01 -21"><span class='ocrx_word' id='word_1_178' title='bbox 203 3287 299 3370; x_wconf 89' lang='lat' dir='ltr'><strong>plano</strong></span> <span class='ocrx_word' id='word_1_179' title='bbox 321 3288 494 3371; x_wconf 89' lang='lat' dir='ltr'><strong>explicaro.</strong></span> 
     </span>
    </p>
   </div>
   <div class='ocr_carea' id='block_1_8' title="bbox 203 3406 1078 5269">
    <p class='ocr_par' dir='ltr' id='par_1_8' title="bbox 203 3406 1078 5269">
     <span class='ocr_line' id='line_1_29' title="bbox 289 3406 1077 3477; baseline 0.009 -7"><span class='ocrx_word' id='word_1_180' title='bbox 289 3407 429 3471; x_wconf 88' lang='lat' dir='ltr'><strong>Librum</strong></span> <span class='ocrx_word' id='word_1_181' title='bbox 464 3406 551 3472; x_wconf 91' lang='lat' dir='ltr'><strong>huno</strong></span> <span class='ocrx_word' id='word_1_182' title='bbox 585 3429 650 3472; x_wconf 92' lang='lat' dir='ltr'><strong>non</strong></span> <span class='ocrx_word' id='word_1_183' title='bbox 684 3408 742 3473; x_wconf 89' lang='lat' dir='ltr'><strong>abs</strong></span> <span class='ocrx_word' id='word_1_184' title='bbox 775 3430 811 3473; x_wconf 91' lang='lat' dir='ltr'><strong>re</strong></span> <span class='ocrx_word' id='word_1_185' title='bbox 844 3431 960 3477; x_wconf 86' lang='lat' dir='ltr'><strong>vocare</strong></span> <span class='ocrx_word' id='word_1_186' title='bbox 989 3412 1077 3477; x_wconf 89' lang='lat' dir='ltr'><strong>soleo</strong></span> 
     </span>
     <span class='ocr_line' id='line_1_30' title="bbox 204 3518 1077 3604; baseline 0.009 -25"><span class='ocrx_word' id='word_1_187' title='bbox 204 3518 368 3602; x_wconf 82' lang='grc' dir='ltr'><strong>ἀνατομὴν</strong></span> <span class='ocrx_word' id='word_1_188' title='bbox 380 3519 525 3582; x_wconf 87' lang='lat' dir='ltr'><strong>omnium</strong></span> <span class='ocrx_word' id='word_1_189' title='bbox 538 3519 666 3584; x_wconf 92' lang='lat' dir='ltr'><strong>animae</strong></span> <span class='ocrx_word' id='word_1_190' title='bbox 676 3521 837 3602; x_wconf 89' lang='lat' dir='ltr'><strong>partium:</strong></span> <span class='ocrx_word' id='word_1_191' title='bbox 861 3522 990 3604; x_wconf 91' lang='lat' dir='ltr'><strong>quando</strong></span> <span class='ocrx_word' id='word_1_192' title='bbox 1003 3524 1077 3587; x_wconf 90' lang='lat' dir='ltr'><strong>nul·</strong></span> 
     </span>
     <span class='ocr_line' id='line_1_31' title="bbox 204 3629 1077 3715; baseline 0.009 -24"><span class='ocrx_word' id='word_1_193' title='bbox 204 3629 271 3692; x_wconf 93' lang='lat' dir='ltr'><strong>lum</strong></span> <span class='ocrx_word' id='word_1_194' title='bbox 294 3630 329 3692; x_wconf 91' lang='lat' dir='ltr'><strong>in</strong></span> <span class='ocrx_word' id='word_1_195' title='bbox 352 3649 388 3694; x_wconf 92' lang='lat' dir='ltr'><strong>se</strong></span> <span class='ocrx_word' id='word_1_196' title='bbox 410 3630 562 3695; x_wconf 83' lang='lat' dir='ltr'><strong>affectum</strong></span> <span class='ocrx_word' id='word_1_197' title='bbox 586 3631 757 3713; x_wconf 91' lang='lat' dir='ltr'><strong>quisquam</strong></span> <span class='ocrx_word' id='word_1_198' title='bbox 776 3633 917 3715; x_wconf 85' lang='lat' dir='ltr'><strong>reperiet</strong></span> <span class='ocrx_word' id='word_1_199' title='bbox 934 3634 1027 3699; x_wconf 87' lang='lat' dir='ltr'><strong>cuius</strong></span> <span class='ocrx_word' id='word_1_200' title='bbox 1042 3636 1077 3699; x_wconf 92' lang='lat' dir='ltr'><strong>in</strong></span> 
     </span>
     <span class='ocr_line' id='line_1_32' title="bbox 206 3739 1077 3826; baseline 0.01 -24"><span class='ocrx_word' id='word_1_201' title='bbox 206 3739 267 3805; x_wconf 92' lang='lat' dir='ltr'><strong>hoo</strong></span> <span class='ocrx_word' id='word_1_202' title='bbox 290 3739 421 3821; x_wconf 91' lang='lat' dir='ltr'><strong>speculo</strong></span> <span class='ocrx_word' id='word_1_203' title='bbox 449 3761 515 3805; x_wconf 93' lang='lat' dir='ltr'><strong>non</strong></span> <span class='ocrx_word' id='word_1_204' title='bbox 538 3741 680 3807; x_wconf 87' lang='lat' dir='ltr'><strong>reluceat</strong></span> <span class='ocrx_word' id='word_1_205' title='bbox 709 3743 826 3826; x_wconf 85' lang='lat' dir='ltr'><strong>imago.</strong></span> <span class='ocrx_word' id='word_1_206' title='bbox 870 3743 942 3810; x_wconf 94' lang='lat' dir='ltr'><strong>Imo</strong></span> <span class='ocrx_word' id='word_1_207' title='bbox 965 3766 1077 3811; x_wconf 91' lang='lat' dir='ltr'><strong>omnes</strong></span> 
     </span>
     <span class='ocr_line' id='line_1_33' title="bbox 205 3849 1075 3939; baseline 0.01 -27"><span class='ocrx_word' id='word_1_208' title='bbox 205 3849 258 3915; x_wconf 91' lang='lat' dir='ltr'><strong>hio</strong></span> <span class='ocrx_word' id='word_1_209' title='bbox 271 3849 408 3930; x_wconf 91' lang='lat' dir='ltr'><strong>dolores,</strong></span> <span class='ocrx_word' id='word_1_210' title='bbox 427 3852 585 3930; x_wconf 88' lang='lat' dir='ltr'><strong>tristitias,</strong></span> <span class='ocrx_word' id='word_1_211' title='bbox 604 3861 720 3932; x_wconf 90' lang='lat' dir='ltr'><strong>motus,</strong></span> <span class='ocrx_word' id='word_1_212' title='bbox 741 3853 968 3929; x_wconf 81' lang='lat' dir='ltr'><strong>dubitationes,</strong></span> <span class='ocrx_word' id='word_1_213' title='bbox 991 3876 1075 3939; x_wconf 91' lang='lat' dir='ltr'><strong>spes,</strong></span> 
     </span>
     <span class='ocr_line' id='line_1_34' title="bbox 203 3963 1076 4049; baseline 0.009 -24"><span class='ocrx_word' id='word_1_214' title='bbox 203 3980 306 4038; x_wconf 89' lang='lat' dir='ltr'><strong>ouras,</strong></span> <span class='ocrx_word' id='word_1_215' title='bbox 334 3964 525 4040; x_wconf 85' lang='lat' dir='ltr'><strong>anxietates,</strong></span> <span class='ocrx_word' id='word_1_216' title='bbox 554 3963 763 4028; x_wconf 91' lang='lat' dir='ltr'><strong>turbulentos</strong></span> <span class='ocrx_word' id='word_1_217' title='bbox 791 3963 930 4049; x_wconf 90' lang='lat' dir='ltr'><strong>denique</strong></span> <span class='ocrx_word' id='word_1_218' title='bbox 957 3978 1076 4045; x_wconf 90' lang='lat' dir='ltr'><strong>motus,</strong></span> 
     </span>
     <span class='ocr_line' id='line_1_35' title="bbox 204 4072 1078 4160; baseline 0.01 -24"><span class='ocrx_word' id='word_1_219' title='bbox 204 4072 322 4154; x_wconf 91' lang='lat' dir='ltr'><strong>quibus</strong></span> <span class='ocrx_word' id='word_1_220' title='bbox 345 4074 459 4138; x_wconf 90' lang='lat' dir='ltr'><strong>iactari</strong></span> <span class='ocrx_word' id='word_1_221' title='bbox 477 4074 583 4139; x_wconf 88' lang='lat' dir='ltr'><strong>solent</strong></span> <span class='ocrx_word' id='word_1_222' title='bbox 601 4073 765 4139; x_wconf 89' lang='lat' dir='ltr'><strong>humanae</strong></span> <span class='ocrx_word' id='word_1_223' title='bbox 783 4084 920 4154; x_wconf 90' lang='lat' dir='ltr'><strong>mentes,</strong></span> <span class='ocrx_word' id='word_1_224' title='bbox 944 4079 1078 4160; x_wconf 89' lang='lat' dir='ltr'><strong>spiritus</strong></span> 
     </span>
     <span class='ocr_line' id='line_1_36' title="bbox 204 4184 1077 4273; baseline 0.008 -26"><span class='ocrx_word' id='word_1_225' title='bbox 204 4192 337 4249; x_wconf 91' lang='lat' dir='ltr'><strong>sanctus</strong></span> <span class='ocrx_word' id='word_1_226' title='bbox 349 4184 389 4247; x_wconf 90' lang='lat' dir='ltr'><strong>ad</strong></span> <span class='ocrx_word' id='word_1_227' title='bbox 402 4185 517 4248; x_wconf 87' lang='lat' dir='ltr'><strong>vivum</strong></span> <span class='ocrx_word' id='word_1_228' title='bbox 529 4186 796 4268; x_wconf 87' lang='lat' dir='ltr'><strong>repraesentavit.</strong></span> <span class='ocrx_word' id='word_1_229' title='bbox 822 4184 962 4269; x_wconf 86' lang='lat' dir='ltr'><strong>Reliqua</strong></span> <span class='ocrx_word' id='word_1_230' title='bbox 975 4192 1077 4273; x_wconf 91' lang='lat' dir='ltr'><strong>scrip-</strong></span> 
     </span>
     <span class='ocr_line' id='line_1_37' title="bbox 205 4295 1078 4376; baseline 0.007 -17"><span class='ocrx_word' id='word_1_231' title='bbox 205 4307 279 4360; x_wconf 92' lang='lat' dir='ltr'><strong>tura</strong></span> <span class='ocrx_word' id='word_1_232' title='bbox 301 4296 447 4360; x_wconf 90' lang='lat' dir='ltr'><strong>continet</strong></span> <span class='ocrx_word' id='word_1_233' title='bbox 475 4315 556 4376; x_wconf 88' lang='lat' dir='ltr'><strong>quae</strong></span> <span class='ocrx_word' id='word_1_234' title='bbox 580 4295 672 4361; x_wconf 90' lang='lat' dir='ltr'><strong>Deus</strong></span> <span class='ocrx_word' id='word_1_235' title='bbox 701 4295 805 4361; x_wconf 87' lang='lat' dir='ltr'><strong>servis</strong></span> <span class='ocrx_word' id='word_1_236' title='bbox 833 4297 902 4362; x_wconf 90' lang='lat' dir='ltr'><strong>suis</strong></span> <span class='ocrx_word' id='word_1_237' title='bbox 924 4300 1078 4365; x_wconf 90' lang='lat' dir='ltr'><strong>mandata</strong></span> 
     </span>
     <span class='ocr_line' id='line_1_38' title="bbox 206 4406 1078 4493; baseline 0.007 -22"><span class='ocrx_word' id='word_1_238' title='bbox 206 4407 350 4472; x_wconf 90' lang='lat' dir='ltr'><strong>iniunxit</strong></span> <span class='ocrx_word' id='word_1_239' title='bbox 368 4406 410 4471; x_wconf 90' lang='lat' dir='ltr'><strong>ad</strong></span> <span class='ocrx_word' id='word_1_240' title='bbox 429 4427 487 4471; x_wconf 91' lang='lat' dir='ltr'><strong>nos</strong></span> <span class='ocrx_word' id='word_1_241' title='bbox 499 4407 702 4489; x_wconf 89' lang='lat' dir='ltr'><strong>perferenda.</strong></span> <span class='ocrx_word' id='word_1_242' title='bbox 734 4406 798 4472; x_wconf 92' lang='lat' dir='ltr'><strong>Hic</strong></span> <span class='ocrx_word' id='word_1_243' title='bbox 811 4429 889 4472; x_wconf 87' lang='lat' dir='ltr'><strong>vero</strong></span> <span class='ocrx_word' id='word_1_244' title='bbox 900 4411 1078 4493; x_wconf 88' lang='lat' dir='ltr'><strong>prophetae</strong></span> 
     </span>
     <span class='ocr_line' id='line_1_39' title="bbox 205 4516 1078 4600; baseline 0.009 -21"><span class='ocrx_word' id='word_1_245' title='bbox 205 4516 268 4598; x_wconf 88' lang='lat' dir='ltr'><strong>ipsi</strong></span> <span class='ocrx_word' id='word_1_246' title='bbox 290 4536 364 4580; x_wconf 91' lang='lat' dir='ltr'><strong>cum</strong></span> <span class='ocrx_word' id='word_1_247' title='bbox 388 4517 460 4581; x_wconf 92' lang='lat' dir='ltr'><strong>Deo</strong></span> <span class='ocrx_word' id='word_1_248' title='bbox 482 4517 661 4600; x_wconf 89' lang='lat' dir='ltr'><strong>loquentes,</strong></span> <span class='ocrx_word' id='word_1_249' title='bbox 683 4519 758 4600; x_wconf 92' lang='lat' dir='ltr'><strong>quia</strong></span> <span class='ocrx_word' id='word_1_250' title='bbox 776 4519 949 4586; x_wconf 90' lang='lat' dir='ltr'><strong>interiores</strong></span> <span class='ocrx_word' id='word_1_251' title='bbox 964 4543 1078 4588; x_wconf 91' lang='lat' dir='ltr'><strong>omnes</strong></span> 
     </span>
     <span class='ocr_line' id='line_1_40' title="bbox 205 4637 1075 4712; baseline 0.007 -21"><span class='ocrx_word' id='word_1_252' title='bbox 205 4647 320 4693; x_wconf 90' lang='lat' dir='ltr'><strong>sensus</strong></span> <span class='ocrx_word' id='word_1_253' title='bbox 342 4637 504 4712; x_wconf 83' lang='lat' dir='ltr'><strong>retegunt,</strong></span> <span class='ocrx_word' id='word_1_254' title='bbox 527 4649 689 4712; x_wconf 89' lang='lat' dir='ltr'><strong>quemque</strong></span> <span class='ocrx_word' id='word_1_255' title='bbox 711 4639 857 4694; x_wconf 91' lang='lat' dir='ltr'><strong>nostrum</strong></span> <span class='ocrx_word' id='word_1_256' title='bbox 881 4644 998 4697; x_wconf 89' lang='lat' dir='ltr'><strong>vocant</strong></span> <span class='ocrx_word' id='word_1_257' title='bbox 1020 4643 1075 4699; x_wconf 91' lang='lat' dir='ltr'><strong>aut</strong></span> 
     </span>
     <span class='ocr_line' id='line_1_41' title="bbox 205 4737 1076 4825; baseline 0.011 -26"><span class='ocrx_word' id='word_1_258' title='bbox 205 4737 344 4802; x_wconf 89' lang='lat' dir='ltr'><strong>trahunt</strong></span> <span class='ocrx_word' id='word_1_259' title='bbox 367 4738 406 4803; x_wconf 92' lang='lat' dir='ltr'><strong>ad</strong></span> <span class='ocrx_word' id='word_1_260' title='bbox 430 4741 600 4822; x_wconf 89' lang='lat' dir='ltr'><strong>proprium</strong></span> <span class='ocrx_word' id='word_1_261' title='bbox 623 4742 674 4806; x_wconf 91' lang='lat' dir='ltr'><strong>sui</strong></span> <span class='ocrx_word' id='word_1_262' title='bbox 695 4761 843 4816; x_wconf 87' lang='lat' dir='ltr'><strong>examen,</strong></span> <span class='ocrx_word' id='word_1_263' title='bbox 872 4763 913 4806; x_wconf 93' lang='lat' dir='ltr'><strong>ne</strong></span> <span class='ocrx_word' id='word_1_264' title='bbox 935 4744 1012 4825; x_wconf 88' lang='lat' dir='ltr'><strong>quid</strong></span> <span class='ocrx_word' id='word_1_265' title='bbox 1035 4765 1076 4810; x_wconf 89' lang='lat' dir='ltr'><strong>ex</strong></span> 
     </span>
     <span class='ocr_line' id='line_1_42' title="bbox 204 4849 1077 4937; baseline 0.011 -26"><span class='ocrx_word' id='word_1_266' title='bbox 204 4856 253 4911; x_wconf 91' lang='lat' dir='ltr'><strong>tot</strong></span> <span class='ocrx_word' id='word_1_267' title='bbox 273 4849 519 4915; x_wconf 87' lang='lat' dir='ltr'><strong>infirmitatibus</strong></span> <span class='ocrx_word' id='word_1_268' title='bbox 542 4851 658 4933; x_wconf 91' lang='lat' dir='ltr'><strong>quibus</strong></span> <span class='ocrx_word' id='word_1_269' title='bbox 675 4873 788 4917; x_wconf 90' lang='lat' dir='ltr'><strong>sumus</strong></span> <span class='ocrx_word' id='word_1_270' title='bbox 800 4851 942 4935; x_wconf 89' lang='lat' dir='ltr'><strong>obnoxii,</strong></span> <span class='ocrx_word' id='word_1_271' title='bbox 964 4864 1077 4937; x_wconf 90' lang='lat' dir='ltr'><strong>totque</strong></span> 
     </span>
     <span class='ocr_line' id='line_1_43' title="bbox 206 4959 1076 5041; baseline 0.011 -20"><span class='ocrx_word' id='word_1_272' title='bbox 206 4959 295 5024; x_wconf 88' lang='lat' dir='ltr'><strong>vitiis</strong></span> <span class='ocrx_word' id='word_1_273' title='bbox 316 4961 435 5041; x_wconf 89' lang='lat' dir='ltr'><strong>quibus</strong></span> <span class='ocrx_word' id='word_1_274' title='bbox 464 4984 575 5028; x_wconf 89' lang='lat' dir='ltr'><strong>sumus</strong></span> <span class='ocrx_word' id='word_1_275' title='bbox 598 4963 719 5040; x_wconf 86' lang='lat' dir='ltr'><strong>referti,</strong></span> <span class='ocrx_word' id='word_1_276' title='bbox 750 4962 913 5028; x_wconf 91' lang='lat' dir='ltr'><strong>occultum</strong></span> <span class='ocrx_word' id='word_1_277' title='bbox 936 4977 1076 5032; x_wconf 90' lang='lat' dir='ltr'><strong>maneat.</strong></span> 
     </span>
     <span class='ocr_line' id='line_1_44' title="bbox 204 5070 1077 5157; baseline 0.009 -23"><span class='ocrx_word' id='word_1_278' title='bbox 204 5070 316 5135; x_wconf 87' lang='lat' dir='ltr'><strong>Rarus</strong></span> <span class='ocrx_word' id='word_1_279' title='bbox 333 5080 367 5134; x_wconf 89' lang='lat' dir='ltr'><strong>et</strong></span> <span class='ocrx_word' id='word_1_280' title='bbox 378 5073 553 5156; x_wconf 85' lang='lat' dir='ltr'><strong>singularis</strong></span> <span class='ocrx_word' id='word_1_281' title='bbox 574 5074 749 5157; x_wconf 83' lang='lat' dir='ltr'><strong>proiectus,</strong></span> <span class='ocrx_word' id='word_1_282' title='bbox 772 5072 828 5138; x_wconf 94' lang='lat' dir='ltr'><strong>ubi</strong></span> <span class='ocrx_word' id='word_1_283' title='bbox 845 5076 990 5142; x_wconf 84' lang='lat' dir='ltr'><strong>excussis</strong></span> <span class='ocrx_word' id='word_1_284' title='bbox 1007 5098 1077 5142; x_wconf 92' lang='lat' dir='ltr'><strong>om·</strong></span> 
     </span>
     <span class='ocr_line' id='line_1_45' title="bbox 207 5180 1076 5269; baseline 0.01 -25"><span class='ocrx_word' id='word_1_285' title='bbox 207 5180 304 5246; x_wconf 90' lang='lat' dir='ltr'><strong>nibus</strong></span> <span class='ocrx_word' id='word_1_286' title='bbox 334 5181 468 5248; x_wconf 90' lang='lat' dir='ltr'><strong>latebris</strong></span> <span class='ocrx_word' id='word_1_287' title='bbox 498 5207 553 5250; x_wconf 92' lang='lat' dir='ltr'><strong>cor</strong></span> <span class='ocrx_word' id='word_1_288' title='bbox 583 5185 760 5269; x_wconf 81' lang='lat' dir='ltr'><strong>hypocrisi,</strong></span> <span class='ocrx_word' id='word_1_289' title='bbox 791 5184 967 5251; x_wconf 89' lang='lat' dir='ltr'><strong>deterrima</strong></span> <span class='ocrx_word' id='word_1_290' title='bbox 993 5188 1076 5266; x_wconf 90' lang='lat' dir='ltr'><strong>tabe,</strong></span> 
     </span>
    </p>
   </div>
   <div class='ocr_carea' id='block_1_9' title="bbox 2166 306 2207 369">
    <p class='ocr_par' dir='ltr' id='par_1_9' title="bbox 2166 306 2207 369">
     <span class='ocr_line' id='line_1_46' title="bbox 2166 306 2207 369; baseline 0.049 -2"><span class='ocrx_word' id='word_1_291' title='bbox 2166 306 2207 369; x_wconf 83' lang='lat'><strong>16</strong></span> 
     </span>
    </p>
   </div>
   <div class='ocr_carea' id='block_1_10' title="bbox 1230 496 2208 1605">
    <p class='ocr_par' dir='ltr' id='par_1_10' title="bbox 1230 496 2208 1605">
     <span class='ocr_line' id='line_1_47' title="bbox 1230 496 2206 581; baseline -0.004 -17"><span class='ocrx_word' id='word_1_292' title='bbox 1230 520 1285 564; x_wconf 92' lang='lat' dir='ltr'><strong>ma</strong></span> <span class='ocrx_word' id='word_1_293' title='bbox 1308 498 1468 581; x_wconf 86' lang='lat' dir='ltr'><strong>premiere</strong></span> <span class='ocrx_word' id='word_1_294' title='bbox 1498 496 1713 562; x_wconf 85' lang='lat' dir='ltr'><strong>deliberation</strong></span> <span class='ocrx_word' id='word_1_295' title='bbox 1743 497 1765 562; x_wconf 93' lang='lat' dir='ltr'><strong>il</strong></span> <span class='ocrx_word' id='word_1_296' title='bbox 1797 519 1849 562; x_wconf 93' lang='lat' dir='ltr'><strong>me</strong></span> <span class='ocrx_word' id='word_1_297' title='bbox 1881 498 1974 562; x_wconf 89' lang='lat' dir='ltr'><strong>veint</strong></span> <span class='ocrx_word' id='word_1_298' title='bbox 2002 497 2032 560; x_wconf 92' lang='lat' dir='ltr'><strong>ie</strong></span> <span class='ocrx_word' id='word_1_299' title='bbox 2063 517 2103 561; x_wconf 92' lang='lat' dir='ltr'><strong>ne</strong></span> <span class='ocrx_word' id='word_1_300' title='bbox 2125 516 2206 578; x_wconf 80' lang='lat' dir='ltr'><strong>scay</strong></span> 
     </span>
     <span class='ocr_line' id='line_1_48' title="bbox 1230 580 2208 664; baseline -0.004 -14"><span class='ocrx_word' id='word_1_301' title='bbox 1230 594 1394 651; x_wconf 91' lang='lat' dir='ltr'><strong>comment</strong></span> <span class='ocrx_word' id='word_1_302' title='bbox 1417 606 1456 647; x_wconf 92' lang='lat' dir='ltr'><strong>en</strong></span> <span class='ocrx_word' id='word_1_303' title='bbox 1480 583 1603 664; x_wconf 86' lang='lat' dir='ltr'><strong>l’osprit</strong></span> <span class='ocrx_word' id='word_1_304' title='bbox 1623 582 1662 647; x_wconf 93' lang='lat' dir='ltr'><strong>de</strong></span> <span class='ocrx_word' id='word_1_305' title='bbox 1681 585 1810 647; x_wconf 86' lang='lat' dir='ltr'><strong>dressor</strong></span> <span class='ocrx_word' id='word_1_306' title='bbox 1827 605 1869 648; x_wconf 93' lang='lat' dir='ltr'><strong>en</strong></span> <span class='ocrx_word' id='word_1_307' title='bbox 1885 583 1996 661; x_wconf 85' lang='lat' dir='ltr'><strong>Latin,</strong></span> <span class='ocrx_word' id='word_1_308' title='bbox 2020 580 2208 647; x_wconf 90' lang='lat' dir='ltr'><strong>seulement</strong></span> 
     </span>
     <span class='ocr_line' id='line_1_49' title="bbox 1230 667 2206 752; baseline -0.002 -18"><span class='ocrx_word' id='word_1_309' title='bbox 1230 690 1356 735; x_wconf 90' lang='lat' dir='ltr'><strong>commo</strong></span> <span class='ocrx_word' id='word_1_310' title='bbox 1397 690 1457 751; x_wconf 89' lang='lat' dir='ltr'><strong>par</strong></span> <span class='ocrx_word' id='word_1_311' title='bbox 1496 672 1642 732; x_wconf 82' lang='lat' dir='ltr'><strong>muniere</strong></span> <span class='ocrx_word' id='word_1_312' title='bbox 1685 667 1831 752; x_wconf 86' lang='lat' dir='ltr'><strong>d&#39;essay,</strong></span> <span class='ocrx_word' id='word_1_313' title='bbox 1876 667 2084 750; x_wconf 89' lang='lat' dir='ltr'><strong>l’oxposition</strong></span> <span class='ocrx_word' id='word_1_314' title='bbox 2125 668 2206 732; x_wconf 88' lang='lat' dir='ltr'><strong>d’un</strong></span> 
     </span>
     <span class='ocr_line' id='line_1_50' title="bbox 1231 751 2207 836; baseline -0.003 -16"><span class='ocrx_word' id='word_1_315' title='bbox 1231 756 1401 820; x_wconf 90' lang='lat' dir='ltr'><strong>Pseaume.</strong></span> <span class='ocrx_word' id='word_1_316' title='bbox 1445 754 1526 818; x_wconf 91' lang='lat' dir='ltr'><strong>Puis</strong></span> <span class='ocrx_word' id='word_1_317' title='bbox 1556 774 1651 835; x_wconf 90' lang='lat' dir='ltr'><strong>apres</strong></span> <span class='ocrx_word' id='word_1_318' title='bbox 1680 753 1789 835; x_wconf 87' lang='lat' dir='ltr'><strong>quand</strong></span> <span class='ocrx_word' id='word_1_319' title='bbox 1820 755 1850 818; x_wconf 91' lang='lat' dir='ltr'><strong>ie</strong></span> <span class='ocrx_word' id='word_1_320' title='bbox 1875 776 1936 835; x_wconf 80' lang='lat' dir='ltr'><strong>vey</strong></span> <span class='ocrx_word' id='word_1_321' title='bbox 1967 773 2029 836; x_wconf 90' lang='lat' dir='ltr'><strong>qne</strong></span> <span class='ocrx_word' id='word_1_322' title='bbox 2051 751 2083 816; x_wconf 90' lang='lat' dir='ltr'><strong>la</strong></span> <span class='ocrx_word' id='word_1_323' title='bbox 2105 752 2207 818; x_wconf 90' lang='lat' dir='ltr'><strong>chose</strong></span> 
     </span>
     <span class='ocr_line' id='line_1_51' title="bbox 1232 838 2206 920; baseline 0.002 -18"><span class='ocrx_word' id='word_1_324' title='bbox 1232 838 1433 904; x_wconf 89' lang='lat' dir='ltr'><strong>rencontroit</strong></span> <span class='ocrx_word' id='word_1_325' title='bbox 1455 839 1545 902; x_wconf 87' lang='lat' dir='ltr'><strong>selon</strong></span> <span class='ocrx_word' id='word_1_326' title='bbox 1568 859 1645 902; x_wconf 93' lang='lat' dir='ltr'><strong>mon</strong></span> <span class='ocrx_word' id='word_1_327' title='bbox 1669 838 1757 903; x_wconf 90' lang='lat' dir='ltr'><strong>dosir</strong></span> <span class='ocrx_word' id='word_1_328' title='bbox 1780 841 1944 920; x_wconf 86' lang='lat' dir='ltr'><strong>beaucoup</strong></span> <span class='ocrx_word' id='word_1_329' title='bbox 1978 839 2052 920; x_wconf 90' lang='lat' dir='ltr'><strong>plus</strong></span> <span class='ocrx_word' id='word_1_330' title='bbox 2082 858 2146 919; x_wconf 92' lang='lat' dir='ltr'><strong>que</strong></span> <span class='ocrx_word' id='word_1_331' title='bbox 2175 840 2206 905; x_wconf 91' lang='lat' dir='ltr'><strong>ie</strong></span> 
     </span>
     <span class='ocr_line' id='line_1_52' title="bbox 1231 924 2206 1009; baseline -0.002 -19"><span class='ocrx_word' id='word_1_332' title='bbox 1231 928 1369 1009; x_wconf 74' lang='lat' dir='ltr'><strong>n’avoye</strong></span> <span class='ocrx_word' id='word_1_333' title='bbox 1392 932 1513 1005; x_wconf 79' lang='lat' dir='ltr'><strong>capere,</strong></span> <span class='ocrx_word' id='word_1_334' title='bbox 1533 924 1563 986; x_wconf 93' lang='lat' dir='ltr'><strong>le</strong></span> <span class='ocrx_word' id='word_1_335' title='bbox 1586 945 1726 1007; x_wconf 85' lang='lat' dir='ltr'><strong>courage</strong></span> <span class='ocrx_word' id='word_1_336' title='bbox 1748 945 1799 988; x_wconf 93' lang='lat' dir='ltr'><strong>me</strong></span> <span class='ocrx_word' id='word_1_337' title='bbox 1824 925 1929 987; x_wconf 85' lang='lat' dir='ltr'><strong>veint:</strong></span> <span class='ocrx_word' id='word_1_338' title='bbox 1958 924 2040 988; x_wconf 88' lang='lat' dir='ltr'><strong>ainsi</strong></span> <span class='ocrx_word' id='word_1_339' title='bbox 2063 924 2094 988; x_wconf 92' lang='lat' dir='ltr'><strong>ie</strong></span> <span class='ocrx_word' id='word_1_340' title='bbox 2116 944 2206 990; x_wconf 89' lang='lat' dir='ltr'><strong>com·</strong></span> 
     </span>
     <span class='ocr_line' id='line_1_53' title="bbox 1230 1008 2207 1092; baseline -0.001 -18"><span class='ocrx_word' id='word_1_341' title='bbox 1230 1031 1343 1074; x_wconf 92' lang='lat' dir='ltr'><strong>mence</strong></span> <span class='ocrx_word' id='word_1_342' title='bbox 1365 1029 1385 1072; x_wconf 89' lang='lat' dir='ltr'><strong>a</strong></span> <span class='ocrx_word' id='word_1_343' title='bbox 1406 1030 1535 1091; x_wconf 87' lang='lat' dir='ltr'><strong>essayor</strong></span> <span class='ocrx_word' id='word_1_344' title='bbox 1554 1009 1593 1072; x_wconf 92' lang='lat' dir='ltr'><strong>de</strong></span> <span class='ocrx_word' id='word_1_345' title='bbox 1616 1011 1695 1072; x_wconf 86' lang='lat' dir='ltr'><strong>faire</strong></span> <span class='ocrx_word' id='word_1_346' title='bbox 1719 1010 1758 1074; x_wconf 93' lang='lat' dir='ltr'><strong>de</strong></span> <span class='ocrx_word' id='word_1_347' title='bbox 1781 1029 1904 1073; x_wconf 91' lang='lat' dir='ltr'><strong>mesme</strong></span> <span class='ocrx_word' id='word_1_348' title='bbox 1923 1030 1964 1073; x_wconf 92' lang='lat' dir='ltr'><strong>on</strong></span> <span class='ocrx_word' id='word_1_349' title='bbox 1983 1008 2122 1091; x_wconf 90' lang='lat' dir='ltr'><strong>quelque</strong></span> <span class='ocrx_word' id='word_1_350' title='bbox 2141 1031 2207 1092; x_wconf 90' lang='lat' dir='ltr'><strong>peu</strong></span> 
     </span>
     <span class='ocr_line' id='line_1_54' title="bbox 1231 1095 2208 1177; baseline -0.001 -17"><span class='ocrx_word' id='word_1_351' title='bbox 1231 1095 1572 1161; x_wconf 86' lang='lat' dir='ltr'><strong>d&#39;autresPseaumes.</strong></span> <span class='ocrx_word' id='word_1_352' title='bbox 1596 1095 1643 1159; x_wconf 82' lang='lat' dir='ltr'><strong>Oe</strong></span> <span class='ocrx_word' id='word_1_353' title='bbox 1666 1095 1823 1177; x_wconf 81' lang='lat' dir='ltr'><strong>qu&#39;ayans</strong></span> <span class='ocrx_word' id='word_1_354' title='bbox 1847 1114 2006 1177; x_wconf 92' lang='lat' dir='ltr'><strong>apperoeu</strong></span> <span class='ocrx_word' id='word_1_355' title='bbox 2025 1115 2095 1159; x_wconf 89' lang='lat' dir='ltr'><strong>mes</strong></span> <span class='ocrx_word' id='word_1_356' title='bbox 2112 1095 2208 1159; x_wconf 88' lang='lat' dir='ltr'><strong>fami-</strong></span> 
     </span>
     <span class='ocr_line' id='line_1_55' title="bbox 1231 1180 2207 1263; baseline -0.001 -18"><span class='ocrx_word' id='word_1_357' title='bbox 1231 1182 1324 1256; x_wconf 90' lang='lat' dir='ltr'><strong>liers,</strong></span> <span class='ocrx_word' id='word_1_358' title='bbox 1363 1201 1487 1245; x_wconf 91' lang='lat' dir='ltr'><strong>comme</strong></span> <span class='ocrx_word' id='word_1_359' title='bbox 1521 1200 1573 1244; x_wconf 93' lang='lat' dir='ltr'><strong>me</strong></span> <span class='ocrx_word' id='word_1_360' title='bbox 1615 1196 1731 1243; x_wconf 88' lang='lat' dir='ltr'><strong>tonans</strong></span> <span class='ocrx_word' id='word_1_361' title='bbox 1773 1202 1832 1262; x_wconf 90' lang='lat' dir='ltr'><strong>par</strong></span> <span class='ocrx_word' id='word_1_362' title='bbox 1865 1201 1901 1244; x_wconf 92' lang='lat' dir='ltr'><strong>ce</strong></span> <span class='ocrx_word' id='word_1_363' title='bbox 1934 1200 2053 1262; x_wconf 85' lang='lat' dir='ltr'><strong>moyen</strong></span> <span class='ocrx_word' id='word_1_364' title='bbox 2086 1180 2207 1263; x_wconf 78' lang='lat' dir='ltr'><strong>oblige,</strong></span> 
     </span>
     <span class='ocr_line' id='line_1_56' title="bbox 1231 1263 2207 1349; baseline 0.002 -19"><span class='ocrx_word' id='word_1_365' title='bbox 1231 1266 1406 1349; x_wconf 90' lang='lat' dir='ltr'><strong>prindrent</strong></span> <span class='ocrx_word' id='word_1_366' title='bbox 1428 1264 1501 1346; x_wconf 89' lang='lat' dir='ltr'><strong>plus</strong></span> <span class='ocrx_word' id='word_1_367' title='bbox 1524 1263 1648 1348; x_wconf 83' lang='lat' dir='ltr'><strong>grande</strong></span> <span class='ocrx_word' id='word_1_368' title='bbox 1670 1264 1838 1329; x_wconf 88' lang='lat' dir='ltr'><strong>hardiesse</strong></span> <span class='ocrx_word' id='word_1_369' title='bbox 1860 1264 1900 1329; x_wconf 92' lang='lat' dir='ltr'><strong>de</strong></span> <span class='ocrx_word' id='word_1_370' title='bbox 1919 1285 1972 1329; x_wconf 89' lang='lat' dir='ltr'><strong>me</strong></span> <span class='ocrx_word' id='word_1_371' title='bbox 1987 1264 2207 1349; x_wconf 88' lang='lat' dir='ltr'><strong>soliciterque</strong></span> 
     </span>
     <span class='ocr_line' id='line_1_57' title="bbox 1231 1349 2205 1436; baseline -0.001 -20"><span class='ocrx_word' id='word_1_372' title='bbox 1231 1352 1262 1416; x_wconf 90' lang='lat' dir='ltr'><strong>ie</strong></span> <span class='ocrx_word' id='word_1_373' title='bbox 1285 1372 1326 1415; x_wconf 92' lang='lat' dir='ltr'><strong>ne</strong></span> <span class='ocrx_word' id='word_1_374' title='bbox 1346 1349 1522 1416; x_wconf 87' lang='lat' dir='ltr'><strong>desistasse</strong></span> <span class='ocrx_word' id='word_1_375' title='bbox 1544 1352 1644 1432; x_wconf 91' lang='lat' dir='ltr'><strong>point.</strong></span> <span class='ocrx_word' id='word_1_376' title='bbox 1668 1349 1697 1429; x_wconf 80' lang='lat' dir='ltr'><strong>Il</strong></span> <span class='ocrx_word' id='word_1_377' title='bbox 1720 1373 1742 1434; x_wconf 87' lang='lat' dir='ltr'><strong>y</strong></span> <span class='ocrx_word' id='word_1_378' title='bbox 1761 1361 1816 1415; x_wconf 90' lang='lat' dir='ltr'><strong>eut</strong></span> <span class='ocrx_word' id='word_1_379' title='bbox 1839 1371 1904 1415; x_wconf 91' lang='lat' dir='ltr'><strong>une</strong></span> <span class='ocrx_word' id='word_1_380' title='bbox 1925 1351 2033 1414; x_wconf 90' lang='lat' dir='ltr'><strong>raison</strong></span> <span class='ocrx_word' id='word_1_381' title='bbox 2057 1353 2113 1432; x_wconf 90' lang='lat' dir='ltr'><strong>qui</strong></span> <span class='ocrx_word' id='word_1_382' title='bbox 2136 1354 2205 1436; x_wconf 85' lang='lat' dir='ltr'><strong>m&#39;y</strong></span> 
     </span>
     <span class='ocr_line' id='line_1_58' title="bbox 1231 1435 2205 1517; baseline 0.001 -16"><span class='ocrx_word' id='word_1_383' title='bbox 1231 1438 1289 1501; x_wconf 86' lang='lat' dir='ltr'><strong>leit</strong></span> <span class='ocrx_word' id='word_1_384' title='bbox 1304 1435 1552 1509; x_wconf 89' lang='lat' dir='ltr'><strong>condsccndcre‚</strong></span> <span class='ocrx_word' id='word_1_385' title='bbox 1576 1435 1717 1517; x_wconf 87' lang='lat' dir='ltr'><strong>laquelle</strong></span> <span class='ocrx_word' id='word_1_386' title='bbox 1736 1435 1825 1500; x_wconf 91' lang='lat' dir='ltr'><strong>aussi</strong></span> <span class='ocrx_word' id='word_1_387' title='bbox 1843 1437 1978 1499; x_wconf 89' lang='lat' dir='ltr'><strong>m&#39;avoit</strong></span> <span class='ocrx_word' id='word_1_388' title='bbox 1997 1435 2054 1500; x_wconf 84' lang='lat' dir='ltr'><strong>des</strong></span> <span class='ocrx_word' id='word_1_389' title='bbox 2073 1436 2103 1500; x_wconf 93' lang='lat' dir='ltr'><strong>le</strong></span> <span class='ocrx_word' id='word_1_390' title='bbox 2115 1458 2205 1502; x_wconf 91' lang='lat' dir='ltr'><strong>com-</strong></span> 
     </span>
     <span class='ocr_line' id='line_1_59' title="bbox 1231 1521 2207 1605; baseline 0.001 -19"><span class='ocrx_word' id='word_1_391' title='bbox 1231 1534 1436 1586; x_wconf 88' lang='lat' dir='ltr'><strong>meneement</strong></span> <span class='ocrx_word' id='word_1_392' title='bbox 1455 1522 1556 1586; x_wconf 78' lang='lat' dir='ltr'><strong>incito</strong></span> <span class='ocrx_word' id='word_1_393' title='bbox 1579 1543 1598 1585; x_wconf 88' lang='lat' dir='ltr'><strong>a</strong></span> <span class='ocrx_word' id='word_1_394' title='bbox 1620 1522 1701 1585; x_wconf 88' lang='lat' dir='ltr'><strong>faire</strong></span> <span class='ocrx_word' id='word_1_395' title='bbox 1720 1541 1755 1583; x_wconf 89' lang='lat' dir='ltr'><strong>ce</strong></span> <span class='ocrx_word' id='word_1_396' title='bbox 1774 1521 1916 1604; x_wconf 90' lang='lat' dir='ltr'><strong>premier</strong></span> <span class='ocrx_word' id='word_1_397' title='bbox 1928 1543 2032 1605; x_wconf 85' lang='lat' dir='ltr'><strong>essay,</strong></span> <span class='ocrx_word' id='word_1_398' title='bbox 2057 1525 2207 1588; x_wconf 89' lang='lat' dir='ltr'><strong>asoavoir</strong></span> 
     </span>
    </p>
   </div>
   <div class='ocr_carea' id='block_1_11' title="bbox 1213 1605 2207 1690">
    <p class='ocr_par' dir='ltr' id='par_1_11' title="bbox 1213 1605 2207 1690">
     <span class='ocr_line' id='line_1_60' title="bbox 1213 1605 2207 1690; baseline 0.001 -19"><span class='ocrx_word' id='word_1_399' title='bbox 1213 1628 1294 1690; x_wconf 86' lang='lat' dir='ltr'><strong>¹que</strong></span> <span class='ocrx_word' id='word_1_400' title='bbox 1315 1607 1346 1670; x_wconf 92' lang='lat' dir='ltr'><strong>io</strong></span> <span class='ocrx_word' id='word_1_401' title='bbox 1364 1605 1504 1689; x_wconf 87' lang='lat' dir='ltr'><strong>dontoye</strong></span> <span class='ocrx_word' id='word_1_402' title='bbox 1527 1627 1588 1688; x_wconf 96' lang='grc' dir='ltr'><strong>(μω</strong></span> <span class='ocrx_word' id='word_1_403' title='bbox 1601 1606 1740 1688; x_wconf 88' lang='lat' dir='ltr'><strong>quelque</strong></span> <span class='ocrx_word' id='word_1_404' title='bbox 1758 1606 1833 1671; x_wconf 92' lang='lat' dir='ltr'><strong>iour</strong></span> <span class='ocrx_word' id='word_1_405' title='bbox 1845 1614 1958 1672; x_wconf 93' lang='lat' dir='ltr'><strong>contro</strong></span> <span class='ocrx_word' id='word_1_406' title='bbox 1976 1627 2053 1671; x_wconf 92' lang='lat' dir='ltr'><strong>mon</strong></span> <span class='ocrx_word' id='word_1_407' title='bbox 2066 1607 2207 1687; x_wconf 86' lang='lat' dir='ltr'><strong>vouloir,</strong></span> 
     </span>
    </p>
   </div>
   <div class='ocr_carea' id='block_1_12' title="bbox 1231 1691 2208 1858">
    <p class='ocr_par' dir='ltr' id='par_1_12' title="bbox 1231 1691 2208 1858">
     <span class='ocr_line' id='line_1_61' title="bbox 1231 1691 2208 1775; baseline 0.003 -19"><span class='ocrx_word' id='word_1_408' title='bbox 1231 1714 1273 1756; x_wconf 92' lang='lat' dir='ltr'><strong>ou</strong></span> <span class='ocrx_word' id='word_1_409' title='bbox 1297 1713 1379 1775; x_wconf 92' lang='lat' dir='ltr'><strong>pour</strong></span> <span class='ocrx_word' id='word_1_410' title='bbox 1408 1692 1438 1756; x_wconf 94' lang='lat' dir='ltr'><strong>le</strong></span> <span class='ocrx_word' id='word_1_411' title='bbox 1466 1691 1572 1756; x_wconf 91' lang='lat' dir='ltr'><strong>moins</strong></span> <span class='ocrx_word' id='word_1_412' title='bbox 1602 1713 1679 1756; x_wconf 92' lang='lat' dir='ltr'><strong>sans</strong></span> <span class='ocrx_word' id='word_1_413' title='bbox 1708 1711 1785 1755; x_wconf 91' lang='lat' dir='ltr'><strong>mon</strong></span> <span class='ocrx_word' id='word_1_414' title='bbox 1816 1713 1900 1770; x_wconf 88' lang='lat' dir='ltr'><strong>scen,</strong></span> <span class='ocrx_word' id='word_1_415' title='bbox 1930 1713 1966 1757; x_wconf 92' lang='lat' dir='ltr'><strong>ce</strong></span> <span class='ocrx_word' id='word_1_416' title='bbox 1996 1697 2093 1775; x_wconf 89' lang='lat' dir='ltr'><strong>qu’on</strong></span> <span class='ocrx_word' id='word_1_417' title='bbox 2117 1697 2208 1759; x_wconf 88' lang='lat' dir='ltr'><strong>avoit</strong></span> 
     </span>
     <span class='ocr_line' id='line_1_62' title="bbox 1232 1775 2208 1858; baseline 0.003 -16"><span class='ocrx_word' id='word_1_418' title='bbox 1232 1778 1377 1842; x_wconf 85' lang='lat' dir='ltr'><strong>recueilli</strong></span> <span class='ocrx_word' id='word_1_419' title='bbox 1408 1775 1447 1840; x_wconf 92' lang='lat' dir='ltr'><strong>de</strong></span> <span class='ocrx_word' id='word_1_420' title='bbox 1477 1797 1546 1840; x_wconf 92' lang='lat' dir='ltr'><strong>mes</strong></span> <span class='ocrx_word' id='word_1_421' title='bbox 1576 1776 1683 1858; x_wconf 75' lang='lat' dir='ltr'><strong>locens</strong></span> <span class='ocrx_word' id='word_1_422' title='bbox 1714 1798 1755 1840; x_wconf 92' lang='lat' dir='ltr'><strong>ne</strong></span> <span class='ocrx_word' id='word_1_423' title='bbox 1783 1777 1892 1842; x_wconf 84' lang='lat' dir='ltr'><strong>veinst</strong></span> <span class='ocrx_word' id='word_1_424' title='bbox 1920 1798 1939 1840; x_wconf 92' lang='lat' dir='ltr'><strong>a</strong></span> <span class='ocrx_word' id='word_1_425' title='bbox 1969 1787 2055 1842; x_wconf 90' lang='lat' dir='ltr'><strong>estre</strong></span> <span class='ocrx_word' id='word_1_426' title='bbox 2077 1780 2141 1844; x_wconf 85' lang='lat' dir='ltr'><strong>mis</strong></span> <span class='ocrx_word' id='word_1_427' title='bbox 2164 1803 2208 1845; x_wconf 89' lang='lat' dir='ltr'><strong>en</strong></span> 
     </span>
    </p>
   </div>
   <div class='ocr_carea' id='block_1_13' title="bbox 1152 1861 2207 1944">
    <p class='ocr_par' dir='ltr' id='par_1_13' title="bbox 1152 1861 2207 1944">
     <span class='ocr_line' id='line_1_63' title="bbox 1152 1861 2207 1944; baseline 0.005 -18"><span class='ocrx_word' id='word_1_428' title='bbox 1152 1930 1154 1937; x_wconf 62' lang='grc'>,</span> <span class='ocrx_word' id='word_1_429' title='bbox 1231 1864 1376 1928; x_wconf 90' lang='lat' dir='ltr'><strong>lumicro.</strong></span> <span class='ocrx_word' id='word_1_430' title='bbox 1401 1862 1524 1939; x_wconf 82' lang='lat' dir='ltr'><strong>Certos,</strong></span> <span class='ocrx_word' id='word_1_431' title='bbox 1547 1861 1578 1926; x_wconf 92' lang='lat' dir='ltr'><strong>ie</strong></span> <span class='ocrx_word' id='word_1_432' title='bbox 1599 1863 1674 1943; x_wconf 93' lang='lat' dir='ltr'><strong>puis</strong></span> <span class='ocrx_word' id='word_1_433' title='bbox 1695 1862 1770 1927; x_wconf 91' lang='lat' dir='ltr'><strong>bien</strong></span> <span class='ocrx_word' id='word_1_434' title='bbox 1784 1863 1853 1925; x_wconf 91' lang='lat' dir='ltr'><strong>dire</strong></span> <span class='ocrx_word' id='word_1_435' title='bbox 1872 1883 1934 1944; x_wconf 91' lang='lat' dir='ltr'><strong>quo</strong></span> <span class='ocrx_word' id='word_1_436' title='bbox 1957 1863 2096 1944; x_wconf 90' lang='lat' dir='ltr'><strong>plustost</strong></span> <span class='ocrx_word' id='word_1_437' title='bbox 2118 1879 2207 1931; x_wconf 88' lang='lat' dir='ltr'><strong>ceste</strong></span> 
     </span>
    </p>
   </div>
   <div class='ocr_carea' id='block_1_14' title="bbox 1231 1948 2210 3143">
    <p class='ocr_par' dir='ltr' id='par_1_14' title="bbox 1231 1948 2207 2099">
     <span class='ocr_line' id='line_1_64' title="bbox 1231 1948 2207 2034; baseline 0.002 -21"><span class='ocrx_word' id='word_1_438' title='bbox 1231 1948 1356 2014; x_wconf 90' lang='lat' dir='ltr'><strong>crainte</strong></span> <span class='ocrx_word' id='word_1_439' title='bbox 1379 1949 1444 2010; x_wconf 85' lang='lat' dir='ltr'><strong>m&#39;a</strong></span> <span class='ocrx_word' id='word_1_440' title='bbox 1468 1948 1530 2010; x_wconf 86' lang='lat' dir='ltr'><strong>tire</strong></span> <span class='ocrx_word' id='word_1_441' title='bbox 1553 1969 1572 2011; x_wconf 90' lang='lat' dir='ltr'><strong>a</strong></span> <span class='ocrx_word' id='word_1_442' title='bbox 1595 1950 1724 2012; x_wconf 90' lang='lat' dir='ltr'><strong>dressor</strong></span> <span class='ocrx_word' id='word_1_443' title='bbox 1746 1949 1922 2031; x_wconf 84' lang='lat' dir='ltr'><strong>l’ouvrage,</strong></span> <span class='ocrx_word' id='word_1_444' title='bbox 1946 1969 2008 2029; x_wconf 92' lang='lat' dir='ltr'><strong>que</strong></span> <span class='ocrx_word' id='word_1_445' title='bbox 2031 1950 2061 2013; x_wconf 90' lang='lat' dir='ltr'><strong>ie</strong></span> <span class='ocrx_word' id='word_1_446' title='bbox 2083 1950 2140 2033; x_wconf 79' lang='lat' dir='ltr'><strong>n’y</strong></span> <span class='ocrx_word' id='word_1_447' title='bbox 2164 1973 2207 2034; x_wconf 83' lang='lat' dir='ltr'><strong>ay</strong></span> 
     </span>
     <span class='ocr_line' id='line_1_65' title="bbox 1231 2031 1844 2099; baseline 0 -2"><span class='ocrx_word' id='word_1_448' title='bbox 1231 2042 1301 2098; x_wconf 90' lang='lat' dir='ltr'><strong>oste</strong></span> <span class='ocrx_word' id='word_1_449' title='bbox 1325 2033 1461 2099; x_wconf 92' lang='lat' dir='ltr'><strong>condnit</strong></span> <span class='ocrx_word' id='word_1_450' title='bbox 1483 2031 1522 2096; x_wconf 90' lang='lat' dir='ltr'><strong>do</strong></span> <span class='ocrx_word' id='word_1_451' title='bbox 1546 2031 1680 2097; x_wconf 85' lang='lat' dir='ltr'><strong>francho</strong></span> <span class='ocrx_word' id='word_1_452' title='bbox 1703 2033 1844 2097; x_wconf 84' lang='lat' dir='ltr'><strong>volente.</strong></span> 
     </span>
    </p>

    <p class='ocr_par' dir='ltr' id='par_1_15' title="bbox 1231 2117 2210 3143">
     <span class='ocr_line' id='line_1_66' title="bbox 1317 2117 2206 2204; baseline 0.003 -21"><span class='ocrx_word' id='word_1_453' title='bbox 1317 2117 1551 2200; x_wconf 83' lang='lat' dir='ltr'><strong>Cependanta</strong></span> <span class='ocrx_word' id='word_1_454' title='bbox 1579 2118 1612 2182; x_wconf 94' lang='lat' dir='ltr'><strong>la</strong></span> <span class='ocrx_word' id='word_1_455' title='bbox 1640 2121 1807 2200; x_wconf 89' lang='lat' dir='ltr'><strong>poursuite</strong></span> <span class='ocrx_word' id='word_1_456' title='bbox 1830 2129 1862 2182; x_wconf 90' lang='lat' dir='ltr'><strong>et</strong></span> <span class='ocrx_word' id='word_1_457' title='bbox 1885 2120 2113 2184; x_wconf 88' lang='lat' dir='ltr'><strong>continuation</strong></span> <span class='ocrx_word' id='word_1_458' title='bbox 2140 2123 2206 2204; x_wconf 84' lang='lat' dir='ltr'><strong>i&#39;ay</strong></span> 
     </span>
     <span class='ocr_line' id='line_1_67' title="bbox 1231 2204 2209 2288; baseline 0.001 -19"><span class='ocrx_word' id='word_1_459' title='bbox 1231 2225 1336 2288; x_wconf 85' lang='lat' dir='ltr'><strong>cognu</strong></span> <span class='ocrx_word' id='word_1_460' title='bbox 1356 2204 1428 2285; x_wconf 92' lang='lat' dir='ltr'><strong>plus</strong></span> <span class='ocrx_word' id='word_1_461' title='bbox 1448 2213 1691 2268; x_wconf 88' lang='lat' dir='ltr'><strong>asseuroemcnt</strong></span> <span class='ocrx_word' id='word_1_462' title='bbox 1708 2213 1873 2267; x_wconf 88' lang='lat' dir='ltr'><strong>comment</strong></span> <span class='ocrx_word' id='word_1_463' title='bbox 1889 2205 1920 2268; x_wconf 94' lang='lat' dir='ltr'><strong>lo</strong></span> <span class='ocrx_word' id='word_1_464' title='bbox 1941 2205 2055 2270; x_wconf 92' lang='lat' dir='ltr'><strong>labeur</strong></span> <span class='ocrx_word' id='word_1_465' title='bbox 2074 2209 2209 2271; x_wconf 85' lang='lat' dir='ltr'><strong>n&#39;estoit</strong></span> 
     </span>
     <span class='ocr_line' id='line_1_68' title="bbox 1232 2289 2208 2376; baseline 0.003 -22"><span class='ocrx_word' id='word_1_466' title='bbox 1232 2292 1325 2373; x_wconf 87' lang='lat' dir='ltr'><strong>point</strong></span> <span class='ocrx_word' id='word_1_467' title='bbox 1353 2289 1487 2353; x_wconf 90' lang='lat' dir='ltr'><strong>inutile:</strong></span> <span class='ocrx_word' id='word_1_468' title='bbox 1517 2297 1550 2353; x_wconf 91' lang='lat' dir='ltr'><strong>et</strong></span> <span class='ocrx_word' id='word_1_469' title='bbox 1571 2307 1694 2354; x_wconf 90' lang='lat' dir='ltr'><strong>mesme</strong></span> <span class='ocrx_word' id='word_1_470' title='bbox 1724 2289 1789 2373; x_wconf 80' lang='lat' dir='ltr'><strong>i’ay</strong></span> <span class='ocrx_word' id='word_1_471' title='bbox 1811 2290 1894 2354; x_wconf 89' lang='lat' dir='ltr'><strong>senti</strong></span> <span class='ocrx_word' id='word_1_472' title='bbox 1925 2310 1984 2372; x_wconf 85' lang='lat' dir='ltr'><strong>par</strong></span> <span class='ocrx_word' id='word_1_473' title='bbox 2007 2312 2083 2355; x_wconf 91' lang='lat' dir='ltr'><strong>men</strong></span> <span class='ocrx_word' id='word_1_474' title='bbox 2107 2314 2208 2376; x_wconf 92' lang='lat' dir='ltr'><strong>expo·</strong></span> 
     </span>
     <span class='ocr_line' id='line_1_69' title="bbox 1232 2377 2208 2459; baseline 0.004 -20"><span class='ocrx_word' id='word_1_475' title='bbox 1232 2378 1341 2440; x_wconf 89' lang='lat' dir='ltr'><strong>rience</strong></span> <span class='ocrx_word' id='word_1_476' title='bbox 1369 2395 1488 2457; x_wconf 90' lang='lat' dir='ltr'><strong>propre</strong></span> <span class='ocrx_word' id='word_1_477' title='bbox 1517 2395 1580 2455; x_wconf 92' lang='lat' dir='ltr'><strong>que</strong></span> <span class='ocrx_word' id='word_1_478' title='bbox 1611 2377 1848 2458; x_wconf 87' lang='lat' dir='ltr'><strong>i’apporteroye</strong></span> <span class='ocrx_word' id='word_1_479' title='bbox 1879 2397 1944 2440; x_wconf 89' lang='lat' dir='ltr'><strong>aux</strong></span> <span class='ocrx_word' id='word_1_480' title='bbox 1975 2397 2057 2459; x_wconf 80' lang='lat' dir='ltr'><strong>gens</strong></span> <span class='ocrx_word' id='word_1_481' title='bbox 2087 2378 2142 2459; x_wconf 91' lang='lat' dir='ltr'><strong>qui</strong></span> <span class='ocrx_word' id='word_1_482' title='bbox 2167 2400 2208 2443; x_wconf 91' lang='lat' dir='ltr'><strong>ne</strong></span> 
     </span>
     <span class='ocr_line' id='line_1_70' title="bbox 1233 2457 2209 2544; baseline 0.003 -19"><span class='ocrx_word' id='word_1_483' title='bbox 1233 2471 1307 2525; x_wconf 90' lang='lat' dir='ltr'><strong>sont</strong></span> <span class='ocrx_word' id='word_1_484' title='bbox 1336 2479 1394 2541; x_wconf 92' lang='lat' dir='ltr'><strong>pas</strong></span> <span class='ocrx_word' id='word_1_485' title='bbox 1422 2457 1478 2523; x_wconf 90' lang='lat' dir='ltr'><strong>des</strong></span> <span class='ocrx_word' id='word_1_486' title='bbox 1509 2462 1583 2542; x_wconf 91' lang='lat' dir='ltr'><strong>plus</strong></span> <span class='ocrx_word' id='word_1_487' title='bbox 1614 2461 1774 2524; x_wconf 74' lang='lat' dir='ltr'><strong>exercitet</strong></span> <span class='ocrx_word' id='word_1_488' title='bbox 1805 2480 1869 2524; x_wconf 91' lang='lat' dir='ltr'><strong>une</strong></span> <span class='ocrx_word' id='word_1_489' title='bbox 1901 2460 2006 2524; x_wconf 94' lang='lat' dir='ltr'><strong>bonne</strong></span> <span class='ocrx_word' id='word_1_490' title='bbox 2029 2463 2101 2526; x_wconf 89' lang='lat' dir='ltr'><strong>aide</strong></span> <span class='ocrx_word' id='word_1_491' title='bbox 2125 2484 2209 2544; x_wconf 89' lang='lat' dir='ltr'><strong>pour</strong></span> 
     </span>
     <span class='ocr_line' id='line_1_71' title="bbox 1232 2542 2209 2614; baseline 0.004 -5"><span class='ocrx_word' id='word_1_492' title='bbox 1232 2542 1391 2609; x_wconf 91' lang='lat' dir='ltr'><strong>entendre</strong></span> <span class='ocrx_word' id='word_1_493' title='bbox 1422 2545 1469 2607; x_wconf 92' lang='lat' dir='ltr'><strong>los</strong></span> <span class='ocrx_word' id='word_1_494' title='bbox 1496 2544 1685 2609; x_wconf 90' lang='lat' dir='ltr'><strong>Pseaumes.</strong></span> <span class='ocrx_word' id='word_1_495' title='bbox 1735 2550 1789 2609; x_wconf 88' lang='lat' dir='ltr'><strong>Au</strong></span> <span class='ocrx_word' id='word_1_496' title='bbox 1825 2554 1913 2610; x_wconf 90' lang='lat' dir='ltr'><strong>roste</strong></span> <span class='ocrx_word' id='word_1_497' title='bbox 1943 2546 1966 2609; x_wconf 93' lang='lat' dir='ltr'><strong>il</strong></span> <span class='ocrx_word' id='word_1_498' title='bbox 1996 2560 2045 2611; x_wconf 89' lang='lat' dir='ltr'><strong>ost</strong></span> <span class='ocrx_word' id='word_1_499' title='bbox 2076 2548 2209 2614; x_wconf 83' lang='lat' dir='ltr'><strong>difficile</strong></span> 
     </span>
     <span class='ocr_line' id='line_1_72' title="bbox 1232 2628 2208 2713; baseline 0.006 -19"><span class='ocrx_word' id='word_1_500' title='bbox 1232 2631 1431 2712; x_wconf 90' lang='lat' dir='ltr'><strong>d&#39;exprimer</strong></span> <span class='ocrx_word' id='word_1_501' title='bbox 1449 2649 1508 2711; x_wconf 88' lang='lat' dir='ltr'><strong>par</strong></span> <span class='ocrx_word' id='word_1_502' title='bbox 1531 2628 1671 2710; x_wconf 91' lang='lat' dir='ltr'><strong>parelles</strong></span> <span class='ocrx_word' id='word_1_503' title='bbox 1689 2628 1737 2695; x_wconf 92' lang='lat' dir='ltr'><strong>les</strong></span> <span class='ocrx_word' id='word_1_504' title='bbox 1759 2631 1900 2713; x_wconf 86' lang='lat' dir='ltr'><strong>grandes</strong></span> <span class='ocrx_word' id='word_1_505' title='bbox 1928 2631 2089 2700; x_wconf 90' lang='lat' dir='ltr'><strong>ricbesses</strong></span> <span class='ocrx_word' id='word_1_506' title='bbox 2112 2651 2146 2698; x_wconf 89' lang='lat' dir='ltr'><strong>et</strong></span> <span class='ocrx_word' id='word_1_507' title='bbox 2168 2635 2208 2700; x_wconf 92' lang='lat' dir='ltr'><strong>dc</strong></span> 
     </span>
     <span class='ocr_line' id='line_1_73' title="bbox 1232 2715 2208 2796; baseline 0.006 -17"><span class='ocrx_word' id='word_1_508' title='bbox 1232 2715 1378 2780; x_wconf 90' lang='lat' dir='ltr'><strong>divorsos</strong></span> <span class='ocrx_word' id='word_1_509' title='bbox 1401 2727 1505 2780; x_wconf 89' lang='lat' dir='ltr'><strong>sortes</strong></span> <span class='ocrx_word' id='word_1_510' title='bbox 1535 2716 1591 2796; x_wconf 89' lang='lat' dir='ltr'><strong>qui</strong></span> <span class='ocrx_word' id='word_1_511' title='bbox 1621 2725 1696 2780; x_wconf 87' lang='lat' dir='ltr'><strong>sont</strong></span> <span class='ocrx_word' id='word_1_512' title='bbox 1724 2732 1901 2780; x_wconf 89' lang='lat' dir='ltr'><strong>contenues</strong></span> <span class='ocrx_word' id='word_1_513' title='bbox 1930 2737 1971 2781; x_wconf 91' lang='lat' dir='ltr'><strong>en</strong></span> <span class='ocrx_word' id='word_1_514' title='bbox 2001 2740 2037 2783; x_wconf 93' lang='lat' dir='ltr'><strong>eo</strong></span> <span class='ocrx_word' id='word_1_515' title='bbox 2060 2720 2208 2785; x_wconf 89' lang='lat' dir='ltr'><strong>thresor:</strong></span> 
     </span>
     <span class='ocr_line' id='line_1_74' title="bbox 1232 2801 2209 2886; baseline 0.006 -21"><span class='ocrx_word' id='word_1_516' title='bbox 1232 2809 1305 2866; x_wconf 89' lang='lat' dir='ltr'><strong>tant</strong></span> <span class='ocrx_word' id='word_1_517' title='bbox 1332 2823 1353 2884; x_wconf 82' lang='lat' dir='ltr'><strong>y</strong></span> <span class='ocrx_word' id='word_1_518' title='bbox 1384 2822 1403 2864; x_wconf 92' lang='lat' dir='ltr'><strong>a</strong></span> <span class='ocrx_word' id='word_1_519' title='bbox 1431 2821 1493 2882; x_wconf 92' lang='lat' dir='ltr'><strong>que</strong></span> <span class='ocrx_word' id='word_1_520' title='bbox 1523 2801 1553 2863; x_wconf 89' lang='lat' dir='ltr'><strong>ie</strong></span> <span class='ocrx_word' id='word_1_521' title='bbox 1583 2820 1660 2883; x_wconf 74' lang='lat' dir='ltr'><strong>scay</strong></span> <span class='ocrx_word' id='word_1_522' title='bbox 1690 2801 1762 2865; x_wconf 91' lang='lat' dir='ltr'><strong>bien</strong></span> <span class='ocrx_word' id='word_1_523' title='bbox 1793 2822 1854 2883; x_wconf 92' lang='lat' dir='ltr'><strong>que</strong></span> <span class='ocrx_word' id='word_1_524' title='bbox 1883 2810 1953 2867; x_wconf 90' lang='lat' dir='ltr'><strong>tout</strong></span> <span class='ocrx_word' id='word_1_525' title='bbox 1983 2825 2018 2868; x_wconf 92' lang='lat' dir='ltr'><strong>ce</strong></span> <span class='ocrx_word' id='word_1_526' title='bbox 2048 2826 2112 2886; x_wconf 92' lang='lat' dir='ltr'><strong>que</strong></span> <span class='ocrx_word' id='word_1_527' title='bbox 2143 2808 2209 2871; x_wconf 92' lang='lat' dir='ltr'><strong>i&#39;en</strong></span> 
     </span>
     <span class='ocr_line' id='line_1_75' title="bbox 1231 2885 2210 2970; baseline 0.005 -19"><span class='ocrx_word' id='word_1_528' title='bbox 1231 2906 1373 2970; x_wconf 87' lang='lat' dir='ltr'><strong>pourray</strong></span> <span class='ocrx_word' id='word_1_529' title='bbox 1397 2885 1466 2949; x_wconf 91' lang='lat' dir='ltr'><strong>dire</strong></span> <span class='ocrx_word' id='word_1_530' title='bbox 1489 2887 1727 2968; x_wconf 89' lang='lat' dir='ltr'><strong>n’approehera</strong></span> <span class='ocrx_word' id='word_1_531' title='bbox 1754 2888 1848 2968; x_wconf 90' lang='lat' dir='ltr'><strong>point</strong></span> <span class='ocrx_word' id='word_1_532' title='bbox 1877 2886 1917 2951; x_wconf 92' lang='lat' dir='ltr'><strong>de</strong></span> <span class='ocrx_word' id='word_1_533' title='bbox 1939 2888 2145 2956; x_wconf 89' lang='lat' dir='ltr'><strong>l&#39;excellenee</strong></span> <span class='ocrx_word' id='word_1_534' title='bbox 2168 2892 2210 2956; x_wconf 92' lang='lat' dir='ltr'><strong>do</strong></span> 
     </span>
     <span class='ocr_line' id='line_1_76' title="bbox 1231 2971 2209 3053; baseline 0.006 -17"><span class='ocrx_word' id='word_1_535' title='bbox 1231 2973 1264 3038; x_wconf 91' lang='lat' dir='ltr'><strong>la</strong></span> <span class='ocrx_word' id='word_1_536' title='bbox 1275 2973 1382 3038; x_wconf 92' lang='lat' dir='ltr'><strong>chose.</strong></span> <span class='ocrx_word' id='word_1_537' title='bbox 1407 2971 1492 3036; x_wconf 84' lang='lat' dir='ltr'><strong>Mais</strong></span> <span class='ocrx_word' id='word_1_538' title='bbox 1504 2991 1623 3052; x_wconf 91' lang='lat' dir='ltr'><strong>poureo</strong></span> <span class='ocrx_word' id='word_1_539' title='bbox 1635 2974 1806 3053; x_wconf 90' lang='lat' dir='ltr'><strong>qu’encore</strong></span> <span class='ocrx_word' id='word_1_540' title='bbox 1819 2983 1897 3038; x_wconf 89' lang='lat' dir='ltr'><strong>vaut</strong></span> <span class='ocrx_word' id='word_1_541' title='bbox 1915 2973 1938 3037; x_wconf 90' lang='lat' dir='ltr'><strong>il</strong></span> <span class='ocrx_word' id='word_1_542' title='bbox 1956 2975 2068 3039; x_wconf 92' lang='lat' dir='ltr'><strong>mienx</strong></span> <span class='ocrx_word' id='word_1_543' title='bbox 2081 2976 2209 3043; x_wconf 90' lang='lat' dir='ltr'><strong>donner</strong></span> 
     </span>
     <span class='ocr_line' id='line_1_77' title="bbox 1232 3057 2209 3143; baseline 0.004 -21"><span class='ocrx_word' id='word_1_544' title='bbox 1232 3080 1297 3122; x_wconf 89' lang='lat' dir='ltr'><strong>aux</strong></span> <span class='ocrx_word' id='word_1_545' title='bbox 1320 3058 1459 3122; x_wconf 86' lang='lat' dir='ltr'><strong>lcoteurs</strong></span> <span class='ocrx_word' id='word_1_546' title='bbox 1482 3057 1621 3138; x_wconf 90' lang='lat' dir='ltr'><strong>quelque</strong></span> <span class='ocrx_word' id='word_1_547' title='bbox 1644 3067 1748 3135; x_wconf 80' lang='lat' dir='ltr'><strong>goust,</strong></span> <span class='ocrx_word' id='word_1_548' title='bbox 1781 3071 1879 3121; x_wconf 88' lang='lat' dir='ltr'><strong>avant</strong></span> <span class='ocrx_word' id='word_1_549' title='bbox 1902 3059 1975 3141; x_wconf 95' lang='lat' dir='ltr'><strong>plus</strong></span> <span class='ocrx_word' id='word_1_550' title='bbox 1999 3063 2089 3143; x_wconf 89' lang='lat' dir='ltr'><strong>petit,</strong></span> <span class='ocrx_word' id='word_1_551' title='bbox 2114 3062 2154 3126; x_wconf 92' lang='lat' dir='ltr'><strong>de</strong></span> <span class='ocrx_word' id='word_1_552' title='bbox 2178 3063 2209 3126; x_wconf 88' lang='lat' dir='ltr'><strong>la</strong></span> 
     </span>
    </p>
   </div>
   <div class='ocr_carea' id='block_1_15' title="bbox 1231 3228 2210 5100">
    <p class='ocr_par' dir='ltr' id='par_1_16' title="bbox 1231 3228 2208 3483">
     <span class='ocr_line' id='line_1_78' title="bbox 1231 3228 2208 3316; baseline 0.006 -24"><span class='ocrx_word' id='word_1_553' title='bbox 1231 3234 1307 3293; x_wconf 91' lang='lat' dir='ltr'><strong>n&#39;cn</strong></span> <span class='ocrx_word' id='word_1_554' title='bbox 1331 3229 1401 3292; x_wconf 91' lang='lat' dir='ltr'><strong>dire</strong></span> <span class='ocrx_word' id='word_1_555' title='bbox 1423 3240 1498 3302; x_wconf 92' lang='lat' dir='ltr'><strong>mot,</strong></span> <span class='ocrx_word' id='word_1_556' title='bbox 1529 3228 1559 3291; x_wconf 93' lang='lat' dir='ltr'><strong>ie</strong></span> <span class='ocrx_word' id='word_1_557' title='bbox 1580 3248 1721 3312; x_wconf 73' lang='lat' dir='ltr'><strong>pourray</strong></span> <span class='ocrx_word' id='word_1_558' title='bbox 1751 3229 1885 3292; x_wconf 83' lang='lat' dir='ltr'><strong>toacher</strong></span> <span class='ocrx_word' id='word_1_559' title='bbox 1908 3252 1947 3293; x_wconf 91' lang='lat' dir='ltr'><strong>eu</strong></span> <span class='ocrx_word' id='word_1_560' title='bbox 1980 3231 2065 3295; x_wconf 90' lang='lat' dir='ltr'><strong>briel&#39;</strong></span> <span class='ocrx_word' id='word_1_561' title='bbox 2084 3255 2119 3298; x_wconf 95' lang='lat' dir='ltr'><strong>ee</strong></span> <span class='ocrx_word' id='word_1_562' title='bbox 2142 3255 2208 3316; x_wconf 87' lang='lat' dir='ltr'><strong>que</strong></span> 
     </span>
     <span class='ocr_line' id='line_1_79' title="bbox 1231 3312 2207 3397; baseline 0.006 -20"><span class='ocrx_word' id='word_1_563' title='bbox 1231 3314 1263 3377; x_wconf 92' lang='lat' dir='ltr'><strong>la</strong></span> <span class='ocrx_word' id='word_1_564' title='bbox 1284 3312 1451 3397; x_wconf 84' lang='lat' dir='ltr'><strong>grandeur</strong></span> <span class='ocrx_word' id='word_1_565' title='bbox 1474 3312 1513 3377; x_wconf 92' lang='lat' dir='ltr'><strong>de</strong></span> <span class='ocrx_word' id='word_1_566' title='bbox 1536 3313 1677 3378; x_wconf 91' lang='lat' dir='ltr'><strong>lachoso</strong></span> <span class='ocrx_word' id='word_1_567' title='bbox 1699 3335 1742 3377; x_wconf 93' lang='lat' dir='ltr'><strong>ne</strong></span> <span class='ocrx_word' id='word_1_568' title='bbox 1764 3327 1890 3396; x_wconf 90' lang='lat' dir='ltr'><strong>permet</strong></span> <span class='ocrx_word' id='word_1_569' title='bbox 1909 3318 2051 3396; x_wconf 91' lang='lat' dir='ltr'><strong>pointde</strong></span> <span class='ocrx_word' id='word_1_570' title='bbox 2070 3317 2207 3383; x_wconf 88' lang='lat' dir='ltr'><strong>dednire</strong></span> 
     </span>
     <span class='ocr_line' id='line_1_80' title="bbox 1232 3401 1467 3483; baseline -0.009 -20"><span class='ocrx_word' id='word_1_571' title='bbox 1232 3401 1467 3483; x_wconf 83' lang='lat' dir='ltr'><strong>pariaitoment.</strong></span> 
     </span>
    </p>

    <p class='ocr_par' dir='ltr' id='par_1_17' title="bbox 1231 3485 2210 5100">
     <span class='ocr_line' id='line_1_81' title="bbox 1317 3485 2206 3568; baseline 0.007 -19"><span class='ocrx_word' id='word_1_572' title='bbox 1317 3485 1386 3568; x_wconf 79' lang='lat' dir='ltr'><strong>I&#39;ay</strong></span> <span class='ocrx_word' id='word_1_573' title='bbox 1411 3495 1617 3550; x_wconf 83' lang='lat' dir='ltr'><strong>accoustume</strong></span> <span class='ocrx_word' id='word_1_574' title='bbox 1640 3485 1679 3548; x_wconf 93' lang='lat' dir='ltr'><strong>do</strong></span> <span class='ocrx_word' id='word_1_575' title='bbox 1703 3507 1850 3549; x_wconf 82' lang='lat' dir='ltr'><strong>nominer</strong></span> <span class='ocrx_word' id='word_1_576' title='bbox 1872 3508 1909 3550; x_wconf 92' lang='lat' dir='ltr'><strong>ce</strong></span> <span class='ocrx_word' id='word_1_577' title='bbox 1932 3486 2015 3551; x_wconf 88' lang='lat' dir='ltr'><strong>livre</strong></span> <span class='ocrx_word' id='word_1_578' title='bbox 2038 3510 2103 3552; x_wconf 89' lang='lat' dir='ltr'><strong>unc</strong></span> <span class='ocrx_word' id='word_1_579' title='bbox 2126 3510 2206 3555; x_wconf 91' lang='lat' dir='ltr'><strong>ana-</strong></span> 
     </span>
     <span class='ocr_line' id='line_1_82' title="bbox 1233 3569 2207 3657; baseline 0.005 -22"><span class='ocrx_word' id='word_1_580' title='bbox 1233 3572 1330 3635; x_wconf 92' lang='lat' dir='ltr'><strong>tomie</strong></span> <span class='ocrx_word' id='word_1_581' title='bbox 1354 3570 1393 3634; x_wconf 93' lang='lat' dir='ltr'><strong>de</strong></span> <span class='ocrx_word' id='word_1_582' title='bbox 1417 3582 1523 3634; x_wconf 90' lang='lat' dir='ltr'><strong>tontes</strong></span> <span class='ocrx_word' id='word_1_583' title='bbox 1554 3572 1600 3634; x_wconf 91' lang='lat' dir='ltr'><strong>les</strong></span> <span class='ocrx_word' id='word_1_584' title='bbox 1627 3570 1748 3652; x_wconf 89' lang='lat' dir='ltr'><strong>parties</strong></span> <span class='ocrx_word' id='word_1_585' title='bbox 1776 3569 1815 3635; x_wconf 89' lang='lat' dir='ltr'><strong>de</strong></span> <span class='ocrx_word' id='word_1_586' title='bbox 1845 3571 1951 3649; x_wconf 91' lang='lat' dir='ltr'><strong>l&#39;ame,</strong></span> <span class='ocrx_word' id='word_1_587' title='bbox 1981 3593 2102 3654; x_wconf 91' lang='lat' dir='ltr'><strong>pource</strong></span> <span class='ocrx_word' id='word_1_588' title='bbox 2124 3576 2207 3657; x_wconf 86' lang='lat' dir='ltr'><strong>qu&#39;il</strong></span> 
     </span>
     <span class='ocr_line' id='line_1_83' title="bbox 1231 3655 2206 3744; baseline 0.006 -24"><span class='ocrx_word' id='word_1_589' title='bbox 1231 3660 1283 3738; x_wconf 82' lang='lat' dir='ltr'><strong>n’y</strong></span> <span class='ocrx_word' id='word_1_590' title='bbox 1306 3677 1326 3720; x_wconf 91' lang='lat' dir='ltr'><strong>a</strong></span> <span class='ocrx_word' id='word_1_591' title='bbox 1348 3655 1498 3720; x_wconf 86' lang='lat' dir='ltr'><strong>affection</strong></span> <span class='ocrx_word' id='word_1_592' title='bbox 1522 3676 1563 3717; x_wconf 91' lang='lat' dir='ltr'><strong>en</strong></span> <span class='ocrx_word' id='word_1_593' title='bbox 1588 3655 1741 3718; x_wconf 88' lang='lat' dir='ltr'><strong>l’homme</strong></span> <span class='ocrx_word' id='word_1_594' title='bbox 1771 3655 1909 3738; x_wconf 90' lang='lat' dir='ltr'><strong>laquelle</strong></span> <span class='ocrx_word' id='word_1_595' title='bbox 1932 3679 1974 3720; x_wconf 96' lang='lat' dir='ltr'><strong>ne</strong></span> <span class='ocrx_word' id='word_1_596' title='bbox 1998 3659 2060 3723; x_wconf 88' lang='lat' dir='ltr'><strong>soit</strong></span> <span class='ocrx_word' id='word_1_597' title='bbox 2077 3661 2130 3744; x_wconf 83' lang='lat' dir='ltr'><strong>yei</strong></span> <span class='ocrx_word' id='word_1_598' title='bbox 2154 3682 2206 3726; x_wconf 92' lang='lat' dir='ltr'><strong>re·</strong></span> 
     </span>
     <span class='ocr_line' id='line_1_84' title="bbox 1231 3741 2207 3826; baseline 0.007 -22"><span class='ocrx_word' id='word_1_599' title='bbox 1231 3751 1401 3825; x_wconf 84' lang='lat' dir='ltr'><strong>presentes</strong></span> <span class='ocrx_word' id='word_1_600' title='bbox 1419 3761 1543 3805; x_wconf 91' lang='lat' dir='ltr'><strong>comme</strong></span> <span class='ocrx_word' id='word_1_601' title='bbox 1561 3762 1602 3803; x_wconf 93' lang='lat' dir='ltr'><strong>en</strong></span> <span class='ocrx_word' id='word_1_602' title='bbox 1621 3762 1665 3803; x_wconf 93' lang='lat' dir='ltr'><strong>un</strong></span> <span class='ocrx_word' id='word_1_603' title='bbox 1684 3741 1805 3805; x_wconf 90' lang='lat' dir='ltr'><strong>miroir.</strong></span> <span class='ocrx_word' id='word_1_604' title='bbox 1830 3742 1966 3822; x_wconf 91' lang='lat' dir='ltr'><strong>Mesme,</strong></span> <span class='ocrx_word' id='word_1_605' title='bbox 1988 3765 2071 3826; x_wconf 89' lang='lat' dir='ltr'><strong>pour</strong></span> <span class='ocrx_word' id='word_1_606' title='bbox 2093 3746 2207 3811; x_wconf 88' lang='lat' dir='ltr'><strong>mieux</strong></span> 
     </span>
     <span class='ocr_line' id='line_1_85' title="bbox 1231 3824 2207 3909; baseline 0.007 -20"><span class='ocrx_word' id='word_1_607' title='bbox 1231 3826 1312 3903; x_wconf 91' lang='lat' dir='ltr'><strong>dire,</strong></span> <span class='ocrx_word' id='word_1_608' title='bbox 1346 3827 1376 3889; x_wconf 92' lang='lat' dir='ltr'><strong>le</strong></span> <span class='ocrx_word' id='word_1_609' title='bbox 1399 3824 1434 3890; x_wconf 81' lang='lat' dir='ltr'><strong>S.</strong></span> <span class='ocrx_word' id='word_1_610' title='bbox 1459 3825 1573 3907; x_wconf 86' lang='lat' dir='ltr'><strong>Esprit</strong></span> <span class='ocrx_word' id='word_1_611' title='bbox 1595 3847 1614 3889; x_wconf 88' lang='lat' dir='ltr'><strong>a</strong></span> <span class='ocrx_word' id='word_1_612' title='bbox 1635 3827 1688 3909; x_wconf 85' lang='lat' dir='ltr'><strong>yci</strong></span> <span class='ocrx_word' id='word_1_613' title='bbox 1713 3828 1876 3908; x_wconf 89' lang='lat' dir='ltr'><strong>pourtrait</strong></span> <span class='ocrx_word' id='word_1_614' title='bbox 1893 3848 1934 3891; x_wconf 91' lang='lat' dir='ltr'><strong>au</strong></span> <span class='ocrx_word' id='word_1_615' title='bbox 1953 3830 2004 3891; x_wconf 82' lang='lat' dir='ltr'><strong>vlf</strong></span> <span class='ocrx_word' id='word_1_616' title='bbox 2026 3839 2134 3895; x_wconf 87' lang='lat' dir='ltr'><strong>tontes</strong></span> <span class='ocrx_word' id='word_1_617' title='bbox 2156 3832 2207 3896; x_wconf 91' lang='lat' dir='ltr'><strong>los</strong></span> 
     </span>
     <span class='ocr_line' id='line_1_86' title="bbox 1231 3911 2206 3995; baseline 0.008 -21"><span class='ocrx_word' id='word_1_618' title='bbox 1231 3911 1396 3988; x_wconf 89' lang='lat' dir='ltr'><strong>douleurs,</strong></span> <span class='ocrx_word' id='word_1_619' title='bbox 1421 3911 1592 3989; x_wconf 89' lang='lat' dir='ltr'><strong>tristesscs‚</strong></span> <span class='ocrx_word' id='word_1_620' title='bbox 1611 3912 1763 3986; x_wconf 85' lang='lat' dir='ltr'><strong>eraintcs,</strong></span> <span class='ocrx_word' id='word_1_621' title='bbox 1784 3911 1908 3991; x_wconf 89' lang='lat' dir='ltr'><strong>doutos,</strong></span> <span class='ocrx_word' id='word_1_622' title='bbox 1927 3934 2129 3995; x_wconf 90' lang='lat' dir='ltr'><strong>esperanees,</strong></span> <span class='ocrx_word' id='word_1_623' title='bbox 2152 3920 2206 3982; x_wconf 86' lang='lat' dir='ltr'><strong>so-</strong></span> 
     </span>
     <span class='ocr_line' id='line_1_87' title="bbox 1231 3995 2208 4078; baseline 0.007 -17"><span class='ocrx_word' id='word_1_624' title='bbox 1231 3996 1392 4075; x_wconf 91' lang='lat' dir='ltr'><strong>licitndos,</strong></span> <span class='ocrx_word' id='word_1_625' title='bbox 1422 3995 1630 4077; x_wconf 77' lang='lat' dir='ltr'><strong>perplexitas,</strong></span> <span class='ocrx_word' id='word_1_626' title='bbox 1662 3997 1753 4059; x_wconf 89' lang='lat' dir='ltr'><strong>voire</strong></span> <span class='ocrx_word' id='word_1_627' title='bbox 1780 3997 1911 4078; x_wconf 87' lang='lat' dir='ltr'><strong>iusqucs</strong></span> <span class='ocrx_word' id='word_1_628' title='bbox 1939 4020 2004 4063; x_wconf 88' lang='lat' dir='ltr'><strong>aux</strong></span> <span class='ocrx_word' id='word_1_629' title='bbox 2027 4003 2208 4069; x_wconf 88' lang='lat' dir='ltr'><strong>esmotions</strong></span> 
     </span>
     <span class='ocr_line' id='line_1_88' title="bbox 1232 4080 2207 4163; baseline 0.006 -16"><span class='ocrx_word' id='word_1_630' title='bbox 1232 4082 1382 4148; x_wconf 87' lang='lat' dir='ltr'><strong>confusos</strong></span> <span class='ocrx_word' id='word_1_631' title='bbox 1405 4080 1587 4163; x_wconf 88' lang='lat' dir='ltr'><strong>desquelles</strong></span> <span class='ocrx_word' id='word_1_632' title='bbox 1610 4081 1656 4146; x_wconf 90' lang='lat' dir='ltr'><strong>los</strong></span> <span class='ocrx_word' id='word_1_633' title='bbox 1678 4082 1796 4162; x_wconf 88' lang='lat' dir='ltr'><strong>esprits</strong></span> <span class='ocrx_word' id='word_1_634' title='bbox 1820 4083 1877 4147; x_wconf 91' lang='lat' dir='ltr'><strong>des</strong></span> <span class='ocrx_word' id='word_1_635' title='bbox 1898 4083 2047 4150; x_wconf 92' lang='lat' dir='ltr'><strong>hommes</strong></span> <span class='ocrx_word' id='word_1_636' title='bbox 2069 4098 2128 4151; x_wconf 92' lang='lat' dir='ltr'><strong>ont</strong></span> <span class='ocrx_word' id='word_1_637' title='bbox 2151 4109 2207 4154; x_wconf 89' lang='lat' dir='ltr'><strong>ac·</strong></span> 
     </span>
     <span class='ocr_line' id='line_1_89' title="bbox 1232 4166 2207 4249; baseline 0.008 -18"><span class='ocrx_word' id='word_1_638' title='bbox 1232 4175 1403 4233; x_wconf 82' lang='lat' dir='ltr'><strong>consterno</strong></span> <span class='ocrx_word' id='word_1_639' title='bbox 1430 4166 1548 4230; x_wconf 86' lang='lat' dir='ltr'><strong>d’cstro</strong></span> <span class='ocrx_word' id='word_1_640' title='bbox 1577 4167 1691 4249; x_wconf 79' lang='lat' dir='ltr'><strong>agitet.</strong></span> <span class='ocrx_word' id='word_1_641' title='bbox 1737 4168 1788 4231; x_wconf 90' lang='lat' dir='ltr'><strong>Lo</strong></span> <span class='ocrx_word' id='word_1_642' title='bbox 1816 4178 1902 4234; x_wconf 89' lang='lat' dir='ltr'><strong>reste</strong></span> <span class='ocrx_word' id='word_1_643' title='bbox 1938 4169 1976 4233; x_wconf 90' lang='lat' dir='ltr'><strong>de</strong></span> <span class='ocrx_word' id='word_1_644' title='bbox 2012 4172 2207 4239; x_wconf 80' lang='lat' dir='ltr'><strong>l’Escrituro</strong></span> 
     </span>
     <span class='ocr_line' id='line_1_90' title="bbox 1233 4251 2208 4335; baseline 0.005 -18"><span class='ocrx_word' id='word_1_645' title='bbox 1233 4254 1380 4318; x_wconf 90' lang='lat' dir='ltr'><strong>contient</strong></span> <span class='ocrx_word' id='word_1_646' title='bbox 1409 4251 1456 4316; x_wconf 90' lang='lat' dir='ltr'><strong>les</strong></span> <span class='ocrx_word' id='word_1_647' title='bbox 1486 4253 1736 4335; x_wconf 83' lang='lat' dir='ltr'><strong>enseignemens</strong></span> <span class='ocrx_word' id='word_1_648' title='bbox 1766 4274 1830 4334; x_wconf 90' lang='lat' dir='ltr'><strong>que</strong></span> <span class='ocrx_word' id='word_1_649' title='bbox 1860 4253 1946 4318; x_wconf 91' lang='lat' dir='ltr'><strong>Dieu</strong></span> <span class='ocrx_word' id='word_1_650' title='bbox 1976 4257 2162 4322; x_wconf 90' lang='lat' dir='ltr'><strong>aenioiuts</strong></span> <span class='ocrx_word' id='word_1_651' title='bbox 2187 4280 2208 4322; x_wconf 94' lang='lat' dir='ltr'><strong>a</strong></span> 
     </span>
     <span class='ocr_line' id='line_1_91' title="bbox 1234 4336 2206 4424; baseline 0.005 -20"><span class='ocrx_word' id='word_1_652' title='bbox 1234 4360 1285 4404; x_wconf 90' lang='lat' dir='ltr'><strong>ses</strong></span> <span class='ocrx_word' id='word_1_653' title='bbox 1306 4337 1481 4402; x_wconf 89' lang='lat' dir='ltr'><strong>serviteurs</strong></span> <span class='ocrx_word' id='word_1_654' title='bbox 1505 4336 1544 4400; x_wconf 92' lang='lat' dir='ltr'><strong>de</strong></span> <span class='ocrx_word' id='word_1_655' title='bbox 1568 4358 1651 4402; x_wconf 86' lang='lat' dir='ltr'><strong>nous</strong></span> <span class='ocrx_word' id='word_1_656' title='bbox 1675 4358 1853 4402; x_wconf 88' lang='lat' dir='ltr'><strong>annoncer:</strong></span> <span class='ocrx_word' id='word_1_657' title='bbox 1877 4341 1959 4403; x_wconf 88' lang='lat' dir='ltr'><strong>mais</strong></span> <span class='ocrx_word' id='word_1_658' title='bbox 1982 4342 2034 4424; x_wconf 82' lang='lat' dir='ltr'><strong>yci</strong></span> <span class='ocrx_word' id='word_1_659' title='bbox 2058 4342 2104 4406; x_wconf 92' lang='lat' dir='ltr'><strong>les</strong></span> <span class='ocrx_word' id='word_1_660' title='bbox 2123 4344 2206 4409; x_wconf 88' lang='lat' dir='ltr'><strong>Pro·</strong></span> 
     </span>
     <span class='ocr_line' id='line_1_92' title="bbox 1234 4422 2209 4506; baseline 0.008 -20"><span class='ocrx_word' id='word_1_661' title='bbox 1234 4424 1356 4506; x_wconf 90' lang='lat' dir='ltr'><strong>phetes,</strong></span> <span class='ocrx_word' id='word_1_662' title='bbox 1379 4422 1528 4486; x_wconf 89' lang='lat' dir='ltr'><strong>d&#39;autant</strong></span> <span class='ocrx_word' id='word_1_663' title='bbox 1550 4443 1613 4504; x_wconf 90' lang='lat' dir='ltr'><strong>que</strong></span> <span class='ocrx_word' id='word_1_664' title='bbox 1635 4423 1767 4504; x_wconf 90' lang='lat' dir='ltr'><strong>parlans</strong></span> <span class='ocrx_word' id='word_1_665' title='bbox 1785 4445 1805 4488; x_wconf 88' lang='lat' dir='ltr'><strong>a</strong></span> <span class='ocrx_word' id='word_1_666' title='bbox 1823 4423 1909 4488; x_wconf 88' lang='lat' dir='ltr'><strong>Dion</strong></span> <span class='ocrx_word' id='word_1_667' title='bbox 1928 4426 1969 4488; x_wconf 89' lang='lat' dir='ltr'><strong>ils</strong></span> <span class='ocrx_word' id='word_1_668' title='bbox 1988 4425 2209 4494; x_wconf 87' lang='lat' dir='ltr'><strong>doscouvront</strong></span> 
     </span>
     <span class='ocr_line' id='line_1_93' title="bbox 1233 4507 2210 4596; baseline 0.007 -23"><span class='ocrx_word' id='word_1_669' title='bbox 1233 4523 1339 4574; x_wconf 85' lang='lat' dir='ltr'><strong>tontes</strong></span> <span class='ocrx_word' id='word_1_670' title='bbox 1357 4509 1404 4573; x_wconf 91' lang='lat' dir='ltr'><strong>les</strong></span> <span class='ocrx_word' id='word_1_671' title='bbox 1417 4507 1586 4573; x_wconf 87' lang='lat' dir='ltr'><strong>affectione</strong></span> <span class='ocrx_word' id='word_1_672' title='bbox 1605 4508 1807 4587; x_wconf 89' lang='lat' dir='ltr'><strong>interieures,</strong></span> <span class='ocrx_word' id='word_1_673' title='bbox 1831 4511 2046 4591; x_wconf 90' lang='lat' dir='ltr'><strong>appellentou</strong></span> <span class='ocrx_word' id='word_1_674' title='bbox 2066 4513 2210 4596; x_wconf 90' lang='lat' dir='ltr'><strong>plustost</strong></span> 
     </span>
     <span class='ocr_line' id='line_1_94' title="bbox 1233 4592 2208 4683; baseline 0.006 -25"><span class='ocrx_word' id='word_1_675' title='bbox 1233 4595 1335 4658; x_wconf 86' lang='lat' dir='ltr'><strong>tirent</strong></span> <span class='ocrx_word' id='word_1_676' title='bbox 1358 4615 1401 4657; x_wconf 94' lang='lat' dir='ltr'><strong>un</strong></span> <span class='ocrx_word' id='word_1_677' title='bbox 1432 4592 1555 4658; x_wconf 88' lang='lat' dir='ltr'><strong>chacun</strong></span> <span class='ocrx_word' id='word_1_678' title='bbox 1587 4592 1627 4655; x_wconf 89' lang='lat' dir='ltr'><strong>dc</strong></span> <span class='ocrx_word' id='word_1_679' title='bbox 1657 4615 1739 4658; x_wconf 87' lang='lat' dir='ltr'><strong>nous</strong></span> <span class='ocrx_word' id='word_1_680' title='bbox 1763 4615 1781 4657; x_wconf 89' lang='lat' dir='ltr'><strong>a</strong></span> <span class='ocrx_word' id='word_1_681' title='bbox 1804 4595 1973 4660; x_wconf 91' lang='lat' dir='ltr'><strong>examiner</strong></span> <span class='ocrx_word' id='word_1_682' title='bbox 2000 4618 2208 4683; x_wconf 77' lang='lat' dir='ltr'><strong>aoy-mesine,</strong></span> 
     </span>
     <span class='ocr_line' id='line_1_95' title="bbox 1233 4677 2208 4763; baseline 0.007 -19"><span class='ocrx_word' id='word_1_683' title='bbox 1233 4683 1298 4744; x_wconf 89' lang='lat' dir='ltr'><strong>alin</strong></span> <span class='ocrx_word' id='word_1_684' title='bbox 1322 4700 1384 4760; x_wconf 92' lang='lat' dir='ltr'><strong>quo</strong></span> <span class='ocrx_word' id='word_1_685' title='bbox 1413 4680 1482 4742; x_wconf 90' lang='lat' dir='ltr'><strong>rien</strong></span> <span class='ocrx_word' id='word_1_686' title='bbox 1514 4677 1553 4741; x_wconf 92' lang='lat' dir='ltr'><strong>do</strong></span> <span class='ocrx_word' id='word_1_687' title='bbox 1583 4689 1654 4741; x_wconf 92' lang='lat' dir='ltr'><strong>tant</strong></span> <span class='ocrx_word' id='word_1_688' title='bbox 1684 4678 1891 4744; x_wconf 85' lang='lat' dir='ltr'><strong>d’infirmitea</strong></span> <span class='ocrx_word' id='word_1_689' title='bbox 1919 4681 2102 4763; x_wconf 88' lang='lat' dir='ltr'><strong>ausquelles</strong></span> <span class='ocrx_word' id='word_1_690' title='bbox 2124 4707 2208 4751; x_wconf 92' lang='lat' dir='ltr'><strong>nous</strong></span> 
     </span>
     <span class='ocr_line' id='line_1_96' title="bbox 1233 4763 2208 4848; baseline 0.007 -18"><span class='ocrx_word' id='word_1_691' title='bbox 1233 4785 1372 4830; x_wconf 88' lang='lat' dir='ltr'><strong>sommes</strong></span> <span class='ocrx_word' id='word_1_692' title='bbox 1403 4764 1515 4839; x_wconf 90' lang='lat' dir='ltr'><strong>suiets,</strong></span> <span class='ocrx_word' id='word_1_693' title='bbox 1546 4763 1642 4827; x_wconf 91' lang='lat' dir='ltr'><strong>etde</strong></span> <span class='ocrx_word' id='word_1_694' title='bbox 1665 4776 1737 4828; x_wconf 89' lang='lat' dir='ltr'><strong>tant</strong></span> <span class='ocrx_word' id='word_1_695' title='bbox 1766 4763 1806 4827; x_wconf 90' lang='lat' dir='ltr'><strong>de</strong></span> <span class='ocrx_word' id='word_1_696' title='bbox 1836 4767 1923 4830; x_wconf 91' lang='lat' dir='ltr'><strong>vices</strong></span> <span class='ocrx_word' id='word_1_697' title='bbox 1947 4767 2099 4848; x_wconf 89' lang='lat' dir='ltr'><strong>desquels</strong></span> <span class='ocrx_word' id='word_1_698' title='bbox 2122 4792 2208 4837; x_wconf 86' lang='lat' dir='ltr'><strong>nous</strong></span> 
     </span>
     <span class='ocr_line' id='line_1_97' title="bbox 1232 4847 2207 4929; baseline 0.008 -16"><span class='ocrx_word' id='word_1_699' title='bbox 1232 4870 1373 4914; x_wconf 91' lang='lat' dir='ltr'><strong>sommes</strong></span> <span class='ocrx_word' id='word_1_700' title='bbox 1396 4847 1509 4929; x_wconf 89' lang='lat' dir='ltr'><strong>pleins,</strong></span> <span class='ocrx_word' id='word_1_701' title='bbox 1535 4870 1575 4911; x_wconf 93' lang='lat' dir='ltr'><strong>ne</strong></span> <span class='ocrx_word' id='word_1_702' title='bbox 1598 4850 1750 4913; x_wconf 88' lang='lat' dir='ltr'><strong>domeure</strong></span> <span class='ocrx_word' id='word_1_703' title='bbox 1773 4851 1882 4914; x_wconf 80' lang='lat' dir='ltr'><strong>cache.</strong></span> <span class='ocrx_word' id='word_1_704' title='bbox 1921 4852 2010 4916; x_wconf 84' lang='lat' dir='ltr'><strong>O&#39;est</strong></span> <span class='ocrx_word' id='word_1_705' title='bbox 2032 4865 2137 4920; x_wconf 91' lang='lat' dir='ltr'><strong>certes</strong></span> <span class='ocrx_word' id='word_1_706' title='bbox 2162 4879 2207 4921; x_wconf 92' lang='lat' dir='ltr'><strong>nn</strong></span> 
     </span>
     <span class='ocr_line' id='line_1_98' title="bbox 1232 4933 2208 5016; baseline 0.007 -16"><span class='ocrx_word' id='word_1_707' title='bbox 1232 4933 1395 5000; x_wconf 90' lang='lat' dir='ltr'><strong>excellent</strong></span> <span class='ocrx_word' id='word_1_708' title='bbox 1418 4946 1451 4997; x_wconf 96' lang='lat' dir='ltr'><strong>et</strong></span> <span class='ocrx_word' id='word_1_709' title='bbox 1473 4933 1631 5016; x_wconf 87' lang='lat' dir='ltr'><strong>singulior</strong></span> <span class='ocrx_word' id='word_1_710' title='bbox 1649 4936 1777 5016; x_wconf 89' lang='lat' dir='ltr'><strong>proufit,</strong></span> <span class='ocrx_word' id='word_1_711' title='bbox 1800 4937 1908 5016; x_wconf 89' lang='lat' dir='ltr'><strong>quand</strong></span> <span class='ocrx_word' id='word_1_712' title='bbox 1933 4949 2038 5001; x_wconf 86' lang='lat' dir='ltr'><strong>tontes</strong></span> <span class='ocrx_word' id='word_1_713' title='bbox 2055 4941 2208 5007; x_wconf 88' lang='lat' dir='ltr'><strong>cachotes</strong></span> 
     </span>
     <span class='ocr_line' id='line_1_99' title="bbox 1234 5017 2206 5100; baseline 0.008 -16"><span class='ocrx_word' id='word_1_714' title='bbox 1234 5021 1467 5093; x_wconf 86' lang='lat' dir='ltr'><strong>descouvertes,</strong></span> <span class='ocrx_word' id='word_1_715' title='bbox 1500 5017 1530 5082; x_wconf 89' lang='lat' dir='ltr'><strong>le</strong></span> <span class='ocrx_word' id='word_1_716' title='bbox 1558 5039 1657 5084; x_wconf 90' lang='lat' dir='ltr'><strong>eoenr</strong></span> <span class='ocrx_word' id='word_1_717' title='bbox 1679 5028 1729 5082; x_wconf 90' lang='lat' dir='ltr'><strong>ost</strong></span> <span class='ocrx_word' id='word_1_718' title='bbox 1752 5022 1884 5100; x_wconf 90' lang='lat' dir='ltr'><strong>produit</strong></span> <span class='ocrx_word' id='word_1_719' title='bbox 1905 5043 1945 5085; x_wconf 91' lang='lat' dir='ltr'><strong>en</strong></span> <span class='ocrx_word' id='word_1_720' title='bbox 1975 5022 2112 5088; x_wconf 93' lang='lat' dir='ltr'><strong>lumiore</strong></span> <span class='ocrx_word' id='word_1_721' title='bbox 2132 5028 2206 5092; x_wconf 93' lang='lat' dir='ltr'><strong>bien</strong></span> 
     </span>
    </p>
   </div>
   <div class='ocr_carea' id='block_1_16' title="bbox 1233 5102 2208 5278">
    <p class='ocr_par' dir='ltr' id='par_1_18' title="bbox 1233 5102 2208 5278">
     <span class='ocr_line' id='line_1_100' title="bbox 1233 5102 2207 5192; baseline 0.011 -25"><span class='ocrx_word' id='word_1_722' title='bbox 1233 5111 1337 5188; x_wconf 81' lang='lat' dir='ltr'><strong>purge</strong></span> <span class='ocrx_word' id='word_1_723' title='bbox 1374 5102 1415 5166; x_wconf 93' lang='lat' dir='ltr'><strong>de</strong></span> <span class='ocrx_word' id='word_1_724' title='bbox 1444 5112 1531 5168; x_wconf 89' lang='lat' dir='ltr'><strong>costo</strong></span> <span class='ocrx_word' id='word_1_725' title='bbox 1567 5104 1757 5169; x_wconf 81' lang='lat' dir='ltr'><strong>moechante</strong></span> <span class='ocrx_word' id='word_1_726' title='bbox 1790 5105 1944 5172; x_wconf 85' lang='lat' dir='ltr'><strong>iniection</strong></span> <span class='ocrx_word' id='word_1_727' title='bbox 1979 5108 2207 5192; x_wconf 88' lang='lat' dir='ltr'><strong>d&#39;hypoorisie.</strong></span> 
     </span>
     <span class='ocr_line' id='line_1_101' title="bbox 1234 5187 2208 5278; baseline 0.009 -23"><span class='ocrx_word' id='word_1_728' title='bbox 1234 5190 1335 5269; x_wconf 84' lang='lat' dir='ltr'><strong>Briei,</strong></span> <span class='ocrx_word' id='word_1_729' title='bbox 1359 5189 1386 5253; x_wconf 90' lang='lat' dir='ltr'><strong>si</strong></span> <span class='ocrx_word' id='word_1_730' title='bbox 1409 5187 1622 5254; x_wconf 85' lang='lat' dir='ltr'><strong>l’invoeation</strong></span> <span class='ocrx_word' id='word_1_731' title='bbox 1646 5187 1686 5252; x_wconf 90' lang='lat' dir='ltr'><strong>de</strong></span> <span class='ocrx_word' id='word_1_732' title='bbox 1698 5188 1786 5254; x_wconf 92' lang='lat' dir='ltr'><strong>Dieu</strong></span> <span class='ocrx_word' id='word_1_733' title='bbox 1804 5203 1852 5255; x_wconf 86' lang='lat' dir='ltr'><strong>ost</strong></span> <span class='ocrx_word' id='word_1_734' title='bbox 1870 5213 1917 5255; x_wconf 91' lang='lat' dir='ltr'><strong>nn</strong></span> <span class='ocrx_word' id='word_1_735' title='bbox 1936 5190 1992 5257; x_wconf 89' lang='lat' dir='ltr'><strong>des</strong></span> <span class='ocrx_word' id='word_1_736' title='bbox 2011 5195 2208 5278; x_wconf 89' lang='lat' dir='ltr'><strong>principaux</strong></span> 
     </span>
    </p>
   </div>
   <div class='ocr_carea' id='block_1_17' title="bbox 0 0 2339 5856">
    <p class='ocr_par' dir='ltr' id='par_1_19' title="bbox 0 0 2339 5856">
     <span class='ocr_line' id='line_1_102' title="bbox 0 0 2339 5856; baseline 0 0"><span class='ocrx_word' id='word_1_737' title='bbox 0 0 2339 5856; x_wconf 95' lang='lat' dir='ltr'><strong> </strong></span> 
     </span>
    </p>
   </div>
  </div>
 </body>
</html>
