4658 5856
167 352 230 421 779
966 348 1182 418 PSALMUS
1209 352 1407 420 LXXXIV.
2093 352 2155 419 tto

164 543 302 609 barbara
330 541 421 605 natio
450 562 534 624 quae
563 562 626 607 non
657 540 776 607 ooleret
797 540 950 605 deitatem
973 539 1131 622 aliquam:
1184 539 1350 606 Davidem
1372 543 1469 626 longo
1500 553 1572 626 post
1603 551 1749 628 tempore
1778 543 1919 610 Psalmis
1948 542 2152 625 eomplexum

164 627 222 694 sed
252 647 463 710 unaquaeque
492 627 582 711 regio
612 626 760 709 proprios
788 627 933 710 fingebat
962 624 1021 690 sibi
1045 625 1130 690 deos.
1184 646 1255 691 esse
1276 646 1358 709 quae
1380 629 1441 693 sub
1464 627 1564 696 Saule
1587 650 1759 713 perpessus
1780 631 1903 705 fuerat,
1931 650 1998 692 non
2021 627 2153 692 mirabi-

164 716 210 779 Et
231 714 381 796 quamvis
404 712 578 796 Moabitae,
602 712 761 789 Idumaei,
784 722 817 777 et
838 711 953 794 reliqui
976 710 1131 777 eonoede·
1184 733 1258 776 mur
1280 723 1423 778 montem
1447 713 1528 781 Sion
1550 715 1591 780 ab
1613 736 1650 780 eo
1672 714 1769 779 simul
1793 714 1964 779 nominari.
2006 713 2059 779 De
2077 734 2155 781 vaes

135 830 138 835 ·
163 807 239 865 rent
266 798 387 881 aliquid
417 799 586 881 potestatis
608 798 680 863 Deo
702 797 815 875 Israel,
845 818 916 861 eam
940 807 1049 861 tamen
1071 816 1131 877 pu·
1185 796 1318 864 Githith
1340 798 1417 863 alibi
1441 798 1563 864 dietum
1586 811 1644 878 est,
1668 800 1799 865 Psalmo
1820 815 1942 863 oetavo.

164 885 280 950 tabant
307 884 449 949 Iudaeae
478 884 596 949 finibus
625 905 695 949 esse
723 884 900 949 inolusam:
932 883 1027 947 sieuti
1057 882 1131 946 Rex
1270 883 1299 948 2.
1323 882 1440 969 (Quom
1461 885 1595 1035 otoerap
1639 886 1861 968 Conqueritur
1882 884 1992 949 David
2014 884 2078 949 sibi
2101 906 2156 949 ne·

163 970 282 1056 Syriae
314 969 451 1035 voeabat
483 969 578 1034 deum
612 969 791 1046 montium,
826 969 854 1033 l.
885 969 967 1051 Reg.
997 967 1049 1045 20,
1080 966 1131 1031 23.
1184 969 1255 1051 gari
1277 970 1313 1033 in
1336 969 1471 1035 ecelesia
1495 973 1554 1035 Dei
1591 992 1686 1037 ooum
1708 983 1744 1036 ut
1766 971 1865 1035 fidem
1887 990 1979 1035 suam
2003 972 2155 1053 profitea-

163 1056 378 1139 Praepostera
411 1056 489 1120 haee
522 1055 644 1138 gloriae
676 1053 740 1118 Dei
770 1055 902 1137 partitio
934 1073 1000 1118 uno
1032 1054 1131 1118 verbo
1184 1064 1253 1133 tur,
1287 1055 1437 1138 profioiat
1468 1057 1504 1120 in
1538 1057 1676 1139 pietate,
1713 1078 1813 1139 seque
1845 1066 1994 1121 exeroeat
2027 1056 2061 1120 in
2094 1057 2156 1121 Dei

162 1142 340 1216 refellitur,
379 1161 416 1206 ae
448 1142 609 1205 evertitur
641 1138 799 1223 quidquid
831 1151 908 1204 tuno
941 1140 975 1203 in
1008 1138 1131 1203 mundo
1183 1139 1283 1204 eultu.
1328 1140 1413 1204 Nam
1436 1143 1491 1224 qui
1523 1142 1735 1208 tabernaoula
1756 1141 1820 1207 Dei
1849 1162 1986 1225 regnum
2018 1141 2156 1206 eoeleste

163 1227 432 1310 superstitionum
465 1226 542 1303 fuit,
585 1246 685 1308 quum
723 1227 778 1289 uni
812 1225 883 1289 Deo
921 1224 1025 1290 Israel
1064 1234 1131 1288 tam
1183 1246 1253 1289 esse
1276 1224 1407 1300 volunt,
1438 1228 1530 1309 quasi
1553 1228 1747 1311 ingemisoat
1768 1250 1803 1293 se
1826 1227 1987 1310 hospitem
2020 1248 2093 1292 esse
2122 1229 2155 1291 in

164 1312 321 1395 essentia,
351 1331 449 1394 quam
480 1331 601 1376 nomen
631 1332 727 1377 suum
756 1311 928 1375 asseritur:
961 1311 1035 1392 quia
1069 1310 1132 1374 nisi
1183 1311 1319 1375 mundo:
1354 1332 1419 1376 non
1453 1313 1533 1377 satis
1564 1312 1740 1377 attendunt
1771 1312 1812 1377 ad
1847 1322 2051 1396 praesentem
2087 1313 2156 1378 eius

163 1398 354 1463 aboleantur
370 1399 479 1462 omnia
497 1397 646 1481 gentium
664 1396 760 1475 idola,
782 1417 847 1460 non
866 1395 1024 1460 obtinebit
1040 1395 1131 1460 solus
1184 1398 1418 1462 neeessitatem.
1460 1396 1590 1464 Soiebat
1612 1419 1678 1462 non
1699 1400 1821 1464 frustra
1842 1418 1951 1464 saeros
1973 1412 2156 1465 eonventus

162 1483 304 1549 Iehovae
326 1501 464 1547 nomen:
495 1483 631 1566 ideoque
653 1481 792 1560 additur,
822 1481 872 1546 Tu
892 1481 977 1546 solue
996 1481 1132 1546 exrema
1184 1481 1342 1547 divinitus
1365 1481 1466 1548 fuisse
1484 1484 1706 1567 praescriptos,
1729 1485 1805 1566 quia
1822 1484 1941 1549 talibus
1958 1483 2156 1548 adiumentis

160 1589 254 1652 erepet
274 1573 400 1647 terram
423 1569 510 1651 quod
533 1568 706 1651 diligenter
728 1566 908 1632 notandum
927 1575 993 1631 est:
1016 1586 1130 1649 super·
1183 1588 1265 1649 opus
1279 1567 1400 1631 habent
1415 1567 1526 1633 fideles
1541 1568 1695 1651 quamdiu
1708 1571 1959 1653 peregrinantur
1973 1571 2010 1633 in
2022 1568 2155 1634 mundo.

162 1655 298 1719 stitiosis
330 1655 417 1718 enim
450 1665 487 1720 ut
519 1655 696 1737 plurimum
730 1654 810 1718 satis
842 1663 908 1732 est,
949 1653 1131 1734 relinquere
1184 1653 1267 1717 Erat
1288 1654 1388 1718 etiam
1411 1654 1472 1718 sibi
1494 1655 1644 1737 propriae
1664 1655 1865 1720 infirmitatis
1893 1655 2060 1734 oonsoius,
2091 1677 2155 1719 non

161 1738 234 1805 Deo
264 1760 359 1805 suum
389 1761 518 1819 nomen,
546 1741 609 1806 hoo
638 1750 689 1804 est
710 1738 791 1803 duas
814 1740 864 1803 vel
889 1748 955 1803 tres
977 1738 1130 1822 syllabas,
1183 1738 1337 1821 ignorans
1360 1752 1518 1820 quantum
1541 1742 1581 1804 ab
1611 1741 1757 1824 angelica
1786 1742 1979 1824 permotione
2009 1739 2154 1805 distaret

161 1846 261 1908 quum
288 1826 412 1890 interea
441 1828 598 1891 virtmem
620 1826 690 1889 eius
712 1824 906 1906 discerpant,
937 1824 1129 1906 quasivero
1183 1821 1391 1903 Querenon
1425 1825 1587 1890 immerito
1620 1825 1767 1909 deplorat
1799 1848 1834 1891 se
1871 1827 2003 1891 destitui
2037 1826 2155 1891 mediis

160 1912 251 1976 inani
288 1911 384 1976 titulo
415 1912 623 1977 eontinentur
655 1912 724 1975 eius
762 1910 924 1974 maiestas.
980 1908 1130 1976 Sciamus
1182 1908 1248 1973 illis
1271 1930 1408 1991 quorum
1431 1931 1510 1975 usus
1533 1912 1611 1976 satis
1632 1921 1730 1977 notus
1758 1923 1808 1977 est
1836 1913 1908 1996 piis.
1952 1911 2040 1976 Nam
2069 1910 2155 1976 haud

160 2018 239 2081 ergo
261 2016 325 2061 non
349 1997 445 2061 aliter
465 1998 574 2061 Deum
597 1996 755 2061 exoellsre
777 1996 863 2059 inter
886 1995 1043 2070 homines,
1066 1995 1130 2058 nisi

160 2085 238 2149 dum
267 2082 402 2164 imperio
430 2103 490 2148 suo
513 2083 642 2164 potitur,
672 2102 733 2147 neo
754 2080 933 2164 quidquam
954 2081 1131 2164 opponitur

160 2169 200 2236 ad
223 2167 461 2234 obscurandam
483 2169 554 2233 eius
577 2167 723 2251 gloriam.

431 2541 639 2613 essenus
661 2540 858 2610 LXXXIV.

159 2716 245 2772 ABG.
263 2714 447 2782 Oooqaeritur
471 2713 523 2765 sibi
550 2712 618 2765 nihil
644 2728 704 2764 esee
730 2711 869 2764 molestius
896 2728 976 2779 quam
1003 2714 1089 2765 areeri
1115 2727 1132 2762 a

261 2782 430 2836 tabernaonli
448 2796 564 2843 aeeesam
582 2786 611 2833 st
628 2798 644 2831 a
662 2783 741 2832 ooeta
758 2779 864 2847 piorum
883 2779 1014 2846 exsulare,
1033 2781 1132 2849 inquo

218 2885 222 2892 ·
262 2851 336 2905 Dens
361 2849 551 2903 invooabatur:
582 2854 611 2901 et
636 2848 703 2901 nibil
729 2849 834 2917 piorum
860 2848 995 2902 desiderio
1022 2847 1131 2902 obstare

262 2935 343 2989 posse
361 2919 504 2984 quominus
522 2919 557 2971 ad
575 2917 661 2970 Deum
683 2917 868 2986 quaerendum
890 2921 1047 2970 oonetauter
1069 2933 1131 2986 per·

261 2994 396 3069 rumpant.
431 2987 552 3041 Tandem
577 2986 686 3040 restitui
710 2986 863 3055 postulans,
889 2987 990 3039 iterum
1013 2991 1131 3039 testatm

261 3059 349 3129 ploras
372 3055 424 3108 sibi
447 3071 508 3108 esse
531 3054 604 3108 diem
626 3071 709 3108 unum
730 3070 810 3122 agere
833 3057 861 3106 in
880 3056 1054 3109 tabernaoulo
1071 3054 1131 3116 Dei,

263 3143 343 3196 qnam
362 3124 409 3177 diu
427 3124 513 3177 vitam
529 3139 680 3193 prorogare
696 3122 769 3176 inter
785 3123 947 3177 ineredulos.

247 3282 276 3347 1.
302 3278 463 3360 Praefecto
483 3298 579 3360 super
603 3276 735 3352 Gitlaitlr,
754 3276 894 3359 filiorum
918 3274 1016 3342 Corae
1037 3276 1131 3343 Psal-

159 3388 240 3434 mos.
284 3368 315 3432 2.
342 3365 443 3445 qaam
469 3362 580 3429 diledo
603 3362 805 3428 tabenaculo
825 3367 882 3426 tao
904 3361 1023 3429 Iebooo
1043 3383 1130 3428 aeor-

159 3455 297 3521 oituum!
349 3450 379 3515 3.
415 3448 611 3532 Coneupt'eeit
642 3453 732 3530 atque
764 3448 858 3513 dmm
886 3447 990 3526 deficit
1021 3449 1131 3514 sumto

158 3560 229 3606 mea
249 3542 324 3621 poet
352 3536 438 3600 utria
460 3534 608 3599 Ietovae:
636 3553 688 3598 eor
715 3552 818 3599 meam
847 3537 876 3597 et
895 3551 968 3597 earo
988 3555 1057 3599 meo
1078 3555 1131 3599 ea·

158 3625 276 3692 attae
306 3623 350 3688 od
378 3622 483 3688 Deum
509 3620 624 3684 vivam.
676 3620 707 3684 4.
737 3618 848 3683 Etiam
868 3637 985 3699 passer
1012 3621 1132 3685 iuverit

158 3712 223 3778 eibi
239 3711 372 3791 domum,
391 3711 419 3770 et
437 3705 576 3770 timaeo
592 3706 705 3770 aidum
721 3705 793 3785 atti,
811 3704 867 3769 ubi
883 3711 1013 3785 reponet
1026 3706 1131 3786 pallos

158 3817 242 3876 euos,
269 3815 287 3859 o
314 3794 431 3859 altario
460 3797 516 3856 tao
538 3790 673 3856 lebooob
693 3792 882 3856 eaerodwm
905 3790 976 3856 Rae
996 3795 1131 3857 „aare

159 3883 249 3949 Deus
279 3900 375 3944 meus.
430 3878 460 3942 5.
493 3875 589 3941 Boea·
620 3878 677 3958 qui
707 3875 847 3942 babitom
878 3879 914 3943 ia
945 3878 1033 3944 dorm
1065 3883 1129 3956 toa,

1184 1993 1280 2059 dubie
1302 2003 1426 2060 reatum
1448 1998 1575 2060 externi
1598 1997 1722 2061 ordinis
1744 1998 1841 2061 finem
1865 1997 2044 2080 spectavit:
2079 1998 2156 2081 quia

1183 2080 1300 2145 similis
1322 2102 1386 2145 non
1410 2090 1481 2145 erat
1504 2081 1699 2163 hypooritis,
1730 2082 1885 2166 quidum
1908 2082 2059 2148 solennes
2081 2104 2155 2148 oon·

1184 2178 1302 2231 ventus
1324 2187 1443 2250 magna
1473 2187 1590 2249 pompa
1619 2169 1844 2250 frequentant,
1874 2168 1948 2234 lieet
1977 2167 2155 2232 videantur

1184 2252 1243 2315 toti
1261 2251 1397 2334 fervere,
1419 2272 1510 2316 mera
1530 2263 1639 2318 tamen
1657 2256 1872 2318 ostentatione
1891 2254 2024 2339 defungi
2044 2254 2155 2318 volunt

1183 2356 1262 2420 erga
1284 2337 1403 2402 Deum.
1448 2337 1488 2402 In
1512 2338 1572 2403 hoo
1594 2349 1680 2403 aerte
1702 2359 1811 2404 orasse
1833 2340 1989 2424 figmento
2022 2341 2154 2403 minime

1182 2433 1358 2505 oooupatus
1385 2423 1449 2487 fuit
1477 2422 1603 2502 David,
1636 2423 1694 2490 sed
1723 2424 1862 2489 liberum
1896 2425 2077 2490 sanotuarii
2106 2425 2154 2488 in·

1183 2528 1332 2591 gressum
1355 2518 1525 2592 tantopere
1546 2509 1688 2592 optavit,
1723 2521 1761 2574 ut
1782 2512 1908 2575 sineere
1929 2522 1962 2575 et
1992 2510 2152 2593 spirituali

1183 2593 1280 2658 modo
1313 2593 1421 2658 Deum
1456 2593 1523 2658 illio
1562 2595 1691 2661 coleret.
1745 2595 1968 2675 Exclamatio,
2010 2595 2154 2660 ardentis

1185 2680 1321 2744 effeetus
1343 2680 1473 2763 signum
1503 2690 1568 2755 est,
1599 2702 1695 2764 quem
1726 2681 1857 2764 plenius
1885 2679 2030 2747 seeundo
2058 2701 2153 2745 versu

1184 2764 1336 2845 explieat.
1391 2764 1487 2831 Unde
1519 2765 1700 2848 oolligimus
1735 2767 1871 2831 nimium
1905 2785 1975 2831 esse
2007 2765 2153 2849 stupidos

1183 2851 1239 2932 qai
1262 2850 1410 2914 ordinem
1432 2869 1452 2912 a
1475 2850 1544 2914 Deo
1566 2850 1775 2928 mandatum,
1805 2853 1896 2935 quasi
1926 2863 2061 2935 possent
2083 2871 2154 2934 pro·

1183 2937 1254 3018 prio
1274 2945 1376 2999 marte
1398 2936 1432 2998 in
1451 2934 1575 2999 eoelum
1592 2937 1818 3018 oonsoendere,
1841 2958 1953 3003 seeure
1972 2937 2152 3020 negligunt

1183 3021 1264 3086 Dixi
1285 3021 1319 3084 in
1342 3018 1484 3086 seeundo
1507 3042 1604 3086 versu
1626 3042 1693 3085 non
1720 3023 1889 3106 vulgarem
1918 3021 2072 3088 desiderii
2104 3044 2152 3087 ar·

1182 3106 1293 3172 dorem
1316 3106 1465 3189 exprimi,
1488 3106 1564 3189 quia
1581 3128 1684 3190 quum
1701 3119 1780 3225 qo)
1799 3109 1958 3192 signifieat
1978 3108 2153 3173 vehemen-

1183 3200 1234 3256 ter
1255 3201 1426 3274 expetere‚
1456 3211 1521 3256 nou
1544 3204 1717 3257 eontentus
1757 3198 1818 3259 boe
1848 3194 1965 3271 verbo,
2003 3192 2155 3277 adiungit

1183 3278 1324 3343 animm
1343 3297 1436 3342 suom
1456 3278 1581 3359 deficere
1596 3284 1670 3359 post
1690 3281 1775 3344 atrio
1796 3279 1877 3345 Dei:
1910 3279 1995 3362 quod
2024 3288 2154 3343 tantun·

1184 3364 1257 3428 dem
1280 3363 1368 3429 valet
1389 3371 1486 3444 atque
1503 3382 1706 3441 evanescere,
1728 3384 1829 3448 quum
1846 3363 2019 3428 immodieo
2038 3365 2156 3430 affeetu

1184 3459 1278 3513 extra
1300 3469 1359 3513 nos
1377 3450 1535 3530 rapimur.
1569 3452 1665 3513 Atria
1682 3461 1791 3514 antem
1815 3451 1934 3532 posuit,
1956 3450 2035 3531 quia
2053 3470 2154 3533 quum

1184 3533 1334 3600 sacerdos
1355 3554 1422 3597 nou
1445 3545 1540 3617 esset,
1563 3553 1628 3598 uon
1651 3535 1738 3600 ultra
1759 3534 1911 3619 pmgredi
1934 3535 2034 3599 licuit.
2082 3535 2155 3601 Sei·

1183 3641 1257 3685 mus
1284 3621 1372 3684 enim
1402 3620 1623 3686 eanotuarium
1652 3621 1792 3686 interius
1819 3622 1899 3686 solis
1935 3620 2157 3686 saeerdotibua

1182 3706 1283 3769 fuisse
1305 3715 1466 3787 apertum.
1511 3704 1656 3770 Tandem
1679 3707 1836 3789 exprimit
1865 3705 2063 3771 desiderium
2096 3706 2157 3772 boo

1184 3791 1322 3855 diffundi
1355 3811 1456 3873 usque
1488 3791 1529 3855 ad
1563 3810 1694 3873 eorpus,
1737 3790 1823 3874 quod
1864 3792 1994 3856 soilioet·
2019 3802 2157 3857 externo

1184 3888 1276 3961 gestu
1300 3896 1335 3942 se
1357 3876 1391 3940 in
1413 3897 1479 3954 ore,
1501 3877 1602 3941 oeulis
1624 3887 1658 3941 et
1679 3878 1832 3942 manibus
1854 3877 2024 3961 proferret.
2068 3878 2157 3942 Dioit

160 3987 282 4050 seraper
302 3963 475 4031 hadeberti
495 3968 531 4027 te.
577 3962 680 4028 Seluk.
1183 3972 1292 4027 autem
1314 3963 1357 4028 od
1382 3962 1486 4028 Deum
1506 3962 1621 4041 vivum,
1645 3982 1708 4026 non
1732 3961 1822 4044 quod.
1848 3972 1987 4046 angusto
2017 3965 2160 4029 tentorio

1183 4047 1328 4112 inolusus
1346 4060 1432 4112 esset
1452 4048 1561 4112 Deus:
1582 4048 1638 4112 sed
1657 4049 1733 4131 quia
1751 4048 1847 4113 soalis
1864 4048 1925 4111 sibi
1944 4047 2068 4113 solebat
2084 4069 2158 4114 esee

249 4137 277 4200 1.
301 4133 499 4220 (Praefecto.)
536 4135 608 4199 Etsi
630 4154 696 4197 non
717 4133 907 4199 inscribitur
924 4155 1044 4199 nomen
1063 4137 1129 4200 Da·
1183 4155 1263 4217 opus
1287 4155 1343 4216 per
1365 4154 1445 4214 quas
1467 4135 1501 4197 iu
1519 4132 1644 4199 eoelum
1663 4132 1906 4211 oonsoenderet,
1930 4132 2060 4198 visibile
2077 4154 2158 4198 vero

162 4223 263 4303 vidis,
297 4221 372 4302 quia
394 4232 503 4284 tamen
527 4227 759 4303 argumentum
782 4222 935 4284 convenit
964 4220 1034 4285 eius
1057 4241 1129 4302 per·
1183 4220 1403 4284 sanctuarium
1431 4220 1501 4283 vioe
1531 4219 1692 4283 soalarum
1722 4240 1809 4282 esse:
1841 4219 1917 4299 quia
1946 4218 1987 4282 ad
2015 4218 2160 4284 eoeleste

161 4329 277 4385 sonae,
311 4304 476 4387 probabile
509 4315 559 4370 est
592 4325 666 4369 eum
702 4306 802 4370 fuisse
834 4316 990 4370 autorem.
1045 4306 1130 4370 Nam
1182 4306 1350 4386 exemplar
1371 4305 1442 4387 pias
1465 4316 1590 4368 mentes
1620 4304 1788 4386 dirigebat.
1834 4304 1878 4368 Et
1907 4315 1995 4368 oerte
2023 4305 2159 4386 quando

161 4393 248 4479 quod
283 4398 400 4475 putant
431 4388 563 4471 quidam
596 4412 616 4454 a
648 4390 725 4455 filiis
759 4390 862 4456 (lotae
895 4392 965 4455 eius
998 4392 1131 4456 nomine
1183 4390 1222 4454 ad
1253 4392 1316 4454 Dei
1345 4388 1551 4453 altitudinem
1581 4409 1641 4453 noe
1669 4389 1779 4454 earnis
1817 4388 1953 4454 tarditas
1982 4410 2160 4472 assurgere

161 4482 262 4547 fuisse
291 4475 520 4559 oompositum,
552 4476 612 4540 hae
640 4477 766 4539 ratione
794 4477 874 4540 satis
903 4477 955 4559 (ut
976 4475 1129 4557 arbitror)
1183 4497 1245 4539 non
1270 4476 1407 4558 patitur,
1435 4475 1559 4539 frustra
1580 4495 1639 4539 nos
1661 4474 1703 4538 ad
1724 4495 1760 4539 se
1783 4483 1928 4550 voearet,
1959 4475 2022 4538 nisi
2054 4477 2160 4541 etiam

161 4566 337 4639 refellitur,
366 4559 452 4644 quod
482 4568 587 4623 aetate
616 4580 675 4623 sue
698 4560 805 4624 David
827 4562 1016 4644 prophetiae
1046 4561 1130 4628 dono
1182 4561 1391 4626 descenderet
1413 4560 1453 4623 ad
1476 4581 1534 4624 nos
1555 4560 1714 4624 vieissim:
1738 4559 1789 4624 vel
1812 4559 1929 4624 saltem
1951 4561 2161 4643 interpositis

161 4653 267 4736 magis
301 4646 492 4713 exoelluerit
521 4665 618 4727 quam
648 4654 685 4709 ut
712 4644 883 4710 mandaret
910 4656 1018 4729 partes
1049 4648 1129 4712 istas
1182 4646 1313 4725 mediis,
1343 4665 1459 4708 manus
1480 4644 1716 4726 quodammodo
1737 4643 1776 4709 ad
1800 4666 1859 4710 noe
1881 4665 2011 4709 sursum
2036 4645 2160 4712 tollen·

161 4738 299 4804 Levitis.
331 4732 406 4799 Una
424 4742 552 4796 tantum
574 4730 682 4794 obstat
704 4731 888 4810 diffioultas,
908 4732 992 4812 quod
1016 4734 1129 4797 memi·
1182 4732 1240 4795 dos
1263 4730 1462 4795 extenderet.

161 4825 212 4890 nit
234 4818 356 4887 montis
379 4817 475 4892 Sion,
507 4816 547 4880 ad
577 4836 675 4898 quem
705 4837 769 4879 non
798 4826 872 4880 ante
902 4818 1038 4882 advecta
1066 4818 1131 4882 fuit
1267 4817 1392 4894 (Etiam
1418 4815 1557 4898 passer.)
1610 4814 1752 4880 Versum
1786 4816 1875 4881 huno
1916 4815 2049 4898 quidam
2091 4839 2161 4885 uno

161 4930 236 4975 aroa
253 4904 391 4972 foederis
409 4925 507 4986 quarn
526 4903 594 4984 ipse
617 4902 741 4984 potitus
756 4909 807 4965 est
822 4902 997 4984 tranquillo
1018 4923 1129 4986 regno.
1182 4915 1335 4967 oontextu
1348 4902 1489 4983 legunt:
1513 4920 1550 4965 ao
1572 4901 1599 4965 si
1622 4901 1743 4966 diaeret
1766 4903 1934 4984 propheta,
1957 4922 2161 5000 avesuprops

162 4995 265 5078 Atqui
289 4990 329 5056 ab
351 5011 388 5054 eo
410 4997 556 5071 tempore
579 4987 679 5051 semel
702 4996 831 5049 tantum
854 4985 894 5050 od
918 4988 1016 5051 breve
1046 4999 1129 5052 tem·
1182 4987 1298 5052 altaria
1320 4985 1480 5066 nidulari,
1510 4985 1597 5050 unde
1622 4987 1739 5051 melius
1761 4997 1897 5070 apparet
1922 5007 2020 5068 quam
2043 4990 2161 5070 iniqua

162 5103 223 5165 pus
241 5083 389 5162 privatus
408 5075 468 5139 fuit
485 5094 578 5137 areae
595 5082 778 5156 conspeetu,
797 5092 898 5153 quum
916 5073 1019 5137 filium
1035 5094 1130 5138 suum
1182 5073 1226 5136 sit
1254 5074 1325 5135 eius
1355 5070 1495 5136 eonditio
1523 5072 1580 5153 qui
1609 5072 1720 5153 prooul
1750 5071 1826 5136 inde
1854 5072 2059 5155 prohibetur.
2109 5075 2161 5139 Et

92 5196 96 5203 ·
162 5168 299 5248 lugeret.
345 5160 454 5223 Verba
476 5169 585 5223 autom
607 5167 724 5222 sonant
746 5167 825 5222 tuno
852 5158 1007 5223 laetatum
1030 5159 1130 5223 luisse
1183 5157 1259 5221 huie
1274 5157 1454 5220 sententiae
1469 5155 1600 5221 videtur
1617 5158 1788 5240 suffragari
1805 5157 1963 5242 particula
1981 5171 2050 5241 nx,
2071 5179 2160 5242 quae

162 5272 222 5334 per
254 5249 344 5315 varia
373 5256 405 5310 et
439 5245 534 5329 longa
565 5246 691 5309 exsilia.
736 5244 861 5307 Verum
893 5245 1130 5327 eireputamos
1182 5243 1364 5307 aoeusativo
1397 5243 1485 5306 oasui
1506 5243 1742 5325 utplurimum
1774 5245 1928 5327 iungitur.
1985 5241 2055 5309 Sed
2078 5246 2158 5328 quia
