4658 5856
170 301 233 368 ccc
972 303 1190 372 essenos
1212 284 1360 372 uxxu.
2097 310 2161 377 ceo

170 491 277 574 magis
295 492 351 573 qui
368 492 410 556 ad
421 490 593 557 Christum
613 491 815 557 adorandum
829 503 1000 559 venerunt.
1034 491 1137 572 Quasi
1190 505 1375 578 opponeret.
1410 493 1480 562 Sub
1500 495 1616 577 fraude
1636 515 1713 560 vero
1730 505 1763 559 ot
1781 495 1926 562 uiolentia
1944 518 2042 565 omne
2059 486 2184 567 male-¹

170 598 248 642 vero
270 598 311 641 ex
330 577 535 661 philosophis
564 598 658 662 reges
687 577 793 643 subito
824 599 934 644 creare
965 581 998 642 in
1026 600 1137 643 eorum
1173 583 1254 656 ,ficii
1282 601 1387 665 genus
1416 581 1661 664 complectitur:
1693 578 1770 662 quia
1798 583 1894 647 homo
1924 586 2069 651 nocendo
2100 599 2159 654 aut

170 663 305 727 arbitrio
328 664 435 727 fuerit.
470 663 599 729 Deinde
617 665 716 728 etiam
734 671 861 729 mutare
880 665 994 748 plagas
1013 665 1137 741 mundi,
1190 667 1241 732 lec
1260 678 1319 749 est,
1342 681 1398 732 aut
1418 667 1539 750 vulpes.
1573 666 1746 732 Aliionim
1767 669 1929 750 aperturi
1948 685 2156 754 grassantur:

170 759 205 812 ut
227 771 268 814 ex
291 748 416 814 edente
434 749 604 815 meridiem
626 749 680 815 vel
699 770 848 815 occasum
868 753 1019 816 lacerent.
1057 751 1137 814 Pro·
1190 753 1246 818 alii
1269 762 1379 818 autem
1402 751 1556 819 insidiose
1588 765 1621 817 st
1649 753 1785 818 occultis
1814 753 1941 819 artibus
1970 755 2010 820 ad
2040 760 2158 842 iniqui·

168 836 260 900 ximo
288 856 385 901 versu
413 835 533 902 clarius
561 838 716 919 exprimit
745 846 850 901 totum
879 836 991 902 orbem
1013 835 1137 902 Chrisi
1190 848 1290 904 tatem
1313 838 1483 922 obrepunt.
1524 840 1627 904 Porro
1650 839 1771 904 scimus
1794 838 1907 904 datum
1930 862 2000 906 esse
2023 843 2157 911 Christo

168 921 306 1004 imperio
328 921 511 987 subiectum
534 922 610 986 lore.
655 922 740 986 Nam
764 931 851 986 certe
881 944 1018 1005 regnum
1042 922 1138 987 Iohu-
1190 945 1355 989 summum
1367 927 1540 1008 imperium
1552 926 1586 989 in
1598 923 1686 990 coelo
1697 935 1731 988 et
1749 926 1782 988 in
1803 934 1900 1005 terra,
1920 928 2103 1007 Marthae,
2119 933 2157 997 18

169 1006 234 1071 dah
257 1028 425 1090 nunquam
458 1008 564 1090 magis
593 1029 691 1090 quam
720 1007 781 1073 sub
811 1007 986 1074 Solomone
1014 1010 1137 1088 floruit,
1190 1022 1228 1074 ut
1249 1032 1325 1075 suos
1346 1033 1412 1076 non
1444 1011 1540 1075 modo
1567 1021 1718 1092 protegat
1745 1030 1764 1072 a
1790 1012 2023 1093 temporalibus
2052 1019 2158 1100 noxis,

169 1094 259 1175 atqui
284 1107 361 1160 tunc
383 1095 513 1159 nonnisi
534 1094 629 1177 pauci
647 1114 741 1177 reges
762 1095 922 1160 tributum
941 1095 1137 1176 pendebant,
1189 1095 1246 1161 sed
1268 1098 1441 1180 praecipue
1460 1096 1500 1160 ab
1523 1096 1613 1161 omni
1633 1094 1775 1161 Satanae
1794 1097 1923 1180 iniuria,
1948 1099 2048 1165 donec
2069 1106 2158 1167 omni

168 1178 353 1262 etquidem
377 1181 595 1245 moderatum:
629 1179 747 1244 deinde
770 1180 830 1244 hac
854 1181 941 1264 lege,
965 1192 1003 1244 ut
1025 1179 1136 1247 liberis
1190 1182 1337 1247 molestia
1359 1192 1528 1266 exemptos
1550 1182 1584 1247 in
1608 1190 1774 1246 aeternam
1797 1184 1939 1263 quietem
1963 1186 2103 1270 colligat
2141 1178 2144 1185 ’

167 1266 236 1328 suis
263 1265 390 1347 legibus
419 1267 580 1332 viverent.
624 1266 735 1330 David
765 1287 843 1349 ergo
873 1287 892 1330 a
919 1265 988 1331 filio
1016 1288 1075 1332 suc
1103 1276 1136 1332 et
1276 1265 1529 1353 letaretur.)
1573 1267 1668 1348 Quod
1690 1268 1842 1332 nonnulli
1864 1269 2002 1334 verbum
2033 1271 2093 1336 hoc
2116 1275 2157 1339 ad

166 1353 338 1434 nepotibus
358 1373 512 1427 exorsus,
544 1351 733 1433 prophetico
755 1352 872 1433 spiritu
895 1352 935 1416 ad
966 1352 1135 1435 spirituale
1189 1374 1350 1436 pauperes
1371 1355 1534 1431 colerunt,
1557 1353 1687 1419 videtur
1709 1363 1869 1418 coactum.
1913 1356 2032 1440 Longa
2053 1359 2157 1441 igitur

166 1438 295 1502 Christi
324 1458 463 1520 regnum
492 1437 695 1516 conscendit,
728 1437 813 1519 quod
843 1439 991 1520 apprime
1020 1445 1135 1504 notatu
1189 1441 1266 1515 vita,
1289 1459 1371 1520 quae
1393 1461 1460 1504 non
1482 1439 1600 1503 ultima
1622 1447 1671 1504 est
1693 1439 1779 1503 inter
1803 1447 1951 1505 terrenas
1974 1442 2037 1507 Dei
2063 1444 2155 1509 benc-

166 1523 305 1606 dignnm
327 1532 392 1601 est,
423 1534 458 1587 nt
480 1524 622 1587 sciamus
643 1544 711 1588 non
735 1536 856 1588 temere
887 1545 947 1588 nos
978 1525 1014 1587 in
1043 1545 1135 1606 spem
1188 1523 1355 1600 dictiones,
1379 1547 1489 1609 regem
1513 1526 1601 1590 huuc
1624 1523 1813 1589 donandum
1835 1547 1905 1591 esse
1926 1526 2071 1594 affirmat
2086 1531 2156 1596 Da·

166 1624 319 1675 aeternae
341 1609 457 1673 salutis
478 1609 578 1673 luisse
601 1606 758 1675 adscitos:
789 1609 846 1673 sed
871 1611 947 1691 quia
974 1611 1039 1673 iem
1062 1633 1134 1676 coe·
1188 1609 1253 1678 vid.
1309 1610 1403 1690 Quae
1435 1620 1547 1694 postea
1580 1619 1779 1692 sequuntur,
1813 1610 1984 1678 indefinite
2017 1618 2157 1698 legenda

165 1697 258 1761 lastis
280 1705 375 1777 pater
396 1715 457 1760 nos
480 1694 546 1758 filia
576 1715 634 1759 sno
663 1693 901 1775 destinaverat,
928 1694 1006 1761 hino
1036 1697 1135 1761 etiam
1186 1705 1279 1761 sunt:
1313 1697 1400 1762 acsi
1423 1695 1579 1774 dixisset,
1607 1696 1750 1761 Dabitur
1779 1696 1808 1760 ei
1831 1716 1948 1762 aurum
1978 1699 2154 1786 arabicum,

166 1782 360 1865 colligimus,
383 1781 418 1844 in
441 1780 578 1846 ecclesia
600 1788 633 1844 et
650 1801 750 1865 grege
768 1781 894 1847 Christi
913 1803 983 1846 esse
1002 1785 1134 1865 regibus
1187 1782 1374 1865 passimque
1396 1783 1620 1865 concipientur
1643 1795 1718 1846 vota
1741 1804 1797 1864 pro
1827 1782 1934 1848 salute
1962 1785 2043 1851 eius.
2088 1787 2156 1853 Ite·

166 1869 286 1933 locum:
321 1888 401 1950 quos
430 1866 484 1933 hio
507 1865 616 1931 David
647 1887 713 1931 non
743 1878 893 1932 exarmat
920 1868 1045 1950 gladio,
1075 1889 1134 1933 nec
1159 1852 1161 1905 1
1187 1889 1261 1932 rum
1283 1869 1404 1950 repetit
1425 1868 1510 1951 quod
1534 1867 1573 1932 dc
1596 1868 1739 1950 potentia
1762 1869 1905 1934 dixerat:
1924 1872 2001 1952 qnia
2023 1873 2052 1937 si
2069 1874 2154 1940 Ara·

165 1953 350 2019 diademate
380 1954 515 2036 spoliat,
549 1963 585 2016 ut
614 1951 766 2016 admittat
795 1955 830 2017 in
857 1952 1043 2029 ecclesiam,
1077 1953 1134 2018 sed
1158 1918 1161 2059 1
1186 1951 1240 2018 bia
1262 1953 1383 2035 pendat
1405 1954 1576 2036 tributum,
1598 1962 1720 2035 quauta
1741 1974 1840 2036 opum
1862 1957 2030 2036 congeries
2047 1981 2088 2023 ex
2108 1969 2155 2025 tot

165 2061 238 2105 cum
260 2062 321 2105 sua
343 2039 503 2123 dignitate
527 2050 682 2103 venturos
705 2059 775 2105 esse
798 2039 877 2105 dicit
900 2053 937 2102 ut
965 2061 1001 2104 se
1023 2060 1133 2105 coram
1186 2038 1373 2123 regionibus
1395 2040 1502 2123 magis
1525 2040 1642 2107 vicinis
1670 2040 1902 2106 contrahetur?
1948 2043 2023 2108 Etsi
2045 2056 2155 2110 autem

164 2126 298 2191 Christo
321 2135 540 2207 prosternant.
1187 2146 1252 2189 non
1275 2135 1392 2209 regnat
1410 2126 1564 2192 Christus
1586 2125 1625 2188 ad
1645 2146 1761 2189 aurum
1780 2129 2048 2206 coacervandum,
2072 2133 2155 2214 figu-

1187 2222 1257 2276 rate
1279 2220 1391 2276 temen
1413 2210 1528 2278 docere
1546 2210 1651 2275 voluit
1668 2211 1788 2290 David,
1810 2214 2043 2281 remotissimos
2061 2238 2155 2298 quos·

252 2298 301 2363 12.
328 2298 413 2378 Quia
434 2297 544 2378 eripiet
558 2316 730 2379 pauperem
747 2296 941 2378 alemanicus,
965 2301 993 2361 et
1010 2299 1133 2376 inopem
1186 2317 1248 2377 que
1272 2297 1408 2380 populos
1429 2298 1498 2363 fore
1520 2297 1555 2360 in
1578 2296 1700 2371 officio,
1734 2307 1771 2361 ut
1799 2319 1835 2362 se
1864 2299 1894 2363 ei
1925 2311 2010 2366 totos
2031 2323 2153 2385 suaque

163 2385 215 2449 cui
236 2405 296 2448 uon
322 2388 367 2449 est
396 2385 532 2448 adiutor.
579 2381 856 2447 remiscebitur
884 2403 978 2462 super
1006 2403 1133 2465 cpeaum
1187 2384 1297 2448 omnia
1316 2381 1480 2449 addicant.
1515 2383 1629 2463 Neque
1646 2383 1733 2448 enim
1753 2403 1874 2447 novum
1893 2396 1952 2464 est,
1974 2386 2154 2467 spiritualis

163 2475 192 2534 et
207 2489 398 2550 pauperem
429 2474 458 2534 et
478 2468 605 2533 animas
627 2487 809 2549 pauperum
838 2468 980 2533 servabit.
1028 2469 1077 2532 14.
1100 2468 1134 2532 Α
1187 2471 1280 2552 regni
1320 2469 1459 2551 gloriam
1498 2469 1557 2534 sub
1595 2479 1731 2532 externo
1773 2467 1945 2551 splendore
1986 2472 2153 2538 delineari.

161 2556 276 2637 fraude
296 2555 486 2621 uacuum
503 2555 633 2619 redimet
649 2555 775 2617 artimas
791 2573 907 2637 eorum,
929 2555 1133 2638 etpretiosus
1186 2552 1481 2636 Opulentissimum
1505 2575 1583 2638 ergo
1605 2555 1673 2619 fore
1692 2553 1817 2619 Christi
1835 2575 1973 2638 regnum
1993 2559 2154 2639 praedixit
2243 2636 2246 2641 ¹

163 2643 222 2706 erit
243 2642 376 2725 saupuis
397 2660 503 2705 eorum
524 2640 558 2703 iu
585 2640 696 2705 oeulis
714 2640 791 2703 mus.
836 2638 887 2703 lb.
910 2639 954 2704 Et
983 2641 1076 2720 ciaet,
1106 2644 1134 2706 et
1186 2638 1305 2718 David,
1328 2639 1384 2704 sed
1408 2660 1467 2723 pro
1489 2640 1651 2723 spirituali
1672 2639 1743 2705 eius
1763 2651 1891 2705 natura.
1935 2642 2032 2707 Unde
2053 2665 2153 2726 appa·

163 2726 290 2812 enare)
320 2728 349 2792 ei
376 2727 520 2792 decere
550 2723 644 2790 Saba:
672 2729 700 2791 et
728 2725 828 2790 orabit
852 2745 913 2808 pro
942 2745 976 2790 eo
1004 2746 1133 2808 semper,
1187 2737 1237 2789 ret
1259 2747 1358 2808 quam
1381 2727 1537 2791 scelerate
1560 2735 1593 2791 et
1616 2724 1766 2808 nequiter
1789 2725 1851 2789 hoc
1874 2726 1943 2791 loco
1972 2728 2066 2793 abusi
2088 2732 2154 2794 sint

162 2813 301 2894 quotidie
321 2811 471 2877 benedicet
492 2831 570 2876 eum.
1185 2813 1341 2894 papistae,
1367 2823 1403 2877 ut
1425 2810 1466 2877 ad
1489 2832 1524 2878 se
1546 2811 1755 2877 corraderent
1777 2812 1916 2876 caducas
1934 2813 2048 2878 muudi
2066 2835 2152 2897 opes.

1184 2896 1257 2961 Iam
1279 2900 1340 2963 sub
1363 2899 1589 2963 communibus
1611 2897 1722 2980 populi
1744 2898 1830 2962 votis
1853 2898 1969 2979 quibus
1991 2921 2154 2966 commen-

251 2984 300 3048 12.
332 2983 431 3069 (Quia
459 2982 594 3068 eripiet.)
645 2983 774 3048 Rursus
804 2990 961 3061 testatur,
992 3005 1131 3067 reguum
1185 2982 1314 3048 dabitur
1336 2983 1424 3048 salus
1446 2983 1533 3065 regis
1551 2982 1632 3060 Deo,
1655 2981 1816 3064 siguificat
1838 2982 1983 3048 subditos
2006 2986 2072 3050 lore
2095 3008 2153 3050 vo·

163 3069 251 3153 quod
269 3069 420 3149 celebrat,
438 3071 573 3133 minime
591 3070 802 3152 tyrannicum
826 3069 876 3133 vel
894 3067 1026 3133 crudele
1044 3069 1130 3135 lore:
1183 3069 1352 3145 lactarios,
1377 3080 1413 3132 ut
1436 3068 1517 3131 nihil
1536 3067 1597 3132 sibi
1615 3064 1791 3149 optabilius
1810 3087 1881 3132 esse
1899 3069 2031 3146 ducant,
2053 3092 2152 3151 qnam

162 3156 259 3221 sicuti
281 3157 391 3221 maior·
405 3177 482 3239 pars
505 3174 629 3238 regum,
651 3153 802 3236 neglecta
824 3155 989 3218 communi
1015 3153 1130 3232 salute,
1185 3155 1254 3218 eius
1276 3153 1413 3236 imperio
1436 3174 1558 3236 parere.
1604 3153 1677 3217 Etsi
1700 3165 1808 3217 autem
1831 3152 1947 3235 iugum
1970 3154 2152 3221 detrectant

162 3243 303 3325 propriis
325 3240 503 3308 commodis
525 3239 654 3305 addicta
676 3251 741 3304 est:
766 3237 853 3303 unde
874 3241 912 3303 fit
934 3249 972 3303 ut
994 3240 1131 3304 miseros
1184 3239 1289 3315 multi,
1312 3238 1503 3322 hypocritae
1526 3238 1625 3303 etiam
1647 3238 1746 3304 tacite
1769 3236 1856 3320 apud
1879 3260 1914 3302 se
1932 3240 2087 3318 fremunt,
2111 3255 2152 3321 et,

161 3328 296 3410 populos
328 3327 551 3393 inhumaniter
583 3335 751 3409 premant,
791 3325 857 3389 imo
898 3346 960 3407 quo
994 3325 1131 3408 quisque
1182 3324 1211 3388 si
1234 3323 1367 3389 daretur
1388 3325 1493 3406 optio,
1525 3323 1664 3388 libenter
1686 3323 1854 3389 abolerent
1875 3324 1999 3390 Christi
2031 3348 2151 3393 memo·

162 3414 267 3498 magis
299 3423 350 3478 est
382 3410 614 3488 formidabilis,
651 3411 826 3511 omniaque
859 3411 1058 3494 ingurgitat,
1092 3433 1129 3477 eo
1183 3410 1283 3474 riam:
1307 3430 1384 3475 vere
1407 3423 1515 3474 tamen
1538 3410 1571 3474 in
1594 3430 1707 3475 omnes
1729 3409 1799 3491 pios
1821 3412 1976 3492 competit
1997 3411 2051 3476 hio
2073 3414 2151 3480 affe·

161 3500 379 3582 praestantior
401 3499 551 3564 habetur.
595 3496 703 3580 Atque
724 3497 753 3562 si
774 3496 814 3561 de
836 3506 904 3561 toto
927 3517 1047 3580 genere
1069 3497 1129 3562 hu·
1183 3504 1274 3572 ctus,
1309 3516 1377 3560 non
1408 3494 1505 3561 modo
1535 3496 1610 3578 quia
1639 3495 1779 3560 terrenis
1809 3496 1989 3579 quibusque
2020 3499 2151 3582 regibus

162 3605 260 3649 mano
284 3585 447 3668 proverbii
471 3587 541 3650 vice
563 3583 726 3650 celebrata
747 3583 810 3647 fuit
831 3583 1011 3660 sententia,
1039 3582 1130 3647 nulla
1182 3582 1326 3647 officium
1349 3580 1411 3647 hoc
1433 3583 1592 3665 praestari
1614 3582 1705 3647 iubet
1726 3581 1898 3664 scriptura,
1921 3581 1977 3646 scd
2000 3585 2076 3665 quia
2094 3605 2150 3666 pc·

161 3692 198 3735 re
220 3671 326 3752 magis
348 3670 522 3736 ad.Dcum
544 3669 696 3735 accedere
718 3669 881 3749 mortales,
902 3689 1001 3752 quam
1030 3669 1129 3734 bene·
1182 3666 1297 3734 culiari
1313 3667 1421 3733 studio
1437 3679 1470 3732 et
1484 3689 1563 3733 cura
1581 3669 1673 3750 tangi
1692 3666 1811 3732 debent
1829 3668 2029 3751 propagandi
2051 3671 2150 3735 huius

161 3757 307 3822 ficentia:
331 3757 489 3821 virtutem
514 3755 599 3820 hanc
622 3755 657 3819 in
679 3754 812 3839 regibus
834 3776 900 3820 non
922 3754 1057 3838 fulgere,
1080 3755 1128 3819 ni·
1181 3754 1293 3838 regni,
1322 3752 1357 3818 in
1386 3774 1449 3836 quo
1478 3764 1512 3818 st
1541 3752 1662 3818 relucet
1683 3752 1748 3817 Dei
1775 3755 1943 3831 maiestas,
1973 3763 2006 3818 et
2035 3775 2149 3820 eorum

161 3843 225 3907 mis
241 3842 419 3908 absurdum
439 3855 498 3924 est,
517 3861 597 3923 quos
614 3840 676 3907 sibi
688 3840 779 3906 Dens
797 3842 932 3924 propius
950 3841 1127 3906 coniunxit.
1181 3840 1271 3906 salus
1300 3861 1338 3904 ac
1370 3838 1506 3904 felicitas
1539 3838 1665 3903 inclusa
1698 3853 1765 3902 est:
1798 3837 1935 3921 ideoque
1967 3838 2150 3906 videbimus

161 3927 274 4008 Quare
295 3949 360 3993 non
385 3929 443 3993 abs
465 3948 500 3992 re
521 3927 648 4004 David,
677 3937 715 3992 ut
744 3948 854 4011 regem
878 3926 1039 3992 divinitus
1061 3927 1126 3991 ele·
1180 3925 1267 3992 Psal.
1292 3924 1354 3989 118
1377 3922 1530 4008 precandi
1552 3925 1690 3989 lormam
1713 3925 1771 3987 toti
1790 3924 1943 3990 ecclesiae
1965 3922 2090 4005 dictari,
2113 3934 2150 3991 ut

161 4023 252 4079 ctum
275 4012 447 4079 amabilem
471 4011 601 4090 reddat,
632 4032 697 4077 non
725 4013 821 4077 modo
851 4013 993 4078 iustitiae
1019 4025 1052 4078 et
1074 4034 1127 4078 ae·
1180 4012 1272 4077 Deus
1304 4031 1415 4095 regem
1446 4011 1534 4074 hunc
1566 4009 1753 4075 benedicat:
1789 4030 1854 4074 non
1888 4010 1972 4093 quod
2004 4010 2151 4094 indigeat

161 4101 296 4183 quitatis
318 4098 483 4166 custodem
507 4099 576 4164 lore
599 4098 687 4182 dicit,
709 4097 767 4163 sed
789 4099 869 4165 adeo
891 4098 1071 4164 humanum
1095 4110 1128 4164 et
1180 4097 1345 4181 suffragiis
1363 4098 1484 4161 nostris
1503 4094 1674 4161 Christus:
1696 4093 1753 4161 sed
1771 4093 1834 4162 hoc
1853 4095 1983 4177 pietatis
2001 4099 2149 4163 testimo·

161 4185 413 4256 misericordem,
431 4200 467 4249 ut
479 4185 766 4268 contemptissimis
780 4185 962 4268 quibusque
978 4198 1128 4267 paratum
1181 4185 1271 4248 nium
1294 4184 1409 4247 merito
1431 4181 1534 4265 exigit
1557 4201 1576 4245 a
1598 4181 1665 4247 suis
1686 4181 1883 4261 cultoribus,
1905 4201 1970 4264 quo
1992 4183 2090 4248 etiam
2114 4206 2163 4249 se.

160 4272 205 4336 sit
227 4270 261 4336 in
284 4293 321 4337 eo
343 4270 551 4353 praesidium,
574 4270 659 4353 quod
683 4271 717 4334 in
740 4271 873 4355 regibus
895 4272 994 4335 nimis
1016 4292 1127 4335 rarum
1168 4278 1354 4334 exerceant
1375 4266 1416 4333 ad
1440 4266 1673 4351 postulandum
1695 4267 1788 4351 regni
1810 4268 1874 4333 Dei
1896 4267 2083 4333 adrentum.

160 4369 220 4436 est,
243 4357 299 4439 qni
321 4356 495 4441 splendore
516 4377 575 4421 suo
597 4356 760 4422 excaecati
792 4357 888 4441 longe
910 4377 946 4421 se
964 4377 983 4419 a
1001 4360 1128 4421 miseris

161 4441 363 4508 subducunt:
391 4463 429 4510 ac
450 4445 478 4508 si
501 4462 581 4506 cura
602 4441 684 4509 haec
706 4463 766 4507 sua
788 4442 949 4527 dignitate
970 4454 1055 4507 esset
1076 4443 1127 4505 in·
1268 4440 1318 4505 16.
1342 4439 1417 4503 Erit
1433 4439 1545 4522 palma
1567 4439 1666 4504 tritici
1693 4441 1729 4504 iu
1757 4444 1841 4505 terre
1871 4439 1907 4504 iu
1934 4440 2034 4520 eapite
2062 4460 2150 4505 moa·

160 4527 260 4593 ferior
282 4542 315 4594 et
336 4528 483 4613 indigna.
528 4528 629 4611 Atqui
654 4529 848 4612 sanguinem
871 4528 1050 4612 plebeium,
1072 4527 1129 4611 qui
1180 4528 1276 4606 tium,
1304 4525 1491 4592 mumtietur
1511 4525 1593 4590 sieut
1614 4525 1733 4591 Libani
1752 4525 1874 4607 fruetus
1902 4525 1986 4603 eius,
2013 4530 2042 4591 et
2067 4545 2149 4608 epre-

160 4613 238 4679 vilis
260 4635 331 4680 esse
353 4614 444 4693 solet,
466 4635 504 4681 ao
526 4636 585 4698 pro
607 4613 709 4679 nihilo
730 4615 798 4680 fere
820 4613 910 4692 duci,
933 4613 1018 4696 apud
1042 4615 1129 4677 bunc
1181 4614 1309 4679 dieutm
1329 4632 1367 4676 ea
1388 4609 1463 4676 urbe
1483 4611 1578 4692 quasi
1593 4611 1707 4693 plaute
1727 4616 1837 4676 terrae.
1874 4611 1923 4675 17.
1946 4610 2021 4675 Erit
2039 4630 2150 4678 uomere

162 4698 311 4765 divinum
334 4722 445 4784 regern
469 4720 598 4766 summo
620 4699 654 4765 in
677 4699 782 4783 pretio
808 4698 1012 4766 foreDavid
1034 4720 1129 4782 prae·
1183 4700 1251 4763 eius
1266 4699 1302 4763 iu
1318 4695 1484 4780 aemulum,
1506 4716 1608 4762 coram
1622 4697 1687 4763 sole
1701 4696 1934 4779 propagabitur
1948 4716 2055 4761 nomeu
2072 4697 2148 4775 eius,

162 4784 256 4851 dicat.
301 4786 493 4852 Constantia
523 4789 622 4850 etiam
651 4799 685 4850 et
713 4787 968 4870 magnanimitas
1000 4798 1131 4851 notatur
1183 4783 1403 4850 etbeueeiieeut
1424 4801 1458 4846 se
1481 4783 1518 4846 ia
1538 4803 1570 4848 ee
1593 4802 1700 4847 omues
1718 4788 1831 4864 prutes,
1865 4781 2036 4846 etbeetem
2050 4802 2149 4864 prae·

161 4870 196 4933 in
219 4872 634 4954 verhoredimeadisqnia
657 4871 948 4948 nonsatisesset,
971 4871 1128 4953 reginen
1183 4868 1330 4935 dicabunt
1355 4868 1456 4934 ilium
1501 4868 1551 4934 18.
1578 4867 1767 4933 Beuedietus
1788 4866 1905 4932 lebera
1926 4867 2029 4946 Deua,
2058 4866 2149 4933 Deus

161 4955 288 5036 placere
309 4957 442 5023 fraudes
464 4969 497 5022 et
519 4959 658 5041 rapinas,
681 4958 744 5024 nisi
762 4978 799 5023 se
818 4954 982 5025 vindicem
1001 4957 1132 5022 fortiter
1185 4954 1304 5039 Israel,
1332 4954 1454 5034 faeieus
1480 4953 1643 5018 mirabilia
1667 4954 1762 5018 sotus.
1809 4952 1859 5018 19.
1889 4952 1933 5018 Et
1961 4951 2149 5018 benedictam

161 5095 365 5106 -η
1183 5061 1292 5107 uomea
1311 5040 1432 5122 pieriae
1454 5039 1522 5104 eius
1549 5040 1584 5103 iu
1605 5039 1780 5120 suatum,
1808 5044 1835 5102 et
1857 5040 2016 5122 repleatur
2042 5038 2148 5121 aleria

249 5161 278 5242 f)
294 5162 316 5216 ll
334 5163 381 5233 luy
399 5163 529 5230 docuere,
552 5177 586 5216 eu
608 5177 712 5232 meree:
743 5178 777 5217 ca
798 5178 833 5216 on
856 5163 903 5233 lay
921 5163 1049 5230 donnera,
1072 5171 1133 5234 etc,
1184 5131 1253 5229 effus
1273 5124 1628 5225 ‘'mmmm‘'„Amm
1649 5129 1676 5189 ⁰5
1697 5144 1796 5190 amen·
1841 5125 1893 5189 2⁰·
1915 5124 2049 5190 mium
2078 5145 2145 5190 Μ’

161 5248 196 5285 on
214 5248 314 5300 priora,
333 5241 393 5299 eta,
410 5248 446 5286 on
464 5233 566 5286 henim.
668 5246 672 5253 ·
1184 5221 1280 5282 isonat
1298 5209 1441 5277 Davtdw
1457 5209 1522 5291 filet
1543 5210 1625 5274 Isat-
