4658 5856
227 336 292 403 539
1063 333 1280 402 PSALMUS
1303 333 1377 398 LV.
2157 334 2223 399 540

229 527 361 592 Interea
383 525 559 591 tenendum
586 534 646 600 est,
676 524 771 589 urbes
794 523 839 587 ita
862 522 1002 596 vitiatas,
1032 532 1065 589 et
1086 522 1197 606 pravis
1249 543 1308 588 suo
1337 523 1390 589 hio
1420 524 1599 608 compellet.
1644 523 1710 590 Ubi
1738 532 1846 587 autem
1878 522 2027 589 videmus
2056 520 2220 587 Davidem

229 611 372 677 moribus
400 609 549 689 imbutas,
580 630 645 675 nou
672 609 775 674 solum
798 609 1028 692 imprecatione
1050 606 1195 684 Davidis,
1249 629 1312 672 non
1343 609 1439 674 modo
1466 611 1564 675 fuisse
1587 610 1619 673 vi
1642 619 1753 692 aperta
1775 621 2008 692 oppugnatum,
2039 607 2096 671 sed
2119 607 2220 672 etiam

229 697 285 763 sed
323 699 455 781 spiritus
495 697 598 763 sancti
632 694 751 761 iudicio
785 695 819 759 in
855 705 1024 759 aeteruum
1057 695 1195 758 exitium
1248 694 1406 759 malitiose
1428 695 1593 779 proditum
1616 696 1656 761 ab
1674 695 1796 772 amicis,
1818 697 1852 758 in
1875 695 1944 759 eius
1966 714 2105 778 persona
2127 692 2221 758 uobis

228 783 392 848 devoveri.
1248 779 1437 864 depingitur
1474 783 1603 864 piorum
1642 780 1789 845 omnium
1820 779 1977 860 conditio,
2016 790 2052 844 ιιι
2085 781 2220 862 quisque

1248 876 1395 931 nostrum
1418 867 1457 931 ad
1482 866 1689 932 subeundum
1712 865 1774 929 hoo
1795 865 1917 948 duplex
1939 875 2105 933 certamen
2126 885 2219 946 para·

316 954 365 1018 13.
390 951 476 1018 Certe
497 973 558 1017 non
579 952 726 1016 inimicus
746 951 909 1033 opprobrio
925 971 972 1014 me
989 952 1097 1032 affecit,
1120 972 1197 1016 nam
1248 964 1301 1016 tus
1330 952 1382 1016 sit.
1428 953 1501 1016 Non
1531 956 1620 1016 euim
1650 950 1767 1036 gladiis
1790 959 1917 1015 tantum
1940 962 1973 1021 et
1995 950 2149 1015 caedibus
2170 971 2220 1015 ee-

227 1037 500 1124 snstinnissem:*)
518 1058 579 1103 non
596 1038 801 1102 adversarias
813 1037 1030 1119 mopuidcotns
1046 1042 1196 1120 ancupes
1247 1037 1378 1102 clesiam
1413 1037 1477 1103 Dei
1511 1037 1614 1104 Satan
1649 1038 1798 1114 infestat,
1840 1037 1896 1100 sed
1929 1037 2087 1104 subornat
2120 1037 2219 1100 etiam

228 1148 290 1200 me,
319 1146 393 1190 nour
421 1144 469 1187 me
498 1123 725 1189 abscondissem
753 1121 792 1187 ob
820 1121 920 1206 enee)
967 1123 1016 1187 14.
1049 1122 1099 1188 Tn
1126 1144 1195 1188 uero
1247 1123 1357 1188 hostes
1386 1122 1579 1189 domesticos
1608 1123 1663 1207 qui
1693 1143 1765 1187 eam
1796 1143 1853 1203 per
1874 1121 2010 1187 insidias
2032 1135 2065 1184 ct
2087 1122 2218 1186 fraudes

228 1211 319 1276 bomo
346 1210 514 1275 secundnm
544 1209 686 1273 ordinem
714 1229 824 1286 mentm
853 1208 919 1273 dnn
944 1229 1031 1273 mens
1051 1214 1078 1272 ef
1098 1209 1195 1290 fomi-
1247 1208 1444 1273 adoriantur.
1496 1208 1592 1289 Quod
1621 1229 1726 1293 genus
1756 1208 1915 1286 hostium,
1948 1213 2002 1288 (ut
2031 1207 2111 1273 dicit
2141 1207 2219 1271 Ber·

227 1297 321 1361 liaris
338 1314 434 1359 metis.
466 1295 515 1360 15.
532 1295 595 1375 Qut
612 1293 708 1359 sing
724 1295 862 1360 suaviter
872 1293 1056 1375 fruebamur
1072 1299 1194 1372 secreto,
1248 1294 1382 1381 nardus)
1405 1316 1509 1378 neque
1530 1297 1643 1379 fugere
1664 1315 1769 1375 neque
1789 1295 1903 1376 fugare
1921 1293 2026 1359 datur.
2062 1292 2218 1376 Quisquis

228 1382 263 1447 in
292 1382 415 1447 domum
441 1380 507 1445 Dei
535 1380 659 1445 ibamus
686 1381 722 1445 in
750 1381 898 1445 societate.
952 1380 1000 1445 16.
1034 1379 1084 1444 Sit
1110 1400 1196 1446 more
1247 1390 1355 1445 autem
1379 1379 1432 1447 hic
1454 1381 1562 1463 fuerit,
1593 1382 1697 1463 primo
1721 1378 1829 1443 David
1852 1400 1927 1444 eum
1950 1391 2045 1444 vocat
2067 1378 2218 1461 bominem

229 1468 368 1534 esocfrin
399 1487 493 1550 snper
524 1487 588 1548 cos,
622 1467 807 1533 descendunt
838 1467 873 1530 in
906 1467 1082 1547 sepulcrum
1114 1467 1195 1531 cici:
1245 1468 1299 1531 sni
1320 1467 1452 1550 ordinis,
1475 1468 1522 1533 sic
1544 1468 1631 1531 enim
1654 1476 1740 1615 W
1762 1467 1968 1548 interpretor,
1998 1465 2074 1547 quia
2099 1486 2215 1528 nomeu

226 1555 304 1635 qnia
325 1553 467 1617 malitiae
489 1551 718 1617 indubitando
739 1550 855 1630 emim,
877 1552 913 1616 in
933 1552 1033 1618 medio
1050 1573 1165 1618 eornm.
1246 1553 1478 1617 aestimationis
1509 1573 1574 1618 non
1604 1573 1662 1618 cou
1688 1552 1775 1616 enit:
1808 1551 1878 1615 sive
1909 1551 2038 1635 passive
2070 1563 2218 1614 sumatur

1246 1658 1305 1719 pro
1332 1638 1535 1720 aequalitate,
1565 1638 1636 1703 sive
1663 1639 1768 1702 active
1798 1658 1856 1719 pro
1885 1637 1986 1719 ipsius
2007 1633 2149 1700 Davidis
2170 1637 2218 1699 iu·

314 1724 365 1789 13.
393 1722 494 1808 (Certe
525 1743 585 1787 icon
613 1720 783 1807 inimicus.)
833 1725 1024 1808 Exaggerat
1056 1723 1194 1788 iniuriae
1247 1721 1346 1801 dicio,
1386 1724 1483 1789 sicuti
1524 1723 1655 1806 quidam
1691 1733 1840 1786 vertunt:
1884 1722 1936 1789 Tu
1969 1742 2042 1786 eras
2076 1722 2217 1803 aequalis

227 1813 445 1886 atrocitatem,
485 1830 523 1874 eo
556 1808 640 1891 quod
675 1830 742 1872 non
774 1807 880 1873 solum
913 1809 1049 1892 professi
1083 1809 1195 1872 hostes
1246 1829 1355 1873 meus:
1385 1808 1441 1874 alii
1471 1823 1593 1874 autem:
1624 1808 1765 1873 Perinde
1796 1807 1887 1873 fuisti
1916 1827 1935 1871 a
1964 1828 2016 1870 me
2045 1817 2216 1889 reputatus

227 1897 355 1961 molesti
388 1903 504 1973 esseut,
538 1894 594 1960 sed
623 1895 722 1958 etiam
752 1894 854 1960 fucati
882 1907 915 1959 et
937 1894 1052 1978 perfidi
1080 1894 1193 1959 amici:
1246 1906 1343 1976 atque
1372 1894 1455 1959 altor
1483 1916 1552 1979 ego.
1597 1894 1669 1959 Hoc
1692 1907 1802 1959 autem
1826 1893 1948 1978 optimo
1969 1892 2109 1976 quadrat
2131 1891 2216 1976 quod

225 1983 344 2048 crescit
360 1981 447 2046 enim
465 1980 654 2063 indignitas,
677 1980 733 2044 ubi
752 1982 927 2062 perniciem
945 1983 1038 2047 nobis
1055 1979 1195 2045 moliuu·
1246 1978 1354 2043 David
1384 1992 1551 2062 queratur,
1586 1991 1717 2044 mutuae
1746 1978 1911 2045 societatis
1941 1978 2122 2055 vinculum,
2155 1998 2216 2061 quo

226 2077 281 2131 tur
303 2066 357 2149 qui
381 2068 496 2130 iuvare
515 2065 705 2130 debuerant.
741 2063 805 2130 Sed
824 2066 900 2147 quia
918 2066 1002 2131 male
1020 2066 1194 2148 exponitur
1245 2063 1338 2127 Deos
1369 2064 1516 2130 homines
1546 2068 1631 2130 inter
1660 2088 1694 2131 se
1724 2065 1867 2146 copulat,
1900 2064 2000 2129 fuisse
2029 2066 2214 2146 abruptum.

226 2152 362 2217 verbum
385 2165 479 2234 xm,
502 2173 539 2215 ac
561 2151 590 2215 si
612 2149 732 2215 diceret
750 2149 861 2215 David
877 2171 913 2215 se
931 2152 1093 2234 patienter
1110 2150 1193 2214 latu·
1246 2148 1352 2216 Sicuti
1371 2151 1459 2215 euim
1478 2150 1589 2215 eadem
1608 2152 1706 2216 statio
1722 2151 1842 2217 milites
1857 2152 1892 2214 in
1907 2150 2022 2215 castris
2042 2151 2215 2223 consociat,

227 2258 299 2301 rum
332 2236 430 2302 fuisse
461 2237 490 2301 si
523 2234 676 2318 probrum
710 2235 874 2300 intulisset
908 2248 1041 2320 apertus
1073 2235 1193 2301 hostis:
1245 2235 1293 2300 ita
1315 2237 1350 2300 in
1373 2237 1524 2301 omuibus
1546 2239 1633 2300 vitae
1655 2237 1799 2318 partibus
1821 2256 1960 2320 aequum
1980 2248 2031 2300 est
2050 2250 2088 2299 ut
2106 2255 2215 2301 neces·

226 2321 378 2386 monendi
405 2333 483 2386 sunt
511 2320 655 2398 lectores,
685 2320 793 2403 potius
820 2342 893 2386 eum
924 2322 1077 2405 conqueri
1107 2320 1192 2405 quod
1245 2320 1352 2391 situdo
1375 2332 1408 2388 et
1430 2324 1611 2389 communis
1635 2344 1725 2404 usus,
1748 2343 1919 2387 commune
1941 2323 2040 2387 etiam
2062 2320 2215 2399 officium,

226 2407 289 2472 sibi
317 2407 358 2471 ab
387 2407 521 2473 occultis
551 2405 678 2471 insidiis
700 2426 815 2471 cavere
837 2428 903 2471 nou
925 2409 1075 2490 potuerit.
1120 2409 1192 2491 Ego
1246 2408 1420 2474 amicitiam
1452 2409 1536 2472 iuter
1565 2408 1712 2473 homines
1741 2408 1898 2474 conciliet.
1942 2408 2032 2492 Ergo
2052 2428 2153 2490 quum
2176 2405 2215 2470 ad

227 2493 313 2557 euim
333 2493 557 2574 repetitionem
576 2491 734 2576 expendo,
756 2492 908 2574 fudissem,
926 2499 953 2560 ei
970 2495 1194 2560 abscondissem
1247 2514 1367 2558 munus
1389 2493 1517 2576 aliquod
1541 2493 1603 2557 duo
1623 2494 1721 2558 simul
1743 2506 1908 2570 vocantur,
1933 2495 2022 2559 Deus
2046 2513 2102 2559 eos
2124 2493 2215 2575 quasi

227 2598 282 2657 mc,
315 2578 365 2642 vel
400 2576 610 2643 delituissem.
662 2577 765 2641 Ferre
794 2578 895 2660 igitur
927 2578 986 2646 hoe
1016 2580 1095 2662 loeo,
1129 2601 1193 2643 uon
1247 2578 1315 2644 suis
1333 2579 1484 2662 auspiciis
1502 2579 1682 2662 coniungit,
1700 2592 1737 2644 ut
1754 2581 1898 2644 fraterne
1916 2590 2028 2643 mutuo
2044 2580 2214 2643 seiuvent

225 2665 367 2728 tolerare
389 2663 559 2746 siguificat,
582 2661 639 2727 sed
662 2663 770 2746 potius
792 2663 891 2727 ictum
910 2663 1068 2729 elevando
1090 2664 1194 2748 repel·
1248 2664 1381 2728 Crimen
1421 2684 1499 2747 ergo
1539 2666 1712 2746 proditoris
1749 2665 1810 2729 hac
1843 2663 2088 2730 circumstantia
2119 2677 2215 2747 auget

226 2750 310 2813 lere:
345 2748 431 2832 quod
465 2747 579 2829 gallice
606 2747 759 2825 dicimus,
794 2746 913 2815 Perisse
939 2769 1028 2814 recen
1054 2751 1082 2815 le
1107 2770 1193 2831 coep.
1246 2748 1367 2828 David,
1396 2749 1492 2814 sicuti
1523 2750 1621 2814 etiam
1652 2771 1753 2831 quum
1782 2751 1889 2815 dnccm
1917 2770 2011 2813 suum
2044 2748 2095 2814 vel
2125 2770 2215 2831 praa-

227 2834 313 2899 Nam
335 2854 437 2916 quum
460 2834 500 2897 ad
523 2831 683 2900 cavendos
706 2832 815 2898 hostes
840 2834 958 2899 intenti
980 2836 1092 2913 simus,
1120 2857 1194 2918 pcr-
1247 2837 1365 2901 fectum
1389 2837 1545 2899 nominat.
1583 2836 1693 2900 Tertio
1716 2856 1815 2917 quum
1834 2835 1992 2917 exprobat
2010 2833 2096 2915 quod
2114 2855 2216 2899 secie

227 2920 285 2985 fidi
313 2919 461 2984 homiues
491 2918 530 2983 ad
561 2918 755 2984 laedendum
785 2920 912 2984 facilius
932 2931 1122 3003 penetrant,
1153 2921 1194 2986 si·
1247 2931 1318 2986 tum
1340 2921 1653 2986 communicaverint
1670 2943 1743 2987 cum
1763 2942 1892 2985 summa
1910 2919 2089 2985 dulcedine.
2122 2920 2214 2984 Post·

227 3007 368 3070 molatae
391 3005 551 3071 amicitiae
569 3016 750 3089 praetextu.
784 3005 874 3070 Dicit
892 3007 993 3089 igitur
1009 3029 1075 3072 nou
1093 3006 1196 3072 fuisse
1246 3028 1337 3071 remo
1373 3006 1458 3088 quod
1493 3007 1591 3071 simul
1620 3006 1857 3073 celebraverint
1886 3025 1994 3071 saeros
2023 3018 2213 3070 conventus.

228 3092 364 3168 hostem,
387 3092 480 3156 cuius
501 3091 602 3157 ictum
624 3093 774 3174 excipere
796 3100 924 3175 poterat
947 3092 998 3157 vel
1016 3092 1194 3159 sustinere:
1247 3092 1332 3157 Nam
1354 3106 1436 3174 ψῃ
1463 3093 1578 3176 rapies
1599 3095 1787 3162 societatem
1810 3092 1872 3157 hoc
1894 3091 1964 3158 loeo
1985 3093 2092 3174 potius
2114 3091 2213 3175 sigui·

226 3199 291 3242 non
326 3176 424 3242 fuisse
457 3175 697 3259 adversarium,
731 3197 750 3240 a
782 3177 874 3243 cuius
908 3198 992 3242 noxa
1025 3178 1195 3245 deflectere
1246 3182 1332 3256 ficet:
1363 3177 1415 3264 (ac
1442 3179 1470 3243 si
1500 3178 1631 3258 diceret,
1660 3201 1696 3244 se
1727 3180 1803 3245 huic
1833 3178 1957 3262 perfido
1985 3178 2089 3242 amico
2117 3178 2214 3242 fuisse

227 3274 361 3344 poterat.
396 3260 490 3341 Quod
505 3263 729 3347 mopnificondi
741 3264 877 3327 verbum
890 3263 1021 3346 quidam
1033 3266 1196 3348 accipiunt
1247 3265 1431 3349 proximum
1461 3264 1627 3354 comitem)
1649 3285 1746 3348 quam
1769 3264 1808 3329 ad
1832 3264 1948 3330 turbae
1969 3262 2143 3346 strepitum
2166 3284 2214 3328 re·

225 3369 285 3430 pro
307 3346 415 3412 verbis
444 3349 618 3413 insultare:
653 3369 724 3412 meo
746 3347 864 3413 iudicio
886 3349 984 3413 nimis
1007 3352 1193 3416 restrictum
1247 3352 1325 3416 ferri
1355 3349 1477 3416 debeat.
1530 3350 1703 3418 Caeterum
1733 3351 1793 3416 boe
1822 3349 1938 3414 ultimo
1966 3348 2111 3414 membro
2140 3369 2214 3414 oon·

228 3441 288 3510 est,
318 3433 510 3496 tantundem
540 3434 628 3498 euim
655 3433 744 3497 valet
771 3453 808 3497 ac
829 3433 991 3499 violenter
1012 3457 1047 3500 se
1069 3435 1195 3516 efferre,
1247 3437 1394 3518 queritur
1411 3436 1576 3518 proditum
1598 3459 1633 3503 se
1655 3439 1755 3502 fuisse
1777 3436 1817 3502 ab
1839 3456 1878 3501 eo
1901 3434 2041 3511 homine,
2067 3455 2130 3515 quo
2152 3456 2215 3499 nou

227 3519 280 3583 vel
303 3539 478 3600 exsurgere
500 3528 613 3584 contra
635 3520 774 3600 aliquem
798 3519 935 3584 nocendi
957 3541 1063 3586 causa.
1109 3521 1193 3588 Cou-
1247 3521 1352 3587 solum
1379 3524 1413 3584 in
1436 3523 1575 3585 terrenis
1598 3524 1746 3605 negotiis,
1773 3520 1830 3587 sed
1853 3521 1950 3584 etiam
1972 3520 2007 3583 in
2031 3518 2094 3585 Dei
2116 3519 2214 3594 cultu,

226 3604 375 3686 queritur
403 3604 436 3666 in
466 3624 594 3668 summa
622 3602 740 3683 David,
767 3625 802 3670 se
831 3604 1041 3671 clandestinis
1070 3607 1194 3671 artibus
1248 3607 1334 3672 socio
1363 3616 1458 3688 atque
1488 3608 1586 3671 etiam
1611 3609 1766 3691 magistro
1789 3627 1868 3671 usus
1891 3606 2013 3668 fuerat:
2045 3625 2146 3686 quum
2169 3617 2215 3669 ta·

225 3691 327 3754 fuisse
349 3709 550 3772 oppressum,
573 3690 690 3771 quibus
713 3688 835 3754 nullam
858 3690 1076 3756 defensionem
1095 3713 1193 3775 oppo·
1248 3713 1322 3755 meu
1335 3691 1449 3773 religio
1463 3693 1718 3757 sacratissimum
1738 3692 1780 3755 sit
1799 3692 1963 3755 humanae
1980 3691 2216 3755 coniunctionis

227 3798 303 3840 nere
333 3776 449 3857 potuit.
493 3771 600 3855 Quem
629 3794 707 3840 vero
736 3775 790 3842 hic
811 3777 1012 3860 perstringat
1033 3779 1193 3844 incertum
1250 3776 1426 3841 vinculum.
1459 3775 1591 3842 Interea
1609 3778 1748 3842 sciamus
1766 3775 1914 3841 damnari
1933 3797 1952 3838 a
1970 3777 2089 3857 spiritu
2105 3790 2216 3841 saneto

226 3872 284 3926 est.
336 3860 382 3928 Ut
415 3880 527 3925 eorum
556 3862 736 3925 sententiae
764 3861 964 3928 subscribam
994 3864 1050 3945 qui
1080 3863 1196 3928 volunt
1248 3883 1302 3928 eos
1324 3882 1437 3925 omues
1459 3863 1516 3945 qui
1539 3884 1632 3929 sacra
1650 3874 1787 3927 naturae
1805 3863 1936 3927 foedera
1955 3861 2082 3926 violant
2099 3861 2216 3944 quibus

227 3967 296 4012 esse
326 3945 534 4029 Achitophel,
568 3945 685 4012 adduci
717 3965 859 4028 nequeo:
893 3949 969 4031 quia
998 3958 1086 4013 totus
1119 3971 1194 4016 con·
1247 3957 1342 4012 erant
1369 3947 1456 4011 iuter
1483 3970 1520 4012 se
1549 3948 1699 4013 devincti.
1750 3947 1918 4029 Quaedam
1948 3960 2000 4011 est
2027 3947 2127 4011 totius
2157 3947 2215 4011 hu·

226 4041 339 4096 textus
371 4032 405 4094 iu
435 4032 719 4114 persequutionem
743 4030 899 4097 Absalom
932 4055 998 4097 non
1031 4036 1194 4117 competit.
1246 4035 1333 4098 mani
1360 4034 1490 4116 generis
1511 4035 1665 4099 societas:
1697 4034 1753 4097 sed
1777 4056 1839 4117 quo
1862 4034 1997 4116 quisque
2020 4032 2155 4116 propius
2177 4031 2215 4097 ad

229 4116 326 4196 Quod
349 4116 405 4179 alii
422 4125 541 4199 putant
558 4116 756 4199 proditorem
772 4117 911 4200 aliquem
931 4120 1037 4185 notari
1055 4141 1096 4185 ex
1116 4120 1195 4187 urbe
1247 4143 1305 4184 uos
1330 4118 1463 4198 accedit,
1493 4140 1530 4182 eo
1553 4121 1713 4184 sanctiore
1738 4120 1867 4185 vinculo
1891 4119 1984 4184 nobis
2006 4131 2056 4182 est
2077 4119 2214 4182 coniun-

227 4201 327 4278 Oeila
360 4203 393 4263 in
424 4201 530 4267 medio
559 4201 715 4284 relinquo.
766 4202 963 4286 Quanquam
992 4227 1058 4270 non
1087 4207 1195 4273 miuus
1246 4218 1327 4271 ctus.
1382 4205 1467 4270 Nam
1501 4205 1709 4286 principium,
1743 4206 1826 4287 quod
1855 4204 1998 4288 profanis
2032 4201 2215 4269 homiuibus

227 4285 392 4370 probabile
419 4295 478 4366 est,
507 4307 608 4351 unum
635 4309 676 4352 ex
698 4287 812 4354 aulicis
834 4292 1020 4372 proceribus
1042 4292 1195 4368 accusari,
1246 4290 1447 4374 incognitum
1476 4291 1546 4363 fuit,
1576 4290 1668 4354 nobis
1697 4291 1873 4355 tonandum
1896 4301 1955 4372 est,
1984 4308 2049 4353 non
2073 4290 2214 4367 fortuito,

227 4373 320 4438 cuius
349 4382 463 4436 sancta
484 4392 558 4438 cum
580 4372 710 4437 Davide
731 4375 916 4440 coniunctio
938 4388 970 4440 et
992 4378 1195 4443 familiaritas
1246 4378 1303 4442 sed
1338 4377 1399 4442 Dei
1432 4376 1639 4458 providentia
1671 4378 1755 4452 fieri,
1790 4389 1826 4440 ut
1860 4376 2024 4457 vicinitas,
2056 4377 2215 4459 cognatio,

228 4458 329 4542 vulgo
351 4468 429 4522 nota
450 4466 545 4522 esset.
590 4457 661 4522 Nisi
686 4457 771 4523 forte
792 4461 863 4542 quis
886 4461 926 4525 ad
950 4462 1059 4545 plures
1081 4475 1193 4528 exten·
1248 4463 1374 4528 vocatio
1397 4461 1589 4544 communis,
1613 4461 1760 4526 homiues
1778 4463 1865 4543 ipsos
1883 4462 1970 4525 inter
1988 4480 2024 4526 se
2040 4463 2214 4528 consociet.

228 4545 304 4609 dere
337 4543 398 4609 hoo
431 4543 541 4608 malit:
572 4543 668 4608 sicuti
701 4544 795 4609 facile
828 4547 987 4612 coniicere
1020 4549 1096 4612 lieet
1130 4569 1194 4613 nou
1247 4547 1513 4614 sacratissimum
1536 4558 1645 4611 autem
1667 4559 1716 4611 est
1738 4548 1869 4630 pietatis
1892 4546 2014 4612 foedus.

228 4651 333 4694 unum
360 4628 525 4694 duntaxat
545 4628 645 4693 fuisse
667 4628 893 4714 foedifragum,
921 4633 977 4697 sed
1001 4634 1196 4719 utquisque
1335 4633 1386 4697 16.
1408 4630 1535 4717 (Irniat
1556 4632 1664 4718 mons.)
1698 4633 1770 4697 lam
1792 4643 1904 4697 contra
1921 4642 2024 4697 totam
2042 4630 2215 4699 factionem

228 4716 351 4781 honore
374 4715 525 4797 pollebat,
552 4734 593 4777 ne
617 4715 702 4797 rogis
724 4718 863 4796 gratiam
888 4721 1060 4796 amitteret,
1083 4732 1195 4784 sancto
1247 4718 1429 4794 invehitur,
1460 4738 1563 4800 neque
1587 4733 1694 4783 tamen
1718 4719 1899 4801 promiscue
1921 4718 1982 4782 sub
2004 4717 2067 4783 hac
2097 4721 2214 4803 impre-

227 4803 406 4885 prophetae
431 4802 530 4867 fuisse
551 4798 716 4865 infestum.
762 4800 851 4866 Nihil
875 4825 952 4887 ergo
973 4805 1109 4888 impedit
1131 4826 1195 4888 quo
1248 4805 1375 4871 catione
1408 4812 1512 4868 totum
1549 4804 1704 4886 populum
1740 4805 1895 4879 involvit,
1935 4805 1992 4869 scd
2034 4803 2133 4870 duces
2167 4804 2216 4870 vel

228 4889 337 4952 miuus
366 4887 538 4971 primarios
568 4906 609 4951 ex
638 4887 728 4970 regia
755 4889 886 4953 cohorte
913 4911 1071 4957 unacum
1093 4891 1196 4974 capite
1248 4890 1481 4971 antesignanos
1503 4890 1560 4970 qui
1582 4888 1671 4953 nulla
1692 4890 1730 4953 dc
1749 4911 1846 4955 eausa
1864 4889 1999 4955 sceleste
2016 4911 2091 4955 eum
2111 4912 2216 4975 perse·

1249 4975 1441 5059 quebantur.
1486 4973 1641 5039 Diximus
1664 4986 1773 5039 autem
1794 4976 1870 5039 alibi
1894 4974 2056 5041 Davidem
2081 4999 2147 5042 uon
2171 4978 2217 5042 ita

314 5110 343 5177 ¹⁵)
366 5111 391 5164 io
416 5111 511 5163 l’cusse
537 5109 631 5179 porte,
658 5125 692 5163 cn
714 5124 821 5178 merce.-
848 5127 882 5163 ou
909 5127 988 5165 recen
1015 5119 1043 5166 et
1069 5122 1197 5169 sonstenu
1249 5062 1366 5210 ξιὲἒὲΐυ
1375 5057 2083 5227 ,haslltiissmgoguissiviffigeezffiffiagggaezgl
2116 5084 2215 5216 prag?

230 5177 255 5229 le
273 5194 387 5314 0021*in
406 5263 448 5300 me
465 5249 537 5301 fusse
555 5247 636 5302 cache
654 5248 688 5301 de
706 5249 760 5318 luy,
779 5261 929 5316 minorue.-
946 5266 981 5303 ou
998 5249 1087 5305 donne
1105 5251 1195 5319 garde.
1249 5242 1282 5296 θῐ
1304 5229 1539 5296 mOdel'fltorem
1564 5168 1702 5297 bibebat
1729 5197 1818 5297 illiue
1843 5232 2005 5315 spiritum.
2050 5169 2216 5302 Ntiugefuil
