4658 5856
213 344 277 410 cic
1029 341 1248 410 Psittacus
1269 343 1403 413 XVIII.
2142 337 2208 404 280

214 537 354 604 tentiam
378 533 587 612 descendunt,
616 533 700 618 quod
723 532 830 598 David
853 532 923 598 sola
944 531 1008 596 fide
1029 552 1065 597 se
1087 532 1187 597 fuisse
1238 534 1350 616 procul
1372 534 1520 616 occultat,
1547 536 1601 600 vel
1624 534 1783 601 auxilium
1807 554 1902 600 suuni
1925 531 2044 615 differt,
2078 529 2150 596 ideo
2172 553 2206 596 se

218 624 389 692 suffultum
410 621 506 701 dicat,
534 621 610 704 quia
628 619 747 700 alioqui
766 618 889 684 centies
907 619 1063 701 periisset.
1088 618 1186 684 Hune
1238 619 1347 684 David
1377 619 1418 687 ad
1441 621 1542 686 robur
1563 621 1637 688 colli
1661 621 1781 687 endum
1803 620 1927 699 incitat,
1957 640 1994 684 ae
2016 618 2045 683 si
2068 617 2206 683 diceret:

217 712 320 795 igitur
348 728 481 774 sensum
512 708 662 773 eliciunt:
692 704 765 770 Nisi
787 705 850 769 Dei
872 704 1087 788 promissione
1108 703 1186 769 sub·
1239 703 1276 771 si
1305 706 1366 771 tibi
1394 706 1521 790 obrepit
1550 642 1732 792 trepidatio,
1762 706 1792 771 si
1819 703 1917 770 fidem
1944 714 2037 770 tuam
2066 703 2206 768 tentatio

214 798 326 872 nixus,
360 803 449 860 certo
483 793 667 857 statuissem
703 812 753 853 me
786 789 983 855 incolumem
1018 798 1186 855 servatum
1237 793 1390 872 concutit,
1413 793 1442 858 si
1464 793 1572 858 earnis
1594 802 1670 859 tuae
1692 812 1808 858 sensus
1830 793 1975 869 fluctuat,
1998 811 2040 855 ns
2061 809 2207 856 succum·

213 885 266 959 iri,
297 882 522 960 stetissemque
544 879 579 942 in
602 876 663 942 hac
683 875 764 940 fide:
793 877 975 941 exstinctus
997 895 1096 954 eram,
1125 895 1186 940 nec
1237 878 1314 943 bas:
1350 877 1407 944 sed
1439 879 1546 962 potins
1575 880 1698 945 enitere
1727 876 1923 962 infatigabili
1952 875 2053 941 animi
2075 877 2206 939 virtute.

216 968 395 1051 apparebat
417 965 519 1029 ullum
543 963 732 1027 remedium.
773 960 869 1042 Quod
891 960 1041 1027 nonnulli
1064 970 1185 1026 terram
1238 962 1414 1029 Caeterum
1456 965 1533 1030 hinc
1564 964 1719 1030 discimus
1759 984 1825 1028 nou
1864 961 2069 1029 contumacia
2105 959 2207 1025 fortes

217 1054 371 1120 vivorum
394 1050 434 1116 ad
457 1049 628 1115 coelestem
653 1046 887 1112 haereditatem
911 1048 1064 1122 referunt,
1095 1067 1185 1112 coac·
1238 1069 1308 1115 esse
1331 1051 1394 1115 Dei
1416 1050 1511 1127 lilios,
1539 1051 1596 1116 sed
1619 1049 1786 1136 patientia,
1814 1047 1869 1113 ubi
1893 1049 1964 1114 Dec
1986 1068 2062 1114 snas
2080 1049 2207 1111 animas

217 1148 289 1204 tum
322 1145 381 1212 est,
414 1145 511 1217 atque
541 1134 640 1199 etiam
673 1132 714 1198 ab
742 1155 804 1198 usu
833 1135 1012 1216 scripturae
1040 1133 1184 1198 dissidet.
1237 1134 1362 1217 placide
1384 1135 1629 1201 commendant:
1659 1137 1742 1201 siout
1765 1133 1844 1199 dicit
1866 1134 1988 1200 Iesaias
2010 1133 2062 1211 30,
2086 1133 2140 1198 lc:
2163 1131 2206 1197 In

211 1225 303 1290 'Nam
331 1243 433 1304 quum
461 1219 619 1285 Ezechias
651 1220 861 1300 conqueritur
892 1218 928 1282 iii
961 1237 1020 1283 suo
1050 1220 1185 1293 cantico,
1237 1241 1295 1303 spe
1324 1229 1358 1286 et
1386 1221 1515 1287 silentio
1543 1223 1607 1287 erit
1634 1220 1789 1286 fortitudo
1811 1231 1929 1286 vestra.
1974 1220 2044 1284 Iani
2067 1220 2141 1300 qnia
2164 1217 2206 1282 ad

214 1311 298 1376 Iesa.
322 1307 431 1389 38,11
462 1326 553 1388 spem
582 1306 644 1370 sibi
674 1305 774 1370 fuisse
804 1305 946 1370 ablatam
968 1302 1099 1368 videndi
1122 1302 1186 1366 Dei
1238 1313 1306 1370 tam
1335 1307 1454 1372 arduos
1482 1316 1619 1372 conatus
1651 1308 1801 1373 sufficere
1831 1326 1895 1370 non
1929 1313 2056 1389 poteret
2085 1304 2206 1381 David,

214 1398 251 1463 in
282 1404 369 1459 terra
398 1393 559 1470 vivorum,
594 1403 798 1474 praesentem
837 1391 939 1455 vitam
972 1388 1060 1453 hand
1090 1388 1185 1454 dubie
1237 1392 1336 1457 robur
1365 1393 1426 1459 sibi
1455 1413 1474 1456 a
1502 1393 1575 1458 Deo
1604 1394 1785 1476 precarium
1814 1393 1960 1457 accersit.
2012 1390 2048 1457 Si
2077 1397 2206 1454 tantum

216 1481 375 1563 designat,
398 1478 474 1560 quia
496 1498 574 1540 mox
596 1476 760 1559 sequitur:
782 1475 858 1540 Non
882 1475 1056 1558 adspiciam
1080 1475 1185 1540 homi·
1237 1477 1384 1555 dixisset,
1413 1478 1553 1544 viriliter
1581 1498 1651 1562 age,
1680 1479 1771 1542 visus
1794 1489 1878 1541 esset
1907 1476 1943 1541 in
1966 1476 2109 1541 medium
2132 1495 2207 1559 pro·

214 1587 291 1632 neni
322 1566 408 1629 ultra
437 1582 510 1628 cum
539 1560 778 1628 habitatoribus
807 1561 904 1640 orbis,
933 1570 966 1625 et
993 1560 1109 1625 similis
1138 1562 1185 1624 lo·
1237 1562 1322 1628 ferre
1344 1562 1438 1628 liberi
1460 1564 1586 1630 arbitrii
1608 1565 1659 1630 sni
1682 1571 1801 1642 motus,
1830 1562 1887 1626 sed
1911 1582 2011 1645 quum
2035 1581 2114 1625 mox
2136 1562 2208 1626 vioe

107 1654 115 1669 '
213 1651 334 1736 quendi
371 1652 476 1715 forma
510 1647 573 1712 aliu
601 1648 672 1712 loce
705 1646 798 1712 nobis
828 1656 985 1713 occurret.
1038 1646 1186 1712 Credidit
1237 1649 1446 1715 correctionis
1484 1648 1624 1730 subiicit,
1663 1649 1771 1714 Deum
1810 1656 1941 1729 praesto
1985 1647 2105 1727 adfore,
2150 1646 2208 1729 qui

215 1744 326 1802 autem
348 1734 457 1801 David
488 1754 523 1797 se
545 1733 652 1797 adhuc
683 1733 857 1798 fruiturum
888 1733 1032 1800 bonitate
1054 1733 1118 1796 Dei
1150 1733 1185 1797 iu
1236 1735 1335 1800 robur
1355 1733 1553 1818 suppeditet:
1576 1735 1656 1801 satis
1673 1735 1760 1800 clare
1777 1732 1928 1812 ostendit,
1951 1753 2052 1815 quum
2070 1742 2207 1800 strenue

214 1822 276 1887 hoc
293 1822 428 1898 mundo,
450 1820 526 1902 quia
543 1819 632 1883 omni
650 1820 777 1902 gratiae
795 1819 864 1883 eius
882 1828 981 1902 gustu
999 1819 1039 1883 ad
1058 1829 1185 1902 tempus
1236 1819 1386 1885 laborant
1423 1822 1537 1899 sancti,
1578 1820 1685 1887 aliona
1716 1820 1839 1887 virtute
1880 1839 2035 1903 pugnare.
2091 1818 2208 1900 Neque

213 1908 362 1990 privatus
391 1906 515 1970 nnllam
542 1905 624 1969 lucis
651 1903 827 1969 scintillam
861 1905 1026 1987 adspicere
1049 1912 1185 1988 poterat.
1237 1905 1335 1985 enim,
1364 1914 1401 1970 ut
1422 1908 1552 1991 fingunt
1573 1906 1729 1990 papistae,
1759 1906 1792 1970 in
1823 1905 1962 1986 primam
1984 1905 2087 1971 aciem
2109 1922 2208 1969 oona·

216 1994 307 2076 Ergo
337 2014 379 2057 ex
408 1991 524 2056 mortis
552 1989 693 2074 ealigine
722 1989 783 2054 sibi
813 1993 937 2074 gratiae
961 1988 1023 2055 Dei
1053 1990 1185 2072 adspec-
1236 1999 1307 2056 tum
1329 2011 1425 2056 sunm
1454 1993 1574 2057 emittit
1596 1991 1715 2069 David,
1740 2000 1855 2076 postea
1876 1989 1940 2055 Dei
1962 1989 2127 2073 suppetias
2149 1989 2208 2053 ad·

218 2090 291 2144 tum
320 2077 478 2160 promisit,
516 2083 550 2139 et
579 2075 640 2142 hac
675 2073 739 2140 fide
767 2076 923 2141 sustinuit
951 2096 1044 2140 suam
1075 2076 1185 2155 vitam,
1236 2084 1346 2143 vocat:
1378 2077 1434 2142 sed
1463 2077 1520 2144 ubi
1548 2099 1583 2144 se
1611 2076 1651 2141 ad
1680 2077 1822 2143 officium
1856 2075 2006 2142 hortatus
2038 2084 2097 2154 est,
2130 2074 2209 2157 quia

216 2164 368 2247 quamvis
396 2159 576 2228 secundum
606 2160 713 2227 carnis
742 2181 876 2226 sensum
906 2160 1073 2244 deplorata
1100 2167 1185 2226 esset
1235 2160 1361 2228 viribus
1400 2185 1435 2229 se
1468 2162 1602 2230 destitui
1642 2163 1798 2246 agnoseit,
1841 2159 1985 2228 defectus
2025 2159 2208 2228 remedium

214 2269 254 2315 ae
283 2248 420 2331 perdita.
470 2245 661 2311 Notandum
693 2255 802 2310 amen
835 2255 893 2324 est,
922 2246 1086 2313 Davidem
1119 2266 1184 2311 non
1235 2247 1364 2329 quaerit
1385 2248 1420 2313 in
1442 2249 1578 2334 spiritus
1599 2248 1714 2333 gratia.
1754 2248 1826 2313 Iam
1849 2247 1926 2329 qnia
1947 2255 2016 2312 tota
2036 2247 2107 2312 vite
2127 2247 2208 2312 seic-

216 2345 340 2400 temere
362 2352 568 2417 progressum
592 2353 662 2398 esse
684 2332 892 2415 ultraquam
913 2332 1078 2417 pollicitus
1100 2341 1185 2397 esset
1235 2332 1292 2399 bat
1320 2334 1529 2400 militandum
1558 2354 1638 2412 esse,
1673 2355 1711 2402 ac
1740 2331 1878 2402 subinde
1905 2352 2073 2416 emergere
2100 2352 2208 2397 novos

214 2421 315 2486 Deus.
370 2418 515 2484 Tametsi
554 2419 638 2483 enim
683 2417 785 2500 pietas
818 2419 1046 2499 promissiones
1086 2416 1184 2482 habet
1235 2418 1413 2497 conflictus,
1455 2432 1489 2485 et
1528 2441 1623 2504 saepe
1662 2420 1698 2484 in
1731 2419 1867 2500 longum
1906 2427 2037 2501 tempus
2076 2417 2208 2482 extrahi

215 2527 280 2571 non
314 2514 443 2569 tantum
477 2505 606 2569 futurae
640 2503 737 2578 vitae,
771 2503 827 2567 sed
861 2504 960 2568 etiam
993 2504 1184 2586 praesentis,
1236 2511 1422 2570 sanctornm
1451 2506 1625 2585 molestias,
1664 2507 1782 2572 iterum
1816 2504 1935 2586 repetit
1962 2503 2048 2588 quod
2078 2502 2210 2568 dixerat

213 2589 324 2657 David
356 2599 466 2655 tamen
505 2610 672 2670 nunquam
710 2588 796 2653 hanc
832 2589 1029 2674 hypothesin
1055 2609 1184 2654 sumere
1236 2588 1276 2652 de
1298 2590 1516 2674 exspectando
1533 2591 1614 2657 Deo.

214 2698 314 2743 ausus
342 2684 436 2752 esset,
466 2675 530 2739 nisi
559 2673 691 2756 speciali
714 2672 821 2754 aliquo
843 2674 973 2738 oraculo
995 2673 1183 2750 instructus,

215 2771 250 2827 et
271 2768 359 2827 certe
380 2760 562 2842 promissus
584 2769 654 2823 erat
676 2758 707 2824 ei
734 2779 900 2825 successor
921 2759 977 2842 qui
999 2780 1127 2842 semper
1148 2760 1182 2822 iii

217 2846 300 2913 solio
340 2845 409 2908 eius
447 2843 586 2908 sederet.
640 2843 762 2909 Merito
800 2844 910 2927 itaque
949 2864 984 2910 se
1016 2864 1183 2928 nunquam

213 2932 409 3030 moriturum
433 2928 586 3011 speravit,
614 2928 677 2994 nisi
701 2928 761 3029 hoc
782 2929 955 3031 completo.
993 2929 1113 3030 ‘Quare
1141 2950 1183 3030 ne
1520 2963 1726 3036 PSALMUS
1749 2966 1925 3034 XXVIII.

212 3037 287 3099 quis
326 3024 534 3099 praepostera
577 3013 718 3100 exempli
761 3034 845 3098 eius¹
884 3024 1065 3081 imitatione
1109 3015 1184 3081 fidei

212 3110 319 3167 metas
341 3100 531 3178 transsiliat,
573 3112 684 3166 tenere
717 3101 874 3167 convenit
906 3100 983 3184 quid
1016 3101 1086 3184 ipse
1109 3122 1183 3184 pro·
1236 3159 1321 3215 Am·
1341 3161 1429 3216 David
1455 3167 1598 3231 postqum
1624 3177 1676 3231 ope
1702 3163 1811 3217 Domini
1836 3179 1871 3218 Η
1897 3163 2054 3232 ingentibus
2078 3165 2210 3234 pomp,

214 3188 323 3270 prium
351 3198 384 3252 et
413 3207 433 3252 a
463 3186 555 3252 nobis
582 3196 768 3270 separatum
798 3186 956 3253 habuerit.
1001 3187 1041 3252 In
1064 3207 1184 3270 genere
1340 3238 1451 3300 ereptus
1474 3231 1571 3296 iuerat,
1595 3247 1644 3285 m
1661 3247 1737 3286 more
1754 3233 1872 3300 primum
1890 3248 1960 3301 qm
1976 3232 2050 3287 ieter
2067 3250 2102 3286 en
2155 3236 2210 3286 ces

212 3281 324 3338 tamen
361 3293 421 3337 ¹¹⁰⁸
441 3293 569 3371 -Pmnefl
606 3292 737 3355 ⁸P⁰¹⁸¹⁰
771 3285 908 3355 ⁰P⁰ft⁰h
941 3274 1094 3372 quami}
1116 3294 1183 3373 ‚⁰⁰¹²
1339 3305 1501 3368 conceperat
1526 3306 1597 3364 vote,
1623 3298 1722 3354 deinde
1747 3301 1956 3369 gratulationem
1981 3307 2011 3355 et
2036 3301 2087 3355 Dei
2124 3301 2211 3355 audes

213 3372 325 3443 aperte
354 3379 414 3422 nos
442 3357 560 3422 liberet
581 3356 682 3435 Deus,
715 3368 747 3422 et
776 3357 921 3424 favorem
943 3379 1041 3425 sunm
1063 3359 1185 3426 visibili
1339 3368 1507 3437 oensecpsit,
1533 3373 1564 3422 ut
1590 3367 1657 3422 ehoe
1680 3385 1729 3423 sue
1758 3370 1882 3438 exemplo
1908 3368 1943 3423 ed
1972 3369 2046 3424 idem
2071 3369 2210 3439 egenam

213 3444 311 3509 modo
345 3443 495 3520 declaret,
536 3443 712 3526 propitium
754 3453 863 3507 tamen
896 3444 931 3508 in
965 3444 1026 3508 hac
1058 3464 1184 3529 quoque
1338 3436 1493 3519 adduceret
1529 3437 1674 3518 Probabile
1696 3441 1786 3494 autem
1813 3446 1856 3492 eet
1879 3438 1913 3491 de
1931 3436 2004 3492 Sauli
2021 3439 2210 3507 persequutio·

215 3529 288 3594 vita
310 3547 439 3608 semper
460 3526 553 3593 nobis
573 3529 652 3591 fore.
1338 3506 1419 3559 mbas
1436 3505 1480 3560 1¹10
1496 3512 1618 3561 masan.

303 3614 354 3678 14.
376 3611 547 3764 ffcspccta
575 3610 743 3695 Iehcccm.)
786 3611 939 3678 Dubitari
969 3621 1074 3695 potest
1101 3634 1186 3679 aiis

187 3723 252 3768 ·se
282 3700 353 3785 ipso
410 3698 486 3763 aiid
508 3717 692 3763 sermonem
722 3697 763 3761 ad
793 3698 874 3762 alios
903 3707 1083 3777 convertat,
1110 3720 1186 3764 suo·
1321 3684 1471 3751 Dssffdl'f·
1517 3687 1546 3749 1·
1579 3685 1633 3750 Ad
1664 3690 1692 3750 tf
1726 3685 1844 3752 1dest
1876 3686 2025 3767 dllmflbb
2056 3685 2209 3769 imm

215 3808 282 3870 qne
300 3785 449 3868 exemplo
467 3804 523 3850 eos
542 3782 690 3848 hortetur
707 3783 748 3848 ad
766 3783 990 3848 fortitudinem
1010 3794 1042 3847 et
1060 3784 1187 3865 patien·
1236 3789 1314 3847 tm,
1335 3791 1374 3836 tw
1394 3775 1495 3836 &⁶00⁸
1517 3790 1538 3834 α
1558 3790 1623 3869 tlte?
1648 3771 1778 3872 ffffrff
1793 3772 1890 3838 filfai
1910 3793 1932 3838 α
1952 3793 2010 3855 ”⁸³2
2031 3777 2106 3872 Q
2126 3774 2208 3838 Μ’

215 3874 281 3938 tiae
311 3870 538 3948 constantiam,
568 3869 653 3935 sicut
674 3869 709 3933 in
732 3870 796 3933 fine
818 3867 943 3936 Psalmi
965 3868 1017 3946 31,
1041 3869 1081 3935 19
1103 3879 1187 3951 pcst·
1236 3855 1368 3921 masth&
1389 3855 1635 3922 &SWWW
1658 3876 1692 3921 Μ
1713 3858 1898 3937 δθΜθΝΜ·
1943 3859 1974 3924 2·
1996 3856 2088 3924 Audi
2107 3877 2209 3923 ’mem

215 3977 313 4040 quain
346 3957 385 4021 de
414 3977 448 4021 se
471 3956 624 4038 privatim
646 3954 798 4039 loquutus
826 3962 885 4034 est,
913 3955 1089 4021 transitum
1112 3955 1187 4019 facit
1232 3947 1448 4023 mimum
1478 3960 1622 4005 mmm
1654 3942 1730 4040 {lum
1762 3944 1860 4042 θῑαηξθ
1891 3943 1995 4021 “dic
2028 3945 2106 4009 dum
2133 3943 2209 4010 ΜΗΘ

215 4039 257 4106 ad
280 4061 393 4105 omnes
421 4042 500 4123 pios,
545 4038 611 4106 Sed
633 4042 709 4123 quia
739 4039 792 4107 hic
813 4040 848 4105 iii
871 4041 1028 4125 singulari
1052 4061 1187 4106 numero
1236 4046 1351 4093 mam
1371 4047 1456 4091 ”¹0⁰8
1478 4026 1520 4090 ad
1541 4045 1721 4092 swanum
1741 4034 1915 4094 Samiam
1934 4033 2015 4095 ivae·

215 4126 370 4210 loquitur,
404 4146 463 4190 nec
493 4125 593 4191 ullam
623 4138 734 4191 notam
762 4125 897 4208 apponit
920 4127 1006 4191 uude
1035 4126 1186 4209 colligere
1545 4163 1550 4171 ·

217 4212 314 4279 hceat
342 4231 525 4277 sermonem
555 4211 595 4275 ad
625 4211 707 4275 alios
730 4211 880 4294 dirigere,
910 4211 990 4275 mihi
1022 4211 1186 4294 probabile
1326 4218 1353 4277 1.
1375 4211 1443 4297 (Ad
1463 4217 1490 4277 te
1512 4212 1626 4278 lebeta
1646 4214 1712 4299 etc.)
1754 4217 1930 4283 Praefatur
1955 4217 2017 4283 sibi
2038 4224 2209 4300 receptum

216 4306 276 4375 est,
299 4317 373 4361 euin
396 4295 458 4359 sibi
482 4296 545 4378 ipsi
568 4293 686 4361 addere
713 4296 861 4361 stimulos
883 4294 924 4359 ad
952 4295 1116 4378 fiduciam,
1146 4318 1186 4362 ne
1238 4319 1309 4366 esse
1331 4296 1373 4364 ed
1395 4298 1492 4363 unius
1509 4297 1573 4363 Dei
1591 4320 1694 4383 opem,
1718 4322 1780 4383 quo
1797 4310 1865 4367 tam
1888 4302 1928 4368 de
1946 4301 2010 4368 fide
2029 4322 2090 4367 sua
2107 4322 2208 4386 quem

215 4402 361 4465 unquam
394 4381 503 4444 animo
530 4380 683 4446 labascat.
728 4380 814 4462 Quia
841 4381 929 4445 enim
958 4383 1019 4448 sibi
1046 4382 1185 4447 infirmi·
1237 4384 1278 4449 de
1310 4385 1395 4450 bona
1435 4384 1631 4448 conscientia
1664 4394 1811 4453 testetur.
1867 4389 1941 4454 Etsi
1974 4388 2063 4454 euim
2094 4387 2210 4454 multis

215 4468 294 4534 tatis
316 4475 387 4533 erat
405 4466 564 4545 conscius,
585 4466 723 4531 salutem
742 4487 820 4532 vero
842 4486 935 4532 suain
958 4479 1103 4545 noverat,
1126 4466 1186 4532 sub
1237 4470 1358 4551 passim
1385 4468 1527 4534 miseriis
1549 4468 1699 4536 laborant
1727 4471 1885 4552 homines,
1907 4476 1966 4539 vix
1996 4484 2108 4539 tamen
2129 4494 2210 4539 cen·

217 4553 293 4622 fidei
317 4552 463 4619 custodia
484 4561 649 4615 servatam
671 4571 752 4629 esse,
780 4557 963 4634 opportune
985 4573 1020 4618 se
1041 4554 1077 4617 iii
1099 4553 1185 4617 futu·
1237 4556 1373 4620 tesimus
1394 4554 1529 4636 quisque
1552 4554 1592 4619 ad
1615 4555 1722 4622 Deum
1745 4561 1903 4642 confugit:
1928 4558 1985 4625 sed
2007 4560 2111 4625 maior
2129 4563 2224 4642 pars

217 4661 293 4706 rum
323 4648 452 4720 tempus
474 4637 654 4702 confirmat.
698 4637 803 4702 Porro
833 4637 894 4703 sub
923 4636 1024 4703 verbo
1045 4639 1186 4720 Exspec
1237 4640 1289 4706 vel
1322 4641 1471 4705 fraenum
1495 4642 1729 4707 contumaciter
1751 4645 1885 4722 arrodit,
1928 4644 1980 4710 vel
2018 4644 2054 4709 in
2093 4657 2208 4710 acrem

219 4723 311 4791 tandi
337 4745 372 4790 se
406 4721 558 4786 admonet
588 4721 627 4786 de
661 4722 754 4786 novis
787 4723 961 4800 exercitiis,
994 4743 1187 4805 crucemque
1237 4725 1361 4808 spargit
1400 4725 1514 4788 inanes
1554 4725 1707 4806 ululatus,
1756 4729 1811 4795 vel
1854 4729 2080 4813 desperatione
2119 4731 2210 4796 victa

219 4812 279 4878 sibi
303 4808 504 4876 tolerandam
526 4806 688 4890 proponit.
711 4807 803 4872 Tunc
820 4807 909 4872 enini
927 4807 1037 4873 Deum
1055 4827 1186 4891 exspec-
1238 4810 1331 4875 malis
1364 4810 1560 4875 succumbit:
1600 4813 1676 4894 quia
1708 4820 1742 4878 et
1774 4835 1888 4880 omnes
1918 4815 1987 4882 fere
2024 4816 2086 4880 sibi
2120 4816 2210 4880 male

218 4907 291 4962 tare
314 4896 463 4974 dicimur,
491 4893 547 4958 ubi
569 4892 729 4958 subducta
750 4893 856 4975 gratia
878 4913 937 4958 sua
953 4893 1110 4977 languere
1127 4914 1186 4959 nos
1237 4894 1357 4960 conscii
1380 4905 1465 4973 sunt,
1491 4915 1596 4978 neque
1625 4918 1768 4982 unquam
1799 4910 1974 4982 gustarunt
1996 4901 2075 4984 quid
2096 4901 2209 4967 valeat

219 4982 281 5047 sub
310 4983 476 5046 aerumnis
502 4979 636 5064 patitur.
681 4977 791 5043 David
821 4998 899 5077 ergo
923 4999 987 5044 uno
1009 4980 1186 5044 cei-tamine
1238 4978 1302 5044 Dei
1335 4978 1449 5062 gratia,
1483 4989 1522 5045 ut
1553 4983 1586 5045 in
1621 5004 1694 5047 eam
1726 4987 1910 5069 respiciant.
1962 4988 2073 5053 Deum
2105 4988 2209 5053 robur

220 5065 401 5142 defunctus,
425 5064 465 5132 ad
487 5066 552 5129 alia
574 5063 722 5130 obeunda
744 5083 778 5128 se
801 5061 841 5128 de
858 5073 987 5146 integro
1009 5072 1184 5148 comparat.
1237 5084 1332 5130 suum
1363 5064 1508 5130 vocando
1546 5067 1662 5134 melius
1698 5071 1877 5149 confirmat,
1929 5093 1995 5137 non
2034 5071 2132 5138 modo
2171 5073 2208 5138 iri

220 5149 307 5231 Quia
328 5161 437 5215 autom
459 5151 543 5216 nihil
565 5151 671 5235 magis
692 5147 823 5217 difficile
853 5157 903 5214 est
925 5169 1024 5231 quam
1046 5150 1186 5216 tribuere
1237 5149 1352 5214 umbra
1381 5157 1414 5214 et
1441 5152 1549 5232 quiete
1579 5175 1613 5218 se
1645 5175 1836 5238 persuasum
1871 5158 1972 5224 fuisse
2007 5158 2047 5224 de
2081 5158 2208 5223 auxilio

217 5234 292 5300 Deo
315 5236 404 5300 hunc
427 5235 592 5318 honorem,
620 5245 657 5301 ut
679 5235 719 5301 ab
741 5255 779 5300 eo
801 5234 1000 5321 pendeamus
1029 5256 1126 5318 quum
1151 5254 1185 5300 se
1236 5232 1310 5312 Dei,
1350 5231 1407 5299 sed
1439 5235 1573 5302 eandem
1606 5239 1704 5304 fidem
1742 5241 1776 5305 in
1810 5243 1934 5309 ultimis
1967 5243 2208 5311 tentationibus
